<?xml version='1.0' encoding='UTF-8'?>
<alto xmlns:xsi="http://www.w3.org/2001/XMLSchema-instance" xmlns="http://www.loc.gov/standards/alto/ns-v4#" xsi:schemaLocation="http://www.loc.gov/standards/alto/ns-v4# http://www.loc.gov/standards/alto/v4/alto-4-2.xsd">
  <Description>
    <MeasurementUnit>pixel</MeasurementUnit>
    <sourceImageInformation>
      <fileName>bsb00027764_00199.jpg</fileName>
    </sourceImageInformation>
  </Description>
  <Tags>
    <OtherTag ID="BT7" LABEL="CustomZone" DESCRIPTION="block type CustomZone"/><OtherTag ID="BT8" LABEL="DamageZone" DESCRIPTION="block type DamageZone"/><OtherTag ID="BT9" LABEL="DigitizationArtefactZone" DESCRIPTION="block type DigitizationArtefactZone"/><OtherTag ID="BT10" LABEL="DropCapitalZone" DESCRIPTION="block type DropCapitalZone"/><OtherTag ID="BT11" LABEL="GraphicZone" DESCRIPTION="block type GraphicZone"/><OtherTag ID="BT12" LABEL="MainZone" DESCRIPTION="block type MainZone"/><OtherTag ID="BT13" LABEL="MarginTextZone" DESCRIPTION="block type MarginTextZone"/><OtherTag ID="BT14" LABEL="MusicZone" DESCRIPTION="block type MusicZone"/><OtherTag ID="BT15" LABEL="NumberingZone" DESCRIPTION="block type NumberingZone"/><OtherTag ID="BT17" LABEL="QuireMarksZone" DESCRIPTION="block type QuireMarksZone"/><OtherTag ID="BT18" LABEL="RunningTitleZone" DESCRIPTION="block type RunningTitleZone"/><OtherTag ID="BT19" LABEL="SealZone" DESCRIPTION="block type SealZone"/><OtherTag ID="BT20" LABEL="StampZone" DESCRIPTION="block type StampZone"/><OtherTag ID="BT21" LABEL="TableZone" DESCRIPTION="block type TableZone"/><OtherTag ID="BT22" LABEL="TitlePageZone" DESCRIPTION="block type TitlePageZone"/><OtherTag ID="BT3412" LABEL="MainZone-Sp-Continued" DESCRIPTION="block type MainZone-Sp-Continued"/><OtherTag ID="BT3413" LABEL="MainZone-Sp" DESCRIPTION="block type MainZone-Sp"/><OtherTag ID="BT3414" LABEL="MainZone-P-Continued" DESCRIPTION="block type MainZone-P-Continued"/><OtherTag ID="BT3415" LABEL="MainZone-P" DESCRIPTION="block type MainZone-P"/><OtherTag ID="BT3416" LABEL="MainZone-Head" DESCRIPTION="block type MainZone-Head"/>
    <OtherTag ID="LT7" LABEL="CustomLine" DESCRIPTION="line type CustomLine"/><OtherTag ID="LT8" LABEL="DefaultLine" DESCRIPTION="line type DefaultLine"/><OtherTag ID="LT9" LABEL="DropCapitalLine" DESCRIPTION="line type DropCapitalLine"/><OtherTag ID="LT10" LABEL="HeadingLine" DESCRIPTION="line type HeadingLine"/><OtherTag ID="LT11" LABEL="InterlinearLine" DESCRIPTION="line type InterlinearLine"/><OtherTag ID="LT12" LABEL="MusicLine" DESCRIPTION="line type MusicLine"/>
  </Tags>
  <Layout>
    <Page WIDTH="1176" HEIGHT="1853" PHYSICAL_IMG_NR="26" ID="eSc_dummypage_">
      <PrintSpace HPOS="0" VPOS="0" WIDTH="1176" HEIGHT="1853">
        <TextBlock HPOS="146" VPOS="177" WIDTH="717" HEIGHT="63" ID="block_1" TAGREFS="BT18">
          <Shape><Polygon POINTS="863 177 863 240 146 240 146 177"/></Shape>
          <TextLine ID="line_1" TAGREFS="LT8" BASELINE="147 227 465 227 849 208" HPOS="146" VPOS="182" WIDTH="703" HEIGHT="60">
            <Shape><Polygon POINTS="845 182 835 182 824 182 814 182 804 182 793 182 783 182 773 182 767 182 766 183 721 183 719 182 711 182 701 182 690 182 680 182 670 182 660 182 649 182 639 182 629 182 623 182 607 185 601 182 598 182 588 182 577 182 568 182 555 187 519 182 515 182 505 182 495 182 485 182 482 183 463 192 420 192 399 186 398 186 397 186 361 193 333 185 330 184 329 184 328 184 327 184 324 185 307 191 280 186 274 185 273 185 267 186 241 190 146 188 147 227 147 237 225 236 227 236 234 241 235 241 236 241 237 241 238 241 259 236 287 242 288 242 323 234 336 241 337 241 338 241 398 240 433 239 434 239 435 239 435 238 443 230 444 230 468 238 469 238 470 238 534 236 535 236 536 236 536 235 545 228 546 227 548 228 575 235 576 235 577 235 671 232 672 232 673 232 673 231 681 224 682 224 711 230 712 230 751 222 758 220 799 220 803 221 822 227 823 227 824 227 825 227 826 227 826 226 834 220 835 219 848 219 849 208 846 182 845 182"/></Shape>
            <String CONTENT="IN EPI. PAV. AD TIM. I. 100" HPOS="146" VPOS="182" WIDTH="703" HEIGHT="60" WC="0.9907534365300779"/>
          </TextLine>
        </TextBlock>
        <TextBlock HPOS="69" VPOS="241" WIDTH="805" HEIGHT="456" ID="block_2" TAGREFS="BT3414">
          <Shape><Polygon POINTS="874 241 874 662 69 697 69 241"/></Shape>
          <TextLine ID="line_2" TAGREFS="LT8" BASELINE="67 287 529 285 854 267" HPOS="66" VPOS="249" WIDTH="788" HEIGHT="59">
            <Shape><Polygon POINTS="849 249 839 249 828 249 818 249 808 249 798 249 787 249 777 249 767 249 756 249 746 249 736 249 725 249 716 249 700 251 696 249 695 249 684 249 674 249 664 249 653 249 643 249 633 249 632 249 630 251 571 253 557 250 551 249 550 249 540 249 530 249 520 249 509 249 499 249 491 249 477 252 457 257 307 259 300 255 287 249 283 249 272 249 262 249 252 249 250 249 170 257 80 252 79 252 78 252 66 258 67 287 67 306 116 303 121 305 128 308 129 308 130 308 153 304 179 300 186 303 194 308 195 308 196 308 261 307 262 307 286 301 298 298 305 300 319 305 320 305 321 305 364 300 450 303 451 303 483 296 489 295 491 296 505 302 506 302 507 302 557 301 591 300 592 300 606 293 610 291 640 292 716 295 717 295 718 295 719 295 727 290 728 289 731 290 747 293 748 293 854 286 854 267 852 249 849 249"/></Shape>
            <String CONTENT="gilantes poſſint occurrere Chriſto uenienti ad iudici¬" HPOS="66" VPOS="249" WIDTH="788" HEIGHT="59" WC="0.99300918424571"/>
          </TextLine>
          <TextLine ID="line_3" TAGREFS="LT8" BASELINE="68 335 413 337 853 320" HPOS="68" VPOS="287" WIDTH="785" HEIGHT="71">
            <Shape><Polygon POINTS="68 351 137 358 139 358 140 358 141 358 151 350 180 348 208 348 209 348 233 356 234 356 235 356 236 356 253 351 296 355 297 355 346 348 504 350 505 350 542 342 548 341 549 342 556 346 557 346 558 346 559 346 560 346 576 341 582 339 670 338 679 340 702 344 703 344 704 344 705 344 711 339 714 337 727 339 759 343 761 343 762 343 776 338 782 335 813 335 816 337 822 342 823 342 824 342 825 342 853 336 853 320 851 289 766 287 765 287 764 287 755 291 744 296 735 291 729 288 728 288 727 288 705 292 690 294 666 293 640 291 639 291 638 291 633 293 617 301 584 294 576 293 575 293 565 295 527 303 503 296 492 293 491 293 490 293 489 293 480 297 475 299 453 297 435 296 434 296 433 296 432 296 430 298 418 306 339 307 317 300 306 297 305 297 304 297 303 297 302 297 298 301 290 308 280 304 279 304 278 304 250 310 183 310 173 303 168 300 167 300 166 300 165 300 129 304 90 309 68 306 68 335 68 351"/></Shape>
            <String CONTENT="um, ſcientes &amp; ſe tunc glorificandos. Sicut de quin" HPOS="68" VPOS="287" WIDTH="785" HEIGHT="71" WC="0.9848437676062951"/>
          </TextLine>
          <TextLine ID="line_4" TAGREFS="LT8" BASELINE="72 389 402 387 856 367" HPOS="71" VPOS="331" WIDTH="785" HEIGHT="77">
            <Shape><Polygon POINTS="71 375 72 389 72 408 106 402 212 405 234 405 235 405 243 404 259 400 265 403 273 407 274 407 275 407 325 401 359 397 364 400 369 402 370 402 371 402 423 398 458 395 472 396 511 400 512 400 555 393 583 389 595 392 612 397 613 397 614 397 644 391 723 393 724 393 725 393 741 387 752 382 776 386 812 391 813 391 814 391 829 383 836 381 854 382 856 367 852 331 816 340 789 333 787 333 786 333 785 333 779 334 715 344 692 338 690 338 689 338 688 338 687 338 678 346 633 346 620 340 616 338 615 338 614 338 594 341 545 351 476 352 460 347 450 344 448 344 447 344 446 344 445 344 445 345 442 347 436 354 383 354 371 351 357 346 356 346 355 346 354 346 342 352 335 356 297 354 270 353 269 353 237 357 216 359 208 358 177 352 176 352 118 358 80 355 79 355 78 355 77 355 77 356 75 357 71 375"/></Shape>
            <String CONTENT="prudẽtibus uirginibus habet parabola. Id quod legis" HPOS="71" VPOS="331" WIDTH="785" HEIGHT="77" WC="0.9986469894647598"/>
          </TextLine>
          <TextLine ID="line_5" TAGREFS="LT8" BASELINE="72 438 385 436 854 416" HPOS="71" VPOS="383" WIDTH="783" HEIGHT="74">
            <Shape><Polygon POINTS="71 425 72 438 72 453 170 449 176 451 188 457 189 457 190 457 222 450 234 456 235 456 236 456 237 456 254 450 371 451 372 451 427 444 435 449 436 449 437 449 438 449 487 441 488 441 537 446 538 446 539 446 540 446 550 439 551 438 551 439 563 444 564 444 565 444 596 438 631 443 632 443 696 440 697 440 710 433 711 433 720 433 802 436 803 436 854 428 854 416 851 383 799 393 749 390 748 390 712 395 687 390 686 390 685 390 684 390 634 398 614 392 609 391 608 391 607 391 606 391 605 391 605 392 604 393 600 396 535 396 534 396 504 402 482 397 479 397 478 397 477 397 476 397 468 404 412 404 392 401 375 398 374 398 373 398 372 398 372 399 369 401 364 406 271 405 171 404 170 404 169 404 146 410 132 413 127 410 118 406 117 406 116 406 73 412 71 425"/></Shape>
            <String CONTENT="fere ubi in nouo teſtamento, præcipue in concioni¬" HPOS="71" VPOS="383" WIDTH="783" HEIGHT="74" WC="0.9930363624703651"/>
          </TextLine>
          <TextLine ID="line_6" TAGREFS="LT8" BASELINE="72 485 371 485 863 465" HPOS="72" VPOS="431" WIDTH="791" HEIGHT="77">
            <Shape><Polygon POINTS="72 468 72 485 72 500 128 500 129 500 168 508 169 508 170 508 171 508 171 507 180 500 204 507 205 507 206 507 208 507 246 498 327 503 328 503 329 503 342 498 475 499 476 499 477 499 499 488 528 497 529 497 530 497 576 496 577 496 592 488 608 495 609 495 610 495 660 483 661 483 709 492 710 492 756 480 863 476 863 465 861 432 791 431 790 431 789 431 783 434 767 442 707 443 689 437 682 434 681 434 680 434 679 434 668 437 650 442 625 438 619 438 618 438 617 438 615 439 602 445 564 442 563 442 562 442 544 448 530 441 525 439 524 439 523 439 453 441 452 441 451 441 447 444 437 452 274 458 252 458 239 450 237 448 236 448 235 448 234 448 164 450 163 450 162 450 160 452 154 457 133 453 120 451 119 451 75 455 72 468"/></Shape>
            <String CONTENT="bus Ieſu ſaluatoris, &amp; epiſtolis Pauli:ad quem diem" HPOS="72" VPOS="431" WIDTH="791" HEIGHT="77" WC="0.997565485683142"/>
          </TextLine>
          <TextLine ID="line_7" TAGREFS="LT8" BASELINE="74 535 355 535 597 522 865 516" HPOS="74" VPOS="482" WIDTH="791" HEIGHT="73">
            <Shape><Polygon POINTS="74 546 133 546 135 546 162 554 163 554 164 555 212 555 212 554 346 551 407 542 443 549 444 549 445 549 480 539 574 541 575 541 576 541 577 541 584 536 585 536 586 536 674 544 675 544 676 544 702 537 720 543 721 543 722 543 778 532 806 541 807 541 808 541 809 541 832 530 863 529 865 516 862 482 821 482 820 482 819 482 818 482 807 490 787 485 786 485 785 485 784 485 778 491 745 484 743 484 742 484 741 484 740 484 703 495 687 485 686 485 685 485 684 485 677 485 585 495 545 488 543 488 542 488 539 488 478 500 448 491 447 491 446 491 445 491 444 491 432 502 350 503 271 495 270 495 269 495 246 506 179 506 169 500 168 500 167 500 166 500 113 507 99 499 98 499 97 499 74 499 74 535 74 546"/></Shape>
            <String CONTENT="hac uita perfuncti omnes ſeruantur exuſcitandi, &amp; ta" HPOS="74" VPOS="482" WIDTH="791" HEIGHT="73" WC="0.9898792952299118"/>
          </TextLine>
          <TextLine ID="line_8" TAGREFS="LT8" BASELINE="74 583 310 585 591 571 859 564" HPOS="72" VPOS="530" WIDTH="787" HEIGHT="74">
            <Shape><Polygon POINTS="74 583 74 596 99 596 104 597 126 604 127 604 128 604 160 597 187 603 188 603 189 603 190 603 191 603 200 598 370 598 371 598 372 598 398 589 400 589 402 589 414 595 416 595 417 595 465 588 468 588 471 588 495 591 496 591 497 591 498 591 502 587 506 584 520 587 545 592 546 592 547 592 571 586 585 581 728 579 742 582 753 584 754 584 755 584 766 581 784 577 794 581 808 586 809 586 810 586 858 579 859 564 856 530 756 540 709 535 708 535 707 535 688 541 660 534 653 533 652 533 641 534 591 543 573 536 572 536 571 536 568 536 522 546 503 538 501 537 500 537 499 537 470 538 469 538 468 538 452 549 396 541 395 541 394 541 393 541 375 551 344 543 343 543 342 543 341 543 322 553 187 556 146 547 145 547 72 547 74 583"/></Shape>
            <String CONTENT="les ſeruantur, quales hinc abierimus. Tunc omnes ſi¬" HPOS="72" VPOS="530" WIDTH="787" HEIGHT="74" WC="0.9963657626738915"/>
          </TextLine>
          <TextLine ID="line_9" TAGREFS="LT8" BASELINE="75 635 340 634 656 617 865 611" HPOS="73" VPOS="576" WIDTH="792" HEIGHT="79">
            <Shape><Polygon POINTS="75 635 75 648 158 647 159 647 169 654 170 654 171 654 173 655 204 655 204 654 205 654 220 649 361 649 362 649 363 649 364 649 364 648 369 644 399 648 400 648 492 638 515 636 521 637 538 643 539 643 540 643 541 643 557 636 564 634 572 636 593 642 594 642 595 642 628 640 629 640 640 634 645 631 744 628 758 631 789 636 790 636 791 636 811 630 822 625 832 628 846 634 847 634 848 634 849 634 865 627 865 611 863 583 848 576 847 576 846 576 845 576 822 583 806 577 805 577 804 577 803 577 779 584 762 578 761 578 759 578 727 584 692 580 690 580 656 587 643 590 639 588 630 582 629 582 628 582 627 582 590 589 561 595 539 590 538 590 537 590 532 590 402 599 393 593 392 592 391 592 390 592 389 592 388 592 385 593 364 602 296 603 255 597 248 596 247 596 246 596 245 596 244 597 228 606 170 607 151 599 149 598 148 598 147 598 73 600 75 635"/></Shape>
            <String CONTENT="mul reprobi damnabuntur, omnes ſimul electi glori¬" HPOS="73" VPOS="576" WIDTH="792" HEIGHT="79" WC="0.999284166097641"/>
          </TextLine>
          <TextLine ID="line_10" TAGREFS="LT8" BASELINE="77 685 256 685" HPOS="77" VPOS="643" WIDTH="179" HEIGHT="61">
            <Shape><Polygon POINTS="77 685 77 704 256 698 256 685 256 655 206 647 205 647 190 650 174 654 155 648 142 643 141 643 140 643 139 643 132 646 119 654 108 645 107 643 106 643 105 643 77 643 77 685"/></Shape>
            <String CONTENT="ficabuntur." HPOS="77" VPOS="643" WIDTH="179" HEIGHT="61" WC="0.9989979700608687"/>
          </TextLine>
        </TextBlock>
        <TextBlock HPOS="103" VPOS="671" WIDTH="732" HEIGHT="85" ID="block_3" TAGREFS="BT3416">
          <Shape><Polygon POINTS="103 700 103 756 835 732 830 671"/></Shape>
          <TextLine ID="line_11" TAGREFS="LT8" BASELINE="125 745 812 717" HPOS="120" VPOS="668" WIDTH="691" HEIGHT="90">
            <Shape><Polygon POINTS="237 685 216 694 120 694 123 758 278 758 811 731 806 677 678 680 655 668 574 685 534 674 499 688 424 677 381 687 356 680 341 694 310 685 273 697 237 685"/></Shape>
            <String CONTENT="Et ſolus habet immortalitatem." HPOS="120" VPOS="668" WIDTH="691" HEIGHT="90"/>
          </TextLine>
        </TextBlock>
        <TextBlock HPOS="80" VPOS="733" WIDTH="819" HEIGHT="232" ID="block_4" TAGREFS="BT3415">
          <Shape><Polygon POINTS="892 733 899 934 80 965 80 770"/></Shape>
          <TextLine ID="line_12" TAGREFS="LT8" BASELINE="99 797 371 795 665 776 869 767" HPOS="97" VPOS="737" WIDTH="772" HEIGHT="81">
            <Shape><Polygon POINTS="99 797 99 812 106 816 107 816 108 816 109 816 135 811 176 818 177 818 385 803 436 808 437 808 438 808 464 798 542 794 593 799 594 799 595 799 621 790 625 789 628 789 645 793 646 793 689 787 693 787 703 794 704 794 705 794 706 794 766 784 776 782 869 780 869 767 866 737 747 737 746 737 745 737 721 744 702 749 660 747 592 743 591 743 590 743 573 751 561 757 548 752 535 748 534 748 533 748 532 748 516 754 505 759 433 762 421 759 399 753 398 753 397 753 396 753 395 753 385 761 379 764 367 761 341 756 340 756 339 756 338 756 329 763 325 767 226 771 219 770 175 759 174 759 173 759 171 759 162 767 151 761 150 761 149 761 115 764 114 764 113 764 97 774 99 797"/></Shape>
            <String CONTENT="Fruſtra ergo aliunde petieris, ut ſis immortalis. Ita" HPOS="97" VPOS="737" WIDTH="772" HEIGHT="81" WC="0.991172693810373"/>
          </TextLine>
          <TextLine ID="line_13" TAGREFS="LT8" BASELINE="80 848 361 845 718 820 867 816" HPOS="78" VPOS="779" WIDTH="789" HEIGHT="90">
            <Shape><Polygon POINTS="80 848 82 869 113 860 142 866 147 867 148 867 163 865 217 858 232 862 237 863 238 863 239 863 294 859 402 850 426 852 443 854 444 854 464 850 491 845 503 848 512 851 513 851 514 851 515 851 531 847 556 841 570 845 580 848 581 848 582 848 583 848 593 844 606 836 867 829 867 816 863 790 838 785 837 785 810 790 796 779 794 779 793 779 792 779 791 779 755 788 724 782 723 782 686 790 677 784 676 784 675 784 674 784 673 784 647 795 645 796 642 795 610 787 609 787 608 787 607 787 574 797 561 801 548 798 521 791 520 791 519 791 517 791 501 799 487 808 469 809 417 810 397 802 392 800 391 800 390 800 389 800 388 800 385 802 371 813 245 817 210 808 205 807 204 807 203 807 202 807 201 807 200 808 184 819 160 809 156 808 155 808 154 808 78 811 80 848"/></Shape>
            <String CONTENT="Jolus habet immortalitatem, ſicut ſolus habet uitam," HPOS="78" VPOS="779" WIDTH="789" HEIGHT="90" WC="0.9972969201894907"/>
          </TextLine>
          <TextLine ID="line_14" TAGREFS="LT8" BASELINE="80 894 290 896 616 875 870 864" HPOS="78" VPOS="835" WIDTH="792" HEIGHT="84">
            <Shape><Polygon POINTS="80 894 80 913 90 919 91 919 92 919 93 919 133 911 198 916 199 916 269 913 270 913 271 913 271 912 278 906 363 908 364 908 365 908 366 908 377 902 436 902 437 902 438 902 464 896 464 895 476 895 589 892 605 898 606 898 607 898 680 890 701 894 702 894 703 894 718 888 749 892 750 892 751 892 773 883 775 883 779 883 817 887 818 887 869 879 870 864 867 835 707 835 706 835 647 845 645 845 644 845 623 840 621 840 620 840 619 840 618 840 607 847 604 849 561 850 557 849 539 843 538 843 537 843 536 843 515 851 511 853 369 858 363 857 330 852 329 852 274 861 266 862 262 862 227 857 226 857 225 857 212 864 211 864 208 864 174 861 173 861 136 867 130 868 127 868 108 861 107 861 106 861 105 861 78 869 80 894"/></Shape>
            <String CONTENT="qui &amp; ipſa uita eſt. Cæterum de immortali &amp; beato" HPOS="78" VPOS="835" WIDTH="792" HEIGHT="84" WC="0.9943337817581333"/>
          </TextLine>
          <TextLine ID="line_15" TAGREFS="LT8" BASELINE="80 947 260 947 493 934" HPOS="79" VPOS="903" WIDTH="414" HEIGHT="67">
            <Shape><Polygon POINTS="80 947 80 958 122 958 123 958 157 968 158 968 159 968 193 961 209 970 210 970 211 970 212 970 327 967 351 966 352 966 353 966 353 965 369 951 410 949 426 959 427 959 428 959 429 959 430 959 431 959 431 958 441 947 492 945 493 934 492 912 467 903 466 903 465 903 355 915 348 915 346 915 312 906 310 906 309 906 284 916 279 919 186 921 183 919 177 913 177 912 176 912 175 912 156 912 155 912 154 912 153 912 144 919 142 920 136 920 94 914 93 914 92 914 79 920 80 947"/></Shape>
            <String CONTENT="deo dixi quo ſupra cap.I." HPOS="79" VPOS="903" WIDTH="414" HEIGHT="67" WC="0.9982815018066993"/>
          </TextLine>
        </TextBlock>
        <TextBlock HPOS="239" VPOS="952" WIDTH="457" HEIGHT="65" ID="block_5" TAGREFS="BT3416">
          <Shape><Polygon POINTS="243 976 239 1017 696 993 694 952"/></Shape>
          <TextLine ID="line_16" TAGREFS="LT8" BASELINE="274 1002 678 977" HPOS="270" VPOS="934" WIDTH="406" HEIGHT="85">
            <Shape><Polygon POINTS="273 1000 273 1019 288 1017 304 1017 319 1016 335 1016 350 1014 366 1014 381 1012 394 1012 404 1011 412 1011 414 1011 676 991 676 975 673 943 624 934 622 934 571 937 570 937 568 937 553 949 392 957 366 951 364 951 363 951 361 951 360 951 341 963 270 963 273 1000"/></Shape>
            <String CONTENT="Lucem inacceſſam." HPOS="270" VPOS="934" WIDTH="406" HEIGHT="85" WC="0.9963539277806002"/>
          </TextLine>
        </TextBlock>
        <TextBlock HPOS="82" VPOS="991" WIDTH="793" HEIGHT="275" ID="block_6" TAGREFS="BT3415">
          <Shape><Polygon POINTS="875 991 864 1224 89 1266 82 1033"/></Shape>
          <TextLine ID="line_17" TAGREFS="LT8" BASELINE="106 1061 307 1058 756 1026 868 1022" HPOS="102" VPOS="991" WIDTH="766" HEIGHT="90">
            <Shape><Polygon POINTS="853 991 843 991 833 991 822 991 812 991 802 991 791 991 785 991 756 995 740 991 730 991 721 991 694 1000 690 1001 686 1001 648 994 647 994 646 994 645 994 639 999 616 997 615 997 614 997 597 1005 593 1007 588 1006 563 999 562 999 561 999 480 1011 478 1011 477 1011 456 1009 455 1009 454 1009 446 1014 440 1017 435 1015 426 1010 425 1010 424 1010 423 1010 412 1016 404 1020 336 1023 330 1020 325 1016 324 1016 323 1016 322 1016 321 1016 309 1021 299 1025 287 1022 282 1021 281 1021 280 1021 279 1021 278 1021 275 1023 269 1028 228 1029 221 1025 212 1021 211 1021 210 1021 102 1031 106 1061 106 1076 160 1074 161 1074 171 1081 173 1081 174 1081 175 1081 288 1074 289 1074 290 1074 290 1073 295 1068 479 1063 480 1063 498 1054 499 1054 502 1054 547 1059 548 1059 549 1059 576 1050 576 1049 634 1045 637 1045 667 1052 668 1052 669 1052 699 1041 731 1040 763 1038 784 1044 785 1044 786 1044 787 1044 806 1035 807 1035 809 1035 838 1038 839 1038 868 1031 868 1022 866 992 855 991 853 991"/></Shape>
            <String CONTENT="Id eſt, hominibus incomprehẽſam: id quod exponit" HPOS="102" VPOS="991" WIDTH="766" HEIGHT="90" WC="0.9994422890702073"/>
          </TextLine>
          <TextLine ID="line_18" TAGREFS="LT8" BASELINE="85 1107 343 1104 650 1080 867 1070" HPOS="83" VPOS="1038" WIDTH="784" HEIGHT="91">
            <Shape><Polygon POINTS="85 1107 85 1125 142 1129 143 1129 144 1129 145 1129 153 1122 157 1119 167 1121 193 1126 194 1126 335 1120 336 1120 366 1111 395 1116 396 1116 397 1116 413 1110 488 1110 488 1109 489 1109 490 1109 500 1102 503 1100 512 1101 529 1104 530 1104 531 1104 539 1100 543 1098 556 1099 573 1101 574 1101 575 1101 581 1098 586 1095 750 1088 754 1088 782 1094 783 1094 784 1094 803 1086 803 1085 866 1081 867 1070 865 1047 805 1038 804 1038 744 1049 732 1042 731 1042 730 1042 686 1044 685 1044 684 1044 684 1045 676 1053 669 1047 668 1047 667 1047 666 1047 602 1056 559 1051 558 1051 557 1051 526 1059 503 1065 424 1063 422 1063 421 1063 420 1063 367 1072 356 1065 355 1064 354 1064 353 1064 323 1064 322 1064 321 1064 314 1066 283 1077 180 1082 152 1082 126 1072 125 1072 124 1072 123 1072 83 1073 85 1107"/></Shape>
            <String CONTENT="dicens, quem uidit nemo, &amp;c. Vide annotata Ioan.I." HPOS="83" VPOS="1038" WIDTH="784" HEIGHT="91" WC="0.9959757578372955"/>
          </TextLine>
          <TextLine ID="line_19" TAGREFS="LT8" BASELINE="87 1160 321 1155 555 1135 868 1117" HPOS="85" VPOS="1088" WIDTH="783" HEIGHT="90">
            <Shape><Polygon POINTS="87 1160 88 1174 148 1169 152 1171 160 1177 161 1177 162 1177 163 1178 182 1178 182 1177 183 1177 222 1167 227 1166 232 1166 271 1171 272 1171 273 1171 274 1171 284 1163 285 1162 288 1163 305 1170 306 1170 307 1170 360 1162 408 1165 409 1165 410 1165 447 1155 470 1161 471 1161 472 1161 542 1158 543 1158 578 1146 581 1144 695 1139 698 1139 749 1146 750 1146 751 1146 782 1135 825 1142 826 1142 827 1142 868 1129 868 1117 866 1091 749 1088 748 1088 692 1100 688 1100 686 1100 654 1093 653 1093 652 1093 634 1103 633 1103 623 1096 621 1096 620 1096 619 1096 618 1096 617 1096 617 1097 609 1104 594 1097 593 1097 592 1097 558 1098 505 1109 501 1111 363 1117 362 1117 343 1111 342 1111 341 1111 340 1111 313 1121 312 1121 310 1121 301 1116 300 1116 299 1116 227 1125 217 1126 214 1126 180 1119 179 1119 104 1125 102 1125 85 1131 87 1160"/></Shape>
            <String CONTENT="&amp; Eſaiæ 6. Vnde ergo cognoſcimus deum, ſine quo" HPOS="85" VPOS="1088" WIDTH="783" HEIGHT="90" WC="0.9856521994509595"/>
          </TextLine>
          <TextLine ID="line_20" TAGREFS="LT8" BASELINE="88 1206 341 1203 572 1183 867 1168" HPOS="86" VPOS="1136" WIDTH="781" HEIGHT="94">
            <Shape><Polygon POINTS="88 1206 88 1218 128 1230 129 1230 130 1230 131 1230 149 1224 344 1219 346 1219 389 1207 411 1213 412 1213 413 1213 414 1213 436 1206 514 1211 515 1211 516 1211 517 1211 537 1197 547 1202 548 1202 549 1202 647 1193 663 1200 664 1200 665 1200 666 1200 688 1190 692 1190 738 1192 739 1192 784 1185 814 1192 815 1192 867 1180 867 1168 865 1144 808 1136 807 1136 759 1143 721 1141 720 1141 719 1141 688 1149 652 1144 651 1144 607 1151 597 1146 596 1146 595 1146 594 1146 593 1146 593 1147 588 1151 555 1148 554 1148 552 1148 531 1158 527 1159 525 1158 506 1150 505 1150 504 1150 503 1150 502 1150 489 1159 486 1161 477 1160 441 1154 440 1154 439 1154 410 1163 398 1166 377 1164 335 1159 334 1159 333 1159 319 1166 310 1171 243 1173 228 1170 209 1165 208 1165 206 1165 205 1165 192 1171 182 1176 86 1176 88 1206"/></Shape>
            <String CONTENT="non poſſumus eſſe beati? Reſpondeo, lege I. Ioan.4." HPOS="86" VPOS="1136" WIDTH="781" HEIGHT="94" WC="0.9984863575767068"/>
          </TextLine>
          <TextLine ID="line_21" TAGREFS="LT8" BASELINE="90 1255 285 1257" HPOS="89" VPOS="1224" WIDTH="196" HEIGHT="47">
            <Shape><Polygon POINTS="90 1255 89 1268 283 1271 285 1257 285 1232 263 1224 262 1224 217 1224 216 1224 215 1224 214 1224 206 1230 90 1227 90 1255"/></Shape>
            <String CONTENT="&amp; inuenies." HPOS="89" VPOS="1224" WIDTH="196" HEIGHT="47" WC="0.998370809988542"/>
          </TextLine>
        </TextBlock>
        <TextBlock HPOS="309" VPOS="1258" WIDTH="322" HEIGHT="57" ID="block_7" TAGREFS="BT3416">
          <Shape><Polygon POINTS="309 1269 311 1315 631 1306 631 1258"/></Shape>
          <TextLine ID="line_22" TAGREFS="LT8" BASELINE="348 1304 620 1295" HPOS="344" VPOS="1246" WIDTH="275" HEIGHT="72">
            <Shape><Polygon POINTS="347 1303 347 1318 363 1317 369 1317 392 1312 421 1314 424 1314 440 1314 455 1312 471 1312 486 1312 502 1310 517 1310 533 1309 548 1309 564 1307 579 1307 594 1306 599 1306 618 1304 619 1294 615 1252 565 1256 526 1246 525 1246 523 1246 432 1261 380 1253 378 1253 344 1260 347 1303"/></Shape>
            <String CONTENT="Depoſitum." HPOS="344" VPOS="1246" WIDTH="275" HEIGHT="72" WC="0.999516898393631"/>
          </TextLine>
        </TextBlock>
        <TextBlock HPOS="93" VPOS="1296" WIDTH="793" HEIGHT="141" ID="block_8" TAGREFS="BT3415">
          <Shape><Polygon POINTS="886 1296 879 1393 95 1437 93 1333"/></Shape>
          <TextLine ID="line_23" TAGREFS="LT8" BASELINE="116 1367 350 1365 711 1341 851 1339" HPOS="114" VPOS="1301" WIDTH="738" HEIGHT="92">
            <Shape><Polygon POINTS="844 1301 834 1301 813 1308 764 1301 762 1301 751 1301 741 1301 731 1301 720 1301 717 1301 716 1301 715 1301 712 1304 705 1309 689 1305 679 1302 678 1302 677 1302 610 1305 609 1305 593 1310 578 1314 564 1311 545 1308 544 1308 498 1310 497 1310 496 1310 496 1311 491 1315 491 1316 489 1315 478 1311 477 1311 476 1311 475 1311 465 1316 450 1325 385 1327 370 1321 367 1320 366 1320 365 1320 364 1320 363 1320 361 1322 353 1330 259 1331 251 1327 244 1325 243 1325 241 1325 240 1325 239 1325 234 1329 224 1336 190 1336 173 1332 152 1327 151 1327 114 1335 116 1367 117 1382 153 1382 181 1393 182 1393 183 1393 184 1393 219 1380 220 1380 221 1380 260 1390 261 1390 262 1390 312 1388 313 1388 314 1388 330 1378 353 1382 354 1382 355 1382 356 1382 363 1376 368 1373 402 1373 407 1375 419 1383 420 1383 421 1383 422 1383 465 1381 466 1381 467 1381 476 1374 478 1372 481 1374 498 1380 499 1380 500 1380 501 1380 524 1373 533 1370 565 1371 566 1371 567 1371 568 1371 574 1365 586 1371 588 1371 589 1371 590 1371 593 1371 660 1357 771 1353 796 1366 797 1366 798 1366 799 1366 852 1364 851 1339 846 1301 844 1301"/></Shape>
            <String CONTENT="Id quod tibi creditum eſt, ſcilicet doctrinam &amp; oh" HPOS="114" VPOS="1301" WIDTH="738" HEIGHT="92" WC="0.9678567731380463"/>
          </TextLine>
          <TextLine ID="line_24" TAGREFS="LT8" BASELINE="93 1416 197 1416" HPOS="93" VPOS="1378" WIDTH="104" HEIGHT="54">
            <Shape><Polygon POINTS="93 1416 93 1425 129 1432 130 1432 197 1425 197 1416 197 1392 115 1378 114 1378 113 1378 112 1378 93 1390 93 1416"/></Shape>
            <String CONTENT="cium." HPOS="93" VPOS="1378" WIDTH="104" HEIGHT="54" WC="0.998797869682312"/>
          </TextLine>
        </TextBlock>
        <TextBlock HPOS="356" VPOS="1461" WIDTH="254" HEIGHT="60" ID="block_9" TAGREFS="BT3415">
          <Shape><Polygon POINTS="610 1461 610 1521 356 1521 356 1461"/></Shape>
          <TextLine ID="line_25" TAGREFS="LT8" BASELINE="373 1509 591 1497" HPOS="370" VPOS="1449" WIDTH="221" HEIGHT="70">
            <Shape><Polygon POINTS="373 1509 374 1519 393 1514 408 1518 417 1519 418 1519 447 1516 478 1512 483 1514 490 1516 491 1516 492 1516 493 1516 500 1513 510 1508 517 1512 521 1514 522 1514 523 1514 524 1514 525 1514 530 1511 540 1507 590 1508 591 1497 585 1449 546 1451 545 1451 543 1452 504 1467 477 1459 476 1459 475 1459 474 1459 473 1459 473 1460 464 1471 407 1472 396 1463 394 1461 393 1461 392 1461 391 1461 370 1464 373 1509"/></Shape>
            <String CONTENT="FINIS" HPOS="370" VPOS="1449" WIDTH="221" HEIGHT="70" WC="0.9892182230949402"/>
          </TextLine>
        </TextBlock>
        <TextBlock HPOS="692" VPOS="1504" WIDTH="85" HEIGHT="45" ID="block_10" TAGREFS="BT17">
          <Shape><Polygon POINTS="777 1504 777 1549 692 1549 692 1504"/></Shape>
          <TextLine ID="line_26" TAGREFS="LT8" BASELINE="699 1535 769 1533" HPOS="698" VPOS="1497" WIDTH="71" HEIGHT="67">
            <Shape><Polygon POINTS="765 1497 729 1513 698 1499 699 1535 700 1564 723 1556 768 1562 769 1533 765 1497"/></Shape>
            <String CONTENT="u 4" HPOS="698" VPOS="1497" WIDTH="71" HEIGHT="67" WC="0.9992184440294901"/>
          </TextLine>
        </TextBlock>
      </PrintSpace>
    </Page>
  </Layout>
</alto>
