1177 1883
119 149 642 65 IN EPI. PAVL. AD TIM. I.

86 290 733 55 Iam doctrinæ dæmoniorum dicunt, Hæreticus es.

225 242 461 54 Bonus eris miniſter.

153 365 600 47 Pietas ad omnia utilis, &Ce

85 428 758 39 Pletas inſcriptura (unde piſ dicuntur )eſt vonor

59 450 786 63 dei. Honoras autem deum ſi credis ei, fidis ei, times

61 498 784 66 eum laudas, diligis, ſciens omnia tua eſſe: in ſolo au¬

60 545 788 68 tem deo tuam eſſe ſalutem, & nullam rem, nullam

60 593 789 72 Prorſus iuſtitiam humanam te poſſe liberare à peccas

63 640 786 78 tis, aut ſaluare, ſed ſolam dei gratiam per Chriſtum

64 686 783 76 Ieſum dominum noſtrum. Cõtrà impietas eſt, ubi hæc

66 737 779 77 non adſunt, ut maxime omnia deceptis ſenſibus, &

71 783 768 85 concupiſcentiæ oculorum ſanctiſſima uideantur. Igi¬

66 827 783 79 tur exerceas te ad pietatem, non quod tuo ſtudio ti

68 877 780 88 bi talia parare nitaris, id quod fieri non poteſt: nam

68 924 779 85 hæc habuit iam Timotheus. Sed quando continuò de¬

65 972 782 86 loderio hæc à deo poſtulas, ſciens beatos eſſe qui eſu¬

71 1023 776 85 riunt & ſitiunt iuſtitiam, ut tuam contine, uel ſedulo

68 1075 779 79 lequi te uocationem. Et hæc pietas ad omniautilis

73 1123 775 80 eſt:tua enim ſalus eſt & aliorum, & certa ſalus eſt,

74 1170 778 84 terta autem per uerbum dei. Nam promiſſiones ha¬

74 1222 780 82 bet præſentis uitæ & futuræ, utræ ſaluãt, modò eis

75 1272 777 79 credas. Nam ſi uerbo dei credis, hinc iuſtificaris. Pijs

74 1325 783 70 ut olim multa promittebantur terrena bona, ut eſt in

86 1371 768 82 ege Moyſi, ita & nobis dicitur: Hæc omnia adijcien¬

74 1420 784 86 taruobis. Nam de promiſſionibus uitæ futuræ quid

797 122 37 96 91

671 1481 86 45 in 3
