1203 1884
332 155 729 56 ANNOT. IOANNIS POMERANI

328 221 768 56 Viduæ annos natæ ſexaginta, aut ſunt uere uiduæ et

306 254 791 72 deſolatæ, hæ alantur: aut non ſunt deſolatæ, ſed habẽt

305 304 793 74 liberos aut nepotes, hæ gubernent domum pie, id eſt,

305 352 796 80 in domino & doctrina fidei, & uicem reddant maio¬

307 401 793 81 ribus: id eſt, ſic ſeruiant minoribus ad ſe pertinentibus

314 447 787 82 (quos uocant liberos & nepotes) ſicut ipſis ſeruitum

309 499 795 81 eſt à ſuis maioribus. Quod ſi facere nolunt, fidem ab¬

307 550 798 76 negarunt, & ſunt infidelibus deteriores. Quam enim

309 601 794 74 fidem haberent qui hoc nolũt quod deus uult, & illos

309 646 793 78 abijciunt, quos deus ipſis dedit, quibus niſi ſeruiant,

308 700 795 73 nulli ſeruire poſſunt? Qua quæſo charitate uterentur

310 753 795 66 in alienos, quæ ſuos negligunt & contemnunt? Fides

310 799 799 73 eſſe non poteſt, ubi fructus eius non oſtenditur, nonſo¬

309 848 800 68 lum erga alienos, ſed etiam erga illos ad quos etiã na¬

308 903 288 63 tura propenſa eſt.

442 942 566 83 Porrò quæ uere uidua eſt.

340 1014 769 67 Deſcribit quæ ſit uere uidua, quæ deſolata ſperatur

313 1061 801 71 caſte uictura, tamẽ ſi iunior eſt, nubat & non ſuſcipia¬

313 1110 801 68 tur alenda, tradatur marito alẽda, ne poſtea laſciuiat

314 1161 796 67 in Chriſtum. Sed quis hodie pauperem tradit marito?

314 1216 797 61 Felix hæc ordinatio, ſed non ſeruata. Degenerauit

314 1258 638 75 autem in ſectas perditionis utriuſ ſexus.

413 1318 612 67 Hominum teſtimonio, &c.

345 1386 772 59 Nec omnes uiduas ſexaginta annorum, licet deſolas

315 1428 803 67 tæſint, ſuſcipit: ſed quæ teſtimonio hominum compro¬

315 1478 797 78 batæ ſunt, ne poſtea ſint ſcandalo Chriſtianis inter
