1177 1883
74 151 727 69 IN EPI. PAVLI AD TIM. I. 87

46 228 793 52 I. quæ huc quo confer. Tales deſcribit, qui non jo¬

48 255 786 75 lum docti ſint & potentes in uerbo & fide euangelij

51 307 784 74 Chriſti, & inculpati coram deo: ſed etiã contra quos

50 356 790 71 ne infideles quidem habeant, quod uel iuſte obijciant,

51 407 791 73 aut ſaltem de quo male ſuſpicentur, non ſolum ex pros

54 452 786 78 pria perſona: ſed etiã ex uxore, filijs, familia, &c. ne

55 509 563 71 blaſphemetur bonum dei uerbum, &.

186 555 524 72 Vnius uxoris maritum.

80 610 768 85 Id eſt, qui non habeat ſimul plures uxores, quemadᛘ

60 661 785 79 modum nunc: quidam ex Iudæis, quidam & ex genti¬

60 710 786 81 bus nuper cõuerſis adhuc habebant. Hoc ideo, ne ſint

58 752 787 90 lufpecti de impudicitia. Nõ ergo hic dicitur, quod mor

63 805 782 86 tua uxore non poſſit ducere aliam, quaſi tunc debeat

63 854 755 89 reſignare familiæ, liberis, domui: quæ hicuides, &c.

325 923 268 65 Nouicium.

83 970 768 85 Id eſt, nuper conuerſum, & nondum probatum tene

68 1011 781 89 tationibus: quales fere ſolent putare ſe aliquid eſſe,

69 1062 780 87 cum nihil ſint. Superbiunt enim quaſi fide fortes, &

71 1110 782 87 ueniente tentatione cadũt, & negant, aperientes ora

73 1175 531 74 blaſphemijs contra euangelium dei.

176 1215 581 89 Tenentes myſterium fidei.

100 1296 763 68 Id eſt, cognoſcentes & habentes apud ſe fidem, quæ

75 1324 788 85 reuelatur in corde, quæ à mundo non uidetur. Et hoc

77 1376 786 83 cum pura conſcientia, ſicut antea monuimus: fidem cĩt

75 1423 789 98 conſcientia bona coniungi: id eſt qui boni non audeane
