1203 1884
329 177 755 58 ANNOT. IOANNIS POMERANT

316 245 798 59 ut ſciretur hic eſſe frater qui baptizabatur, cuius iam

318 276 798 78 confeſſionem adſtantes, ceu teſtes audirẽt. Niſi hic uee

319 327 797 77 lis intelligere Timotheum hanc profeſſionem docene¬

322 379 797 73 di populum, & epiſcopi munus ſuſcepiſſe coram mul¬

323 423 698 80 tis teſtibus: id eſt, præſente populo Chriſtiano.

419 491 633 66 Præcipio tibi coram ideo, &c.

360 564 762 49 Vides in hac epiſtola, quanta cura tommendet Ti¬

327 591 797 72 motheo, quæ ſunt muneris epiſcopi: præcipit & adiu

327 639 797 74 rat per omnia Chriſtianorum ſacra, ſicut ſæpe uides:

327 688 796 72 id quod nõ facit in alijs epiſtolis. Nimirum oſtendens

327 737 800 73 in hoc negocio pendere omnia: quod ſi non pie cure¬

327 788 797 71 tur, relicta doctrina pietatis, oia quæ Chriſtiana ſunt

328 839 801 66 intereũt, ſicut factũ uidemus. Vnde hic præcipit corã

329 886 800 71 deo, qui uiuificat omnia: & coram Chriſto, qui à pro¬

333 935 798 71 feſſione ſua non deceſſit, cum erat adiudicandus mor¬

332 987 802 69 ti, ut uitam ad quam uocatus eſt Timotheus, & pro¬

336 1037 794 68 feſſionem quam profeſſus eſt, mordicus teneat, etiam

335 1084 799 70 incõſpectu mortis & inferorum:id eſt, ut ſeruet man

335 1135 800 67 datum quod accepit, immaculatus coram deo & irre

336 1185 798 67 prehẽſibilis coram hominibus uſ in finem. Imprimis

336 1235 797 70 enim neceſſariũ eſt epiſcopo, ut faciat quæ ſui muneris

339 1287 794 69 funt: ad quod certe indiget non paruo ſpiritu, neceſſe

340 1333 794 74 que eſt, ut iugiter poſtulet à deo: alioqui nihil efficiet,

491 1391 509 72 Vſ ad apparitionem.

370 1462 768 59 Chriſtiani ueri ſic omnia deponunt, ut parati & uis
