1177 1883
112 130 683 69 IN EPI. PAVLI AD TIM. I.

805 128 53 71 93

75.0 212.0 784.0 50.0 imponunt eis manus in conſpectu apoſtolorum: bo¬

79.0 250.0 784.0 63.0 ſigno oſtendentes apoſtolis, & reliquæ multitudini,

76.0 302.0 790.0 59.0 quod tales uolebãt, & elegerũt miniſtros. & Paulus

76.0 352.0 790.0 57.0 impoſuerat manus Timotheo docto ſacris literis à

78.0 400.0 789.0 62.0 puero, & erudito in fide, ſicut dicit epiſtola ſecunda

76.0 448.0 792.0 62.0 cap.1. Sed nõ ſolus impoſuerat, ut hic uides. Nã quod

77.0 498.0 789.0 60.0 hic translatum eſt, authoritate ſacerdotij, non eſt in

78.0 547.0 787.0 61.0 Græco: ſed μετα ἐπιθεσέωσ, &c. id eſt, cum impo¬

76.0 588.0 791.0 72.0 ſitione manuũ preſbyteri: quaſi dicas latinè, ſenatus, id

79.0 642.0 787.0 68.0 eſt ſeniorum. Vides conſenſu aliorum Timotheũ ele¬

78.0 689.0 787.0 71.0 ctum: ita & intellige quod infra dicitur, manus citò

75.0 735.0 788.0 76.0 nemini imponas. Et quod Tito ſcribitur, ut conſtituas

79.0 786.0 783.0 72.0 per ciuitates preſbyteros, &c. Impoſitio manuũ fuit

76.0 835.0 785.0 73.0 Hebræis familiaris, ubi aliquid commendabatur deo.

77.0 880.0 784.0 77.0 Sic Iacob imponit manus duobus filijs Ioſeph, Geneſ.

80.0 934.0 781.0 73.0 48. Sic manus ſuper caput hoſtiæ immolãdæ ponitur,

78.0 983.0 781.0 73.0 Leuitici I. Sic Chriſtus imponit manus ſuper paruu¬

81.0 1027.0 781.0 76.0 los: & de credentibus dicit, Super ægros manus impo

78.0 1081.0 785.0 72.0 nent, & bene habebunt. Hoc quia externum ſignum

80.0 1127.0 783.0 73.0 eſt, uel omitti poteſt, uel aliter fieri: quia inſtitutum

78.0 1182.0 785.0 73.0 non eſt, aut mãdatum. Electionis tantum ſignum erat.

87.0 1228.0 776.0 76.0 Quæ inſtitutaſunt, ut quod oportet epiſcopumeſſe

79.0 1277.0 786.0 73.0 ſine crimine, aptum ad docendum, &c. Hodie & negli

80.0 1330.0 785.0 69.0 gimus, & contemnimus, et uana ſigna magnifacimus:

80.0 1378.0 784.0 70.0 uana dico, ubi res non adeſt. Et inſuperſignis externis

80.0 1427.0 784.0 79.0 omnia complemus, & fingimus talia, quæ Chriſtus &

663.0 1486.0 95.0 58.0 m 5
