1176 1853
771 115 72 85 94

108 138 641 67 IN EPI. PAV. AD TIM. I.

64.0 212.0 787.0 50.0 funt, has præcipit honorandas, non uerbis aut geſtu:

66.0 252.0 783.0 59.0 ſed rebus ipſis, ſicut præcipiuntur honorari parẽtes.

63.0 299.0 794.0 64.0 & infra: Preſbyteri duplici honore digni ſunt, &c.

66.0 348.0 789.0 67.0 Vide quæſo quàm diligenter cauet Paulus ne inijciat

64.0 400.0 791.0 61.0 laqueum, aut certe ne cadatur in laqueum diaboli

65.0 446.0 785.0 67.0 ab ipſis uiduis, quæ tantum ſuſcipiebantur alendæ,

67.0 496.0 787.0 61.0 ne ocium ſectantes in alieno labore inciperent laſciui¬

65.0 545.0 791.0 65.0 entes deficere à Chriſti fide. Quàm bene nouit Pau¬

67.0 591.0 791.0 69.0 lus hoc genus, de quo dicit, quæ in delicijs uerſatur, ea

66.0 641.0 790.0 65.0 uiuens quidem carne, mortua tamen eſt deo: id eſt,

66.0 686.0 787.0 71.0 fidem abnegauit. Vbi autem ſunt illi laudatores uir¬

67.0 732.0 787.0 75.0 ginitatis & uiduitatis? qui nihil aliud faciunt quàm

71.0 781.0 782.0 70.0 quod in laqueos trudunt inſanis laudibus, neſcientes

67.0 833.0 786.0 74.0 de quibus adfirmant. Paulus laqueos cauet, & in uir¬

71.0 880.0 782.0 70.0 ginitate & uiduitate, ſicut hic uides. & I. Corin.7.

71.0 923.0 781.0 81.0 Propter fornicationem, inquit, unuſquiſque habeat

68.0 976.0 783.0 76.0 uxoremſuam. Et iuniores uiduas nubere uolo, filios

70.0 1030.0 779.0 73.0 procreare, &c. Et ſic ſequentur non Hieronymum,

71.0 1073.0 781.0 77.0 led deum, qui eas ad talia creauit, certæ quod deo ta¬

72.0 1123.0 781.0 77.0 lia placeant, et quod per hæc ſeruiant proximo, id eſt,

72.0 1166.0 783.0 81.0 marito, filijs, familiæ. Reliquain hũc locũ uide in libel

70.0 1216.0 783.0 79.0 lo de uotis in fine. De uiduis hodie minus periculi eſt,

71.0 1272.0 781.0 77.0 de quibus tamẽ ſolis ſcripſit Paulus, ſed alendis, nõ uo

72.0 1321.0 780.0 72.0 to adſtringendis. Doctrinæ uero dæmoniorũ perpe¬

72.0 1373.0 780.0 72.0 tuos laqueos omni ferè ætati & ſexui iniecerũt, &c.

250 1434 431 103 Quod ſi qua uidua.
