1203 1884
327 202 785 75 deo. Tu uero uide ne iſta contẽnas, caue laqueos, caue

332 257 731 67 ſcãdala. Paulus aſtutias ſatanæ nõ ignorauit, &c.

390 152 652 55 ANNOTAT. IOANNIS POM.

405 304 645 84 Qui bene præſunt preſbyteri.

361 370 755 69 Senioribus, qui præſunt in ciuitate reliquæ multitu

331 418 778 74 dini, & bene præſunt, debetur duplex honor. Alter,

331 463 781 77 ut authoritati eorũ deferatur, & obediatur eis cum

332 513 786 72 reuerentia. Bene enim præſunt, id eſt ſecundum iudi¬

332 562 787 77 cium ſpiritus quod habent, omnia ſine neglectu diſpo¬

332 613 786 73 nunt. Alter, ut ex eccleſiæ bonis eis prouideatur de

330 663 781 72 neceſſarijs, qui ob gubernandi & curandi quæ greg

331 711 785 74 ſalubria ſunt, occupationẽ & ſtudium, ſua curare nõ

328 759 786 74 poſſunt. Et cum hæc debeãtur illis, qui bene præſunt.

327 808 791 71 id eſt in domino præſunt, in primis debentur etiam

325 860 793 68 his, qui laborant in ſermone & doctrina, id eſt euan¬

330 910 785 74 geliſtis ſiue doctoribus, Matthæi Io. Iad Corin.9.

330 970 139 67 Gala.6.

457 1001 541 85 Aduerſus preſbyterum.

359 1074 757 64 Qui præſunt, facile incurrunt odia inobedientium,

328 1123 790 69 & idcirco nõ facile audiri debent, qui tales accuſant,

328 1175 794 67 cum quod ſuſpecti ſunt accuſatores, tum quod maiori

327 1224 798 68 ſcãdalo ſunt, qui præſunt, ſi crimine notati fuerint uel

327 1273 795 70 ſuſpecti. Quod ſi manifeſtum fuerit eccleſiæ eos peccal

329 1327 793 65 ſe, aut peccare, uel contra eos probatũ fuerit duobus

327 1377 797 61 aut tribus teſtibus ſecundum legem, Deu.19. Ab epi¬

328 1426 796 64 ſcopo, id eſt euangelico doctore ſiue apoſtolo, qui illic

325 1478 801 77 conſtitutus eſt, debent coram omnibus argui, ne dum
