1176 1853
60.0 220.0 795.0 64.0 te hic quàm egregie depingat illud genus doctorum,

62.0 263.0 795.0 70.0 qui aliud docẽt, ſcilicet eſſe homines inflatos, ignoran

63.0 311.0 790.0 68.0 tes, inſanientes ad inutiles quæſtiones & diſputatio¬

67.0 359.0 789.0 72.0 nes de genealogijs, de iudaicis fabulis, de animabus ſe¬

65.0 407.0 796.0 73.0 paratis, de choris angelorũ, de fictis reuelationibus,

70.0 455.0 791.0 67.0 de humanis traditionibus: de his quæ ſcriptura nõ no¬

70.0 506.0 792.0 72.0 uit, ex quibus naſcitur inuidia, &c. dum quiſ ſe præ¬

72.0 550.0 791.0 78.0 ferre ſua ſapientia nititur. In ſumma dicit eſſe homi¬

74.0 596.0 793.0 77.0 nes, quibus adẽpta eſt ueritas: id eſt, fides in Chriſtũ,

76.0 650.0 794.0 79.0 qui omnia tentant, qui quæſtui ſuo conſulant:uocant

75.0 694.0 793.0 80.0 tamẽ interim quæſtum pietatẽ: id eſt, gloriam & cul¬

78.0 739.0 793.0 86.0 tum dei. Hic uides ſo phiſticos theologos, & papiſticũ

80.0 792.0 792.0 84.0 regnum, de quibus rurſum in fine. O Timothee, &c.

81.0 835.0 792.0 88.0 ubi iubet eos excõmunicandos, & eorum doctrinam

82.0 884.0 791.0 88.0 uitandã, quod habeant ficta & inania uocabula, quæ

86.0 934.0 788.0 88.0 ſeriptura non nouit, & opponant ſcientiam ſuam quæ

87.0 980.0 788.0 92.0 ſcientia non meretur dici, ſed inſcitia & inſipientia:

89.0 1029.0 785.0 85.0 quã pfitentes, à fide & à ſcopo uero aberrauerunt.

89.0 1079.0 789.0 83.0 Iſti ſunt ꝗ liberũ arbitriũ habẽt pro gratia, rationem

87.0 1126.0 792.0 91.0 Pfide, opiniones pro iudicio ſpiritus, doctrinas homi¬

92.0 1177.0 788.0 89.0 nũ pro doctrina ſacra:qbus nihil in ore eſt, quàmipri¬

94.0 1228.0 790.0 82.0 matus Petri, fides acquiſita:uniuerſalia, formalitates,

96.0 1277.0 786.0 79.0 actus elicitus, intellectus agens, intellectus paſſibilis,

97.0 1330.0 791.0 79.0 cõnotata, relationes rationis in peccatis, &c. ꝗ quaſi

100.0 1375.0 786.0 84.0 doctiſſimi quauis de re diſputãt, & aliter ſentiẽtibus

109.0 1423.0 779.0 94.0 Ie ſua ſciẽtia opponũt, &c. Sed hoc eſt, inquit Paulus.

131 149 626 70 IN. EPI. PAV. AD TIM. I.

791 134 58 72 98

717.0 1481.0 71.0 55.0 n 2
