1203 1884
350 210 662 65 iuſtorum, iuſte quod iuſtum eſt proſequaris.

382 151 729 57 ANNOT. IOANNIS POMERANI

382 305 761 87 Id eſt ſubitò, ne alicui cõmittas epiſcopi munus, ſel

354 357 730 84 probetur antea, ſi talis ſit, qualem ſupra depinxi.

392 414 742 80 Ne cõmunices peccatis alienis.

579 243 360 81 Manus cito, &c.

385 473 753 80 Si qui iniuſte faciunt, ſi qui quod iuſtum eſt, non iu¬

353 526 786 77 ſte exequuntur, uide ne conſentias, ne conniueas, ne

352 573 782 76 taceas: ſed contradicas, &c. Vt ſi nihil aliud efficias,

351 628 786 76 tamen conſcientiam tuam liberes, hoc eſt quod addit;

352 683 396 65 temetipſum purum ſerua.

448 729 586 71 Ne poſthac bibas aquam.

377 811 761 45 Hinc habes, quod corporales exercitationes pro

347 843 796 62 noſtro arbitrio ſeruare, mutare, intermittere, omitte¬

349 893 794 63 re poſſumus, quas adhibemus ſecundum corporis no¬

349 942 637 62 ſtri rationcm, ut ſeruiat, non intereat, &c.

391 993 719 76 Quoruudam hominum peccata.

377 1060 764 59 Quia dixerat, ne communices peccatis alienis:ne

347 1110 797 62 hic ſuperſtitioſius trepidaret Timotheus, dicẽs: Quid

350 1158 793 66 ſi ignorem peccata aliena, id eſt illorum quibus com¬

349 1209 793 63 munico? reſpondet: Dies docebit. Ergo quod dixi, ne

348 1260 793 62 ſis in iudicio præceps, nihil opertum, quod non reue¬

346 1309 796 63 labitur: interim nihil iudicato. Pro bonis habeto, de

347 1361 797 64 quibus nemo male ſentit, qui nemini ſunt occaſio pec¬

346 1411 795 60 cati. Hic nihil tuæ conſcientiæ, aut tuo officio erit pe¬

346 1461 797 72 riculi. At hanc hic eſſe ueram ſententiam, quam con

1029 1521 109 57 textus
