1176 1853
78 165 659 63 IN EPI. PAV. AD TIM. PRI.

46 240 793 49 textus requirat: credo, ut iudicium hic non intelligas

46 275 791 63 iltud Chriſti extremum, ſed iudicium humanũ in hac£

48 329 787 59 uita, quod ſupra commiſit Timotheo. Sic dicit: Mani¬

49 377 789 60 feſta peccata procedunt ad iudicium, id eſt non indi¬

53 429 787 55 gent iudicio, uel ut iudices, ſiue ſententiam de eis pro¬

50 478 792 55 feras, quia iam iudicata ſunt. Aliquorũ uero peccata

51 525 787 60 lubſequuntur: id eſt, poſtea nota erunt. Ex fructibus

51 576 790 60 enim cognoſcetis eos. Sic & opera bona manifeſta

52 619 788 64 ſunt ante: id eſt, antequã iudicentunuel de eis ſentẽtia

51 673 789 60 feratur. Ea uero quæ ſecus habẽt, id eſt in occulto ma¬

52 716 786 66 le fiũt, aut uelut bona ſeſe per hypocriſin uenditãt, oc

53 762 784 72 cultari non poſſunt, id eſt ſuo tẽpore prodentur. Tũc

57 811 792 74 ergo iudicandi ſunt ab eccleſia mali, quando malos eſ¬

56 861 787 70 Ie notũ fiet. Non maculauit Chriſtum, quod Iudã ha¬

55 910 784 72 buit apoſtolũ, cæteris neſciẽtibus, quod eſſet diabolus

55 959 782 70 & proditor. Nam interim nõ male docuit, officiũ non

55 1008 778 71 neglexit, nemini ſcãdalo fuit, & c. Sic & de manifeſtis

52 1061 631 70 Fuctibus carnis & ſpiritus legis ad Gal.5.

775 135 44 93 97

262 1127 371 71 CAPVT VI

109 1204 712 81 Quicun ſub iugo ſunt ſerui, &c.

57 1343 65 39 P

151 1277 686 66 Rima ad Corin.7. dicitur: Vnuſquiſ in quà uo

151 1324 689 64 catione uocatus eſt frater, in hac permaneat a¬

58 1372 784 65 pud deum. Apud deũ, inquit, ne credas te in conditios

59 1422 780 64 ne turpi oportere manere, quãdo uenisad fidem. De

58 1464 789 80 oibus ergo medijs intellige. Media ſunt ſiue indiffe¬

711 1526 17 60 u
