1203 1884
319 230 795 60 à fide longe abeſſe, & non eſſe Chriſtianos, qui ſe ſa¬

321 271 795 64 piẽtiſſimos, & hæreticæ prauitatis extirpatores ia¬

322 317 750 69 ctitant. Seiungere, inquit, ab his qui eiuſmodiſunt.

313 168 773 60 ANNOT, IOANNIS POMBRANI

352 423 759 80 Quid attinet falſa ſciẽtia & humana doctrina pro

322 478 792 77 quæſtu ſeducere mundum, cum quæſtus uerus ſit &

323 525 789 72 magnus, habere pietatem, & eſſe ſua ſorte contentũs

320 573 792 73 O uerbum breue & ſuauiſſimum, quod creditum fa¬

320 626 788 67 cit in utra uita beatos, & mente pacatos, Contrà

318 671 794 68 qui non curata pietate, ſua ſorte nolunt eſſe contenti

318 726 797 66 ſed uolunt diteſcere: id eſt, uoluntatem quam deo de¬

313 774 796 65 bent, conſecrant mammonæ, incidunt in tentationem

314 822 797 66 & laqueum, &c. quia pro conſequendo lucro incipi¬

313 871 798 66 lint agere contra conſcientiam, & perdunt fidem, ſis

312 918 798 67 eut uides in Euangelio de ſemine, quod cecidit inter

318 971 791 63 ſpinas. Cæterum attende quod dicit, qui uolũt diuites

312 1021 796 64 fieri, non contenti ſua ſorte: & non dicit, qui diuites

310 1067 800 68 ſunt. Nã diuitiæ ſunt media, qbus ſpiritualis recte uti

312 1116 793 70 poteſt. Hoc eſt qd’infra dicit: his qui diuites ſunt &c.

307 1168 801 70 ubi præſcribit qd ſit recte uti diuitijs, ſi qui eas habẽt,

464 364 514 80 Eſt auten quæſtus, &c.

471 1217 479 66 De laboribus multis.

340 1287 768 61 Id cum accidat omnibus qui ſolicitudinem deo noù

303 1333 804 66 relinquunt ſecundum Euangelium: Nolite ſoliciti eſ¬

305 1383 801 76 ſe, &c. Quid putas futurũ de illis, qui cõtra cõſcienti¬

300 1436 707 76 am & pietatem audent quærere ſua lucra? &c,
