1200 1909
345 167 749 64 ANNOT, IOANNIS POMERANT

334.0 233.0 785.0 60.0 ficatus eſtuir, &c. Vbi ſanctificatio ad uſum matrimo

333.0 270.0 786.0 75.0 nij pertinet, quod mulieri fideli licet uti matrimonio

334.0 321.0 786.0 78.0 infidelis uiri, & cõtrà abſ peccato, & nõ minusſine

339.0 369.0 782.0 81.0 peccato quàm ſi uter eſſet fidelis. Hic non fit in ſe

339.0 419.0 780.0 77.0 ſanctus infidelis, ſed ad uſum matrimonij fit ſanctus

339.0 468.0 786.0 73.0 ut fidelis coniunx utatur infideli, ut re inſe bona, &

342.0 518.0 784.0 78.0 ad hoc à deo creata. Sic & cibus in ſe bonus, non fit

349.0 566.0 778.0 79.0 ſanctior, ſed ad uſum ſanctificatur, ut ſine peccatouta

350.0 619.0 777.0 76.0 ris, quæ infideli & gratias non agenti non eſſet ſan¬

342.0 668.0 789.0 74.0 cta, id eſt, munda. Sanctificatur, inquit, per uerbums

342.0 716.0 791.0 78.0 dei, quo credimus omnia eſſe nobis ſancta, ut ſupras

344.0 768.0 784.0 76.0 & per orationem, qua talia oramus nobis dari, &

345.0 817.0 789.0 74.0 pro datis gratias agimus, ſicut ſupra dixit. Iamuide¬

343.0 869.0 794.0 69.0 ſtultitiam iuſtitiariorum, qui in cibis & alijs creatu¬

344.0 919.0 793.0 70.0 ris quærunt ſanctitatẽ, quũ ipſæ creaturæ, licet bon¬

346.0 967.0 789.0 75.0 ſint creatione, tamẽ ſanctæ nobis, id eſt mũdæ eſſe nẽ

346 1016 783 73 poſſunt ſine noſtra fide & gratiarum actione. Qua

346 1067 779 73 de uſu ciborum diximus, omnia etiam intellige de uſj

351 1118 786 71 matrimonij:id quod non obſcure ex præcedẽtibus ins

350.0 1169.0 788.0 70.0 telligis. Creatura enim dei bona eſt mulier, ſi utaris

350 1216 783 72 ſicut deus inſtituit. Si contra dei inſtitutionem, ut fit in

352.0 1270.0 790.0 71.0 fornicatione & adulterio, iam bona tibi nõ eſt, quam

352.0 1322.0 788.0 74.0 deus bonam fecit. Iam & in eadem damnatione es, ſi

353.0 1371.0 788.0 75.0 in matrimonio putas uſu creaturæ (modò ſecundum

354.0 1423.0 783.0 73.0 deum fiat) peccari. Damnas enim nõ ſolũ creaturam,

356.0 1476.0 446.0 78.0 ſed & deiinſtitutionem, &c.
