1203 1884
328 183 755 57 ANNOT. IOANNIS POMERANT

312 245 807 57 rentia omnia externa, præter ed quæ prohibet. Non

312 277 798 78 ergo refert, Chriſtianus ſiue Iudæus ſit, ſiue gentilis

314 327 800 80 carne, ſiue ſeruus ſit, ſiue dominus, ſiue mas ſit ſiue fœ¬

316 372 791 90 mina, ſiue ſutor ſiue conſul, ſiue ruſticus ſiue princeps,

317 422 799 90 &c. Serui igitur non negligunt officium, quia Chriſti¬

317 471 798 83 ani facti. Nam hanc conditionem eis deus dedit, ut in

319 522 798 74 bac uitam tranſigant, niſi melior ſeſe libertatis etiam

319 569 803 77 corporalis obtulerit occaſio, ſine domini iniuria, aut

320 622 799 70 cum domini uolũtate. Seruient ergo cum bona conſci¬

320 673 799 68 entia: ſiue dominis gentilibus, quia hoc gratum deo

318 718 804 76 eſt, ne blaſphemetur Euangelica grat ia, ſed cõmende

318 768 805 75 tur potius, quod tales faciat ſeruos, talesq́ homines,

319 816 803 73 ſiue Chriſtianis dominis: quia iã nõ tã dominis, quàm

320 867 802 71 fratribus ſeruiant, de quo etiã gaudeãt, quod tales ha

322 918 802 65 beãt dominos, qui turpia exigere nõ poſſunt. De hoc

320 963 745 77 loco uide in epiſtola Petri, & ſæpe aliâs in Paulo.

349 1079 781 67 Omnia repetit quæ dixit. Nam (quod & in princi¬

327 1126 800 75 pio monuit (aliud docentes uitari uult: id eſt, illos (ut

325 1175 803 77 ait) qui non accedunt ſanis ſermonibus Chriſti, & do¬

326 1234 802 64 ctrinæ quæ ad pietatem tantum pertinent. Hic uides

327 1280 805 69 hæreticos eſſe omnes, & excommunicãdos, qui aliud

327 1328 805 75 docent. Vides quoq omnes epiſtolas Pauli nihil aliuq

330 1379 803 75 eſſe, quàm ſermones Chriſti, & doctrinam quæ ſo¬

331 1428 801 72 lum ſpectet pietatem. Quomodo enim alia doceret,

335 1478 796 84 quæ ipſe excõmunicationis maledicto uetat? Aduer.

597 1013 361 67 Hæc doce, &c.
