1177 1883
133 167 620 68 IN. EPI. PAV. AD TIM. I.

784 160 65 70 89

69.0 239.0 787.0 57.0 manifeſtatio eſt in carne, iuſtificatio autem inſpiritu.

64.0 279.0 792.0 68.0 In carne miraculis proditur, & prædicatur, in ſpiritu

65.0 331.0 791.0 64.0 autem iuſtificatus, non niſi fide creditur. Siquidem in

66.0 378.0 789.0 66.0 Chriſtum hominem, deus ita iuſtitiam infudit, ut ipſe

73.0 428.0 782.0 66.0 eſſet nobis iuſtitia & ſanctificatio & redẽptio, ſicut

70.0 480.0 784.0 63.0 I. Corin.1. Qui factus eſt nobis à deo ſapientia. & in

68.0 530.0 784.0 58.0 pſalmo 44. Propterea unxit te deus, &c. Et Ioan.

91 579 760 58 o. Quem pater ſanctificauit & miſit in mundum. &

71.0 628.0 781.0 57.0 Ioan.3. Non ad menſuram dat deus ſpiritum. Pater

72.0 672.0 780.0 63.0 diligit filium, & omnia dedit in manum eius. At hic

72.0 724.0 781.0 63.0 caro non prodeſt quicquam, niſi etiam iuſtificatũ cre

72.0 768.0 780.0 67.0 das Chriſtũ in ſpiritu, at adeò iuſtitiã dei per quem

71.0 817.0 781.0 71.0 iuſti ſumus, & ſatis fiat pro peccatis noſtris & ſal¬

69.0 868.0 782.0 66.0 uemur. Hoc autem myſterium manifeſtati dei in car¬

70.0 915.0 780.0 70.0 ne Chriſti, & iuſtificati dei in ſpiritu Chriſti, dignatio

68.0 969.0 779.0 68.0 ne dei reuelatũ eſt uniuerſæ creaturæ. Nam & ange¬

70.0 1014.0 780.0 72.0 li deſyderant in ea proſpicere, quæ per Chriſtum ha¬

70.0 1061.0 779.0 72.0 bemus. 1.Petri 1. Et oculus non uidit, &c. Et prædi¬

69.0 1112.0 783.0 71.0 tatum eſt gentibus, cum ſoli Iudæiſibi uiderentur ad

72.0 1164.0 776.0 66.0 Meſſiam pertinere, & ad myſteriũ regni cœlorum,

71.0 1211.0 780.0 70.0 licut diximus ad Ephe. 2. &3. Creditum autem eſt

69.0 1264.0 783.0 64.0 in toto mundo: alioqui quid profuiſſet prædicatum

75.0 1313.0 778.0 65.0 eſſe? Præterea receptum eſt in gloria, ut omnes glori

68.0 1363.0 783.0 67.0 ficent filium, ſicut glorificant patrem:ut in nomine Ie

70.0 1414.0 779.0 62.0 lu omne genu flectatur, &c. & omnis lingua confite¬

70.0 1460.0 783.0 80.0 atur quod Chriſtus eſt in gloria dei patris. Gloria

713.0 1516.0 43.0 57.0 m
