1176 1853
88 143 658 68 IN EPI. PAVLI AD TIM. I.

62 214 787 56 gentes. Irreprehenſibiles, id eſt, ſine crimine coraus

60 253 183 64 bominibus.

82 367 769 65 Id eſt, fidem in Chriſtũ, alioqui non diceret, laſciuire

62 423 790 57 tœperint in Chriſtum: quæ deinde nõ ſolum ſunt ſcan

62 469 788 59 dalo Chriſtianis, uerumetiam obloquuntur in domi¬

62 519 788 59 bus aliorum, ctiã gentilium, dum quærunt maritos.

65 565 787 61 Vide libellum de Votis. Hoc eſt quod hic addit, nullam

63 616 789 60 occaſionem dare aduerſario, ut habeat anſam maledi¬

62 662 790 63 cendi Euangelicæ doctrinæ. Fidem uero in Chriſtum

62 711 790 66 & non uotum intelligere Paulum ſatis oſtendit quod

59 756 789 71 Iequitur. Iã enim nonnullæ deflexerũt, ſecutæ ſatanã.

270 325 392 45 Primam fidem.

786 135 57 71 95

217 802 464 76 Quod ſi quis fidelis.

89 865 759 74 Iam etiam gloriantur monachi, quod ſua relinquãt,

62 914 785 72 at uiuãt ex eccleſiæ bonis. Clerici uero & ſua retinẽt,

64 965 784 73 & pauperũ ſudore uiuunt. Paulus non uult, ne uiduis

66 1011 783 78 quidem, quibus per amicos ſuccurri poteſt, grauari

66 1076 162 57 eccleſiam.

88 1110 764 73 Hactenus de uiduis, &c. Præceptum charitatis exis

65 1164 783 68 git uere uiduis ſuccurrere. Cætera quæ hic ordinat de

65 1212 787 70 uiduis Paulus, bona ſunt ad cauendos multos laqueot

65 1264 788 67 in uiduis: quæ tamen non ita accipe, quaſi legem tibi

63 1312 790 69 præſcribat Paulus, cum uir ſpiritualis poſſet etiam

63 1364 786 67 adhuc aliqua ex his immutare, & aliter obſeruare

62 1410 793 69 pro loco & perſonis, ſi uideret expedire. Præterea

64 1457 785 78 de quibus ſcribit, hoc honeſtum eſt & acceptum corã
