1200 1893
382 121 723 85 ANNOT. IOANNIS POMERAI,

603 207 322 53 In domo del.

370 254 763 79 Hæc domus deum habet habitatorem, regnum cœl.

352 304 789 85 rum, regnum dei: regnum Chriſti, templum fpiritus

355 356 778 82 ſancti, columna & ſtabilimentum ueritatis: quipp

356 406 779 75 quam ſpiritus habitator fundauit ſupra firmã petra

358 460 786 67 id eſt Chriſtum, docens in ea omnem ueritatem: cou¬

356 510 788 69 tra quam ueritatem, ne portæ quidem inferorum pr¬

357 557 784 71 ualere poſſunt: extra quam ſunt meræ tenebre, e¬

357 609 719 64 errores, & regnum principis tenebrarum, &c.

506 653 521 71 Vt noris quomodo, &c.

394 823 716 80 Magnum eſt pietatis myſterium

392 888 753 73 Id eſt, arcanum, hactenus mundo incognitum, quoi

361 939 785 68 eccleſia dei uiuentis nouit, cuius miniſtriſunt Timo¬

363 990 785 66 theus, Paulus &c. ſicut ad Corin. dicit : Sic nos exiſti

360 1037 793 71 met homo ut miniſtros Chriſti, & diſpenſatores my¬

360 1090 791 71 ſteriorum dei. Myſterium autem hoc eſt, deus manifi¬

362 1141 789 68 ſtatus eſt in carne adſumpta. Ioan.I. Verbum carofi¬

360 1192 795 66 ctum eſt, &c. & uidimus gloriam eius &c. Iuſtifica¬

363 1239 787 74 tus eſt in ſpiritu:id quod deo non conuenit, ſed Chriſti

362 1289 792 73 bumanitati, quã certũ eſt nõ à ſeipſa fuiſſe iuſtam, ſed

362 1341 709 64 à deo, qui ſolus iuſtificat. Ideo deo uero tribui

364 1394 791 70 deus & homo unus eſt Chriſtus: ſicut filius dei dicitux

363 1447 786 74 mortuus pro peccatis noſtris. Recte ergo diſtribuit

977 1506 174 88 manifeſtatie

393 733 750 68 Id eſt, quæ curare debeas, &c. Nam mox capite ſe¬

358 772 779 72 quenti de noſtris epiſcopis longe diuerſis dicturus eſt
