1176 1853
103 171 634 60 IN EPI. PAVL. AD TIM. I

88 299 757 64 Nã ad eũ non pertinet, qui uult ſeruire mammonæ.

248 228 439 74 Tu uero homo dei.

197 376 487 46 Sectare iuſtitiam, &C.

87 416 764 59 Per hæc cum deo agimus. Sectare charitatẽ, patien

61 469 789 56 tiam, manſuetudinem: per hæc cum proximo agimus.

60 509 786 66 Hæ ſunt diuitiæ Chriſtianorum, de quibus Chriſtus

58 566 536 59 dicit: Primum quærite regnum, &c.

129 607 668 74 Certa bonum certamen fidei.

86 682 760 59 Perſta in fide, & nullis cede uel aduerſis, uel aduer

65 717 782 72 arijs, ut agas uel omittas contra tuæ rationem fidei:

61 759 784 82 id eſt, contra id quod iam doctus ſentis. Adprehende

60 814 784 71 uitam æternam, ut hanc uitã pro ueritate cõtemnas,

60 860 785 75 ne huius uitæ amore contra fidem aliquid committas,

60 910 787 79 aut in aliquo cedas aduerſarijs. Ad quã, inquit, uocas

60 960 784 72 tus es. Chriſtianus homo ad mortem huius uitæ, &

63 1004 780 75 quicquid ex Adã noſtrũ eſt, uocatur, & nõ perficitur

61 1057 783 79 eius ſanctificatio, donec omnia intereant. Tantum e¬

60 1108 786 71 nim apprehendit uitæ æternæ, quantum ei quotidie

60 1158 786 75 baptizante ſpiritu & igne, decedit ex hacuita. Hæc

61 1204 785 74 eſt mortificatio ad uitam. Dum ergo uocaris ad uitã,

62 1254 784 80 certus eſto hoc ipſumſine morte fieri non poſſe. Sine

61 1305 787 76 cruce non glorificatus eſt Chriſtus, ita nec Chriſtia¬

64 1367 428 63 nus ſine cruce glorificabitur.

783 162 66 68 99

128 1402 689 77 Et profeſſus es bonã profeſſionẽ.

94 1464 754 83 Scilicet in baptiſmo, cui ſolebant Chriſtiani adeſſe,

647 1536 68 56 a 3
