1200 1893
364 143 716 62 ANNOT. IOANNIS POMERANI

336 208 778 64 aliud dicere aut facere, quàm quod ſecundum fiden

334 247 790 89 ſentiunt: hoc eſt quod in Actis apoſtolorum eligumtuy

336.0 300.0 789.0 75.0 diaconi ſiue miniſtri, pleni ſpiritu ſancto. ſicut dixiin

339.0 356.0 342.0 75.0 epiſtola ad Philippen.

402 425 670 56 Nam qui bene miniſtrauerint.

366 482 761 63 Id eſt cum pura confetentia, et abique crimine, ſi¬

341 516 793 75 cut ſupra dixit, miniſtrent ſic, ut nemo poſſit illos cri¬

340 566 791 74 minari. Hoc uero quod hic additur, gradũ bonũ, &¬

343 615 791 72 uide ne intellexeris de gradibus eccleſiaſticis, ut ho¬

341 663 788 74 die dicunt: quaſi qui bonus fuerit aliquã diu diaconus

347 716 784 70 poſſit déinde promoueri in epiſcopum, quod dignies

344 766 788 69 ſit maioribus, qui minora bene præſtiterit, ſcilicet qui

340 812 792 75 aliquandiu bonus fuerit foſſor, poteſt deinde in bons¬

344 858 786 82 promoueri ſutorem. Ita errant noſtri, ſolum dignita¬

346 918 793 65 tes & mundanos honores ſomniantes, non officia:ſci

343 965 792 75 licet qui bene miniſtrauerit, & bonus miniſter fuerit

345 1011 788 80 ex dono ſpiritus, poteſt etiam ab hominibus ꝓmoueri

343 1065 788 76 ut ſit bonus doctor plebis. Id enim eſt epiſcopum eſſe.

347 1110 797 92 Quid ſi donũ prophetiæ non habeat? ut maxime habe

347 1165 781 72 at myſteriũ fidei cũ pura conſciẽtia, ſicut ſupra dixit

347 1215 786 72 quemadmodũ omnes uere Chriſtiani debent habere

347 1268 792 66 Spiritus nan diuidit ſingulis prout uult. Tu ne illum¬

347 1320 792 66 ex bono miniſtro promouebis in bonum epiſcopum?

350 1370 791 66 Simpliciter ergo hic uide, quod Chriſtus dicit: Omni

349 1419 787 68 habẽti dabitur, & abundabit, qui accipit donũ à deo

351 1471 791 76 & utitur eo ad utilitatem eceleſiæ, ſicut Paulus dicit;
