1177 1883
84 153 666 68 IN EPI. PAV. AD TIM. I.

49 229 793 61 Vnicui datur manifeſtatio ſpiritus ad utilitaté eccles

44 270 791 69 ſiæ, hic inquam habet, & huic eiuſdem dono ſpiritus

43 323 796 69 augetur illa gratia, et abũdabit, ut poſſit adhuc ampli

48 374 791 67 us præſtare & prodeſſe. Hoc eſt quod hic dicit: qui

47 419 795 69 bene miniſtrauerint, id eſt qui accepto hoc dono ſpiri¬

51 469 791 71 tus, ut poſſint eſſe miniſtri electi ſanctorum, bene uſi

51 518 791 68 fuerint ad utilitatem eccleſiæ, ſiue indigentium: gradũ

52 569 783 65 ſibi bonum adquirunt, id eſt ex dono dei augentis &

55 614 785 75 ditantis proficiũt, & altius aſcendũt in eodẽ dono, ut

55 663 786 77 indies magis ac magis quàm ante pdeſſe poſſint Quia

54 706 788 77 omni habenti dabitur, et abundabit. Nota eſt parabo

54 748 788 89 la illa euangelica, quæ certe de donis loquitur, ubi hoc

54 804 788 85 additur: Ab eo aũt qui non habet, id eſt dono accepto,

56 853 784 75 ſicut illic uides, nõ utitur ad ſanctã uſurã: etiã qd’uide

58 901 781 83 tur habere, auferetur ab eo, id eſt inutilis reddetur ab

59 948 781 86 lato rurſus dono, & paulatim ab eo etiã fides cordis

61 999 779 84 aufertur, & excæcatur: quia infidelis fuit in cõmiſſo.

64 1055 776 73 Idcirco hic etiam (qd’mihi maxime & unice placet)

62 1105 777 72 poteris cõiungere ſic: Gradũ ſibi bonũ adquirunt, &

62 1148 783 78 multã libertatẽ in fide:ut intelligas gradũ bonũ in fi¬

63 1199 782 80 de, ut creſcant ex fide in fidem, qui ex fide bene mini¬

60 1252 786 74 ſtrant. Et multã libertatem in fide, id eſt abunde acci¬

63 1301 784 72 piunt liberam in omnibus conſcientiã, & fiduciam in

63 1352 786 73 deũ, nulla cordis anguſtia & diffidentia laborantes,

69 1401 781 75 qui ex pura conſcientia bene miniſtrant. quaſi diceret

70 1453 776 73 Paulus, Tales eligendi funt in miniſterium, ex quibus

66 1508 630 73 indies maior ſperatur per deum profectus.

767 136 64 75 88

855 677 160 84 Exponitus

855 740 143 60 parabola

856 787 146 69 le talẽtis.
