1203 1884
354 128 725 69 ANNOT. IOANNIS POMERANI

331 211 467 56 apoſtoli Chriſti non nouerunt.

585 270 280 39 Hæc exerce.

365 301 755 79 Vt ſupra, admonet eũ ſui officij. Hæc exerce, id eſt

339 371 222 70 in his perſiſte.

590 438 248 59 CAPVT V

397 497 680 88 Seniorem ne increpaueris, &c.

362 643 80 63 H

441 561 684 74 Aec non eſt adulatio. Nam poſt dicitur in hos

448 617 677 68 ipſo cap. Peccantes coram omnibus, argue, ut

341 663 785 73 & cæteri timorem habeant. Sed potius eſt Chriſtiana

339 710 788 77 modeſtia cum omnibus, tũ maxime Chriſtiano docto¬

336 763 792 77 ri neceſſaria, ut & uerba quo noſtra ſpirent amo¬

337 814 791 67 rem. Verum hic additur, cũ omni caſtitate, ut blanda

339 860 786 78 fœminarũ appellatio non ſolũ apud nos pura, ſed etia

338 910 790 77 apud ipſas & apud alias ſine ſuſpicione ſit. Oportet

337 960 792 77 enim nos prouidere bona, non tantum coram deo, ſed

338 1013 556 70 etiam corã hominibus, ad Rhom.12.

555 1063 369 69 Viduas honora.

366 1124 762 69 Locus hic eſt de uiduis, quas omni auxilio deſtitu¬

339 1174 793 76 tas, ſuſcipiebat eccleſia alendas, quibus prouidebant

339 1223 793 72 Diaconi ex bonis ab eccleſia in pauperes collatis. Hæ

339 1276 794 74 non propter uotum, quod ſcriptura non nouit uſpiam

339 1326 798 74 ſuſcipiebantur, ſed propter paupertatem. Et has uo¬

339 1375 792 72 cat uere uiduas, quæ non ſolum marito, ſed etiam filijs

338 1425 795 82 aut amicis, qui eam alere poſſent, aut bonis deſtitutæ
