1203 1884
345.0 214.0 788.0 48.0 attinet admontre? Corporalis autem exercitatio ta¬

349.0 248.0 785.0 68.0 les promiſſiones non habet, aliquid tamẽ utilitatis b¬

349.0 301.0 783.0 64.0 bet, ſcilicet dum non pro pietate eam habes, ſed pro

351.0 347.0 788.0 75.0 pietatis miniſtra: dum exerces corpus uigilijs, ieiuni¬

352.0 398.0 782.0 66.0 is, abſtinẽtia, laboribus, ne inſoleſcat contraſpiritum

352.0 444.0 790.0 77.0 & pietatẽ impediat: ſed potius ſeruiat, ſicut Chriſtus

352.0 496.0 787.0 70.0 admonet. Attendite uobis ne corda ueſtra grauentux

353.0 545.0 782.0 70.0 crapula & ebrietate. Exercitatio enim eſt corporis

354.0 598.0 790.0 62.0 quam exercere potes & intermittere pro tuo arbi¬

351.0 644.0 791.0 69.0 tratu, prout corporituo neceſſarium fuerit. Quod ſt

353.0 694.0 787.0 67.0 corporali exercitatione, & quicquid externo opere

354.0 744.0 787.0 64.0 fieri poteſt, te iuſtificari credas, iam corporalis exer¬

352.0 791.0 789.0 62.0 citatio non ſolum nihil habet utilitatis, ſed etiam im¬

353.0 843.0 790.0 62.0 pia eſt, & te damnat: quia quod dei eſt tuis adſcri¬

351.0 893.0 790.0 58.0 bis operibus, & adoras opus manuum tuarum, &c,

353.0 942.0 790.0 60.0 Iacent igitur hic omnia iuſtitiariorum opera, & quæ

352.0 991.0 787.0 61.0 præterea in fide ſalutis fieri non poſſunt, quia promil

352.0 1042.0 790.0 58.0 ſiones dei non habent. Longe ergo à ſalute omnium

352.0 1090.0 791.0 59.0 ſectarum ordines. At hic addit Paulus obſtruẽs con

350.0 1140.0 794.0 57.0 tradicentium ora. Indubitatus ſermo &c. Hodie o¬

350.0 1187.0 794.0 62.0 mnes ferè de hoc dubitant, multi etiam blaſphemant

346.0 1239.0 797.0 60.0 hanc ueritatem. Paulus indubitatum uult, & quod o¬

350.0 1290.0 792.0 60.0 mnibus modis adprobetur: ut uero uniuerſus mun¬

349.0 1342.0 792.0 59.0 dus contemnet talia, ut maxime inter ſe omnes cons

350.0 1389.0 788.0 64.0 ſpirent contra nos, mundi ſapientes & ſanctuli illi

347.0 1441.0 795.0 68.0 attamen ab hac ueritate nos diuelli non ſinamus,

384.0 145.0 723.0 60.0 ANNOT. IOANNIS POMERANI
