1176 1853
80 146 655 65 IN EPI. PAVLI AD TIM. I.

44 217 788 53 conniuetur, eorum error uideatur uel approbari, uel

48 260 790 62 non eſſe error, & inueniat imitatores. Ideoq́ non eſt

48 311 788 62 neceſſarium quærere, quomodo hæc conueniant cum

50 358 785 60 uerbis Chriſti, Matt. 18. Corripe eũ inter te & ipſũ.

52 409 789 61 Nam hic dictum eſt eccleſiæ. Ergo coram eccleſia cora

52 456 785 65 ripiendi ſunt preſbyteri peccantes, ſi ſic conuicti fue¬

54 508 786 58 rint. Maius præterea periculum eſt in his qui præ¬

54 551 788 70 ſunt, ſi peccant, quàm in alijs fratribus. Aduerte er¬

55 602 786 68 go, quod conſequentia textus poſtulat, ut quod dicit,

55 648 784 71 eos qui peccant, &c. de ſenioribus ſiue preſbyteris in

54 695 784 73 telligas. Si uero de quibuſcũ intelligere uolueris, ta

55 744 782 75 men neceſſe eſt, ut de manifeſtis criminibus, aut de con

54 800 574 65 uictis intelligas ſecundum euangelium.

774 131 43 72 96

122 847 658 79 Obteſtor in conſpectu dei, &c.

83 896 755 80 Deus, Chriſtus, & electi angeli noſtra uident: ſic

63 953 778 74 ergo exequamur nobis commiſſa, ut in conſpectu ta¬

61 997 779 82 liũ. Vt ſerues, inquit, hæc ſine præcipitatione iudicij,

61 1047 779 80 ſed ſano conſilio & diligenti inquiſitione per teſtes,

62 1102 781 70 &c. Nihil facies iuxta propenſionem animi, id eſt car

64 1145 780 76 nali iudicio & fauore in perſona, aut odio, hoc eſt,

63 1193 783 80 uide ne ſubitò proferas ſententiam ſecundum affectũ

64 1248 783 71 ſubitum, quia & lex dei de iudicibus dicit, Deute.16.

67 1298 784 71 Iudicent populum iuſto iudicio, nec in alteram partẽ

66 1350 786 68 declinent, non accipias perſonas, nec munera: quia mu

66 1402 783 69 nera excæcant oculos ſapientium, & mutant uerba
