1177 1883
138 169 607 63 IN EPI. PAV. AD TIM. I.

66 235 785 54 uis, infidelibus nihil eſt mundum, &c. Hinc fit ut fide¬

66 276 786 63 lis edendo carnes, quacun etiam die glorificet de¬

68 326 782 61 um. Hypocrita autẽ & iuſtitiarius abſtinendo etiam

66 375 782 62 peccat. Primum, quia damnat creaturam dei bonam,

65 422 783 65 deinde gratias quidem ſimulare poteſt, agere nõ põt,

68 473 782 60 quia abijcit dei beneficiũ. Et præterea cõfidit in ſuam

63 520 788 61 abſtinentiam in contumeliam dei, cui ſoli fidẽdum eſt

65 576 785 50 &c. Domini creati eramus omnium creaturarum, ue£

65 619 783 58 rum hoc dominiũ perdidimus in Adam, ſed in Chriſto

65 668 784 62 redditum eſt credẽtibus. Hinc eſt ille pſal. Domini eſt

65 717 784 62 terra, &c. Omnia ſubieciſti, &c. Ergo ſine peccato

65 764 785 61 utilis eſt omnis creatura dei, modò ne cõtra præceptũ

63 809 784 68 dei. Nã traditiones humanas nihil moror, quia omnis

65 863 784 61 creatura in Chriſto tua eſt: & ita quo Paulus 1. ad

68 906 779 67 Corin.1o. citat ex pſal. teſtimontũ. At dicunt iuſtiti¬

66 957 781 67 arij illi ciborum, & nos credimus. Reſpondet Paulus:

66 1007 779 65 mentimini. Ego fideles interpretor illos, qui cognoue

69 1053 779 69 rũt hanc ueritatẽ, quã uos ignoratis, nempe, qd’quica

70 1101 777 71 quid creauit deus, bonumſit, & nihil reijciendum, ſi

68 1156 527 65 cum gratiarumactione comedatur.

776 155 63 74 50

288 1209 313 65 Sanctificatur.

99 1279 752 53 Quid eſt quod creatura dei perſe bona eſt, & tamẽ

66 1311 785 71 hic dicit, ſanctificatur? Reſpondeo bona eſt, quia cre¬

66 1365 785 65 atura eſt: immunda autem eſt ei, qui ea abutitur, aut

70 1414 784 62 qui eam immundam ad uſum credit. Sanctificatur igis

66 1462 781 71 tur ex uſu utentis ea, ſieut 1.Corin.7. dicitur. Sancti¬

653 1515 94 64 u12
