1203 1884
342 139 732 51 ANNOT. IOANNIS POMERANI

317 205 792 53 confidant autem in eo ſolo, unde etiam accipiũt cor,

319 239 666 71 poris beneficia. Id quod negare non poſſunt.

346 350 631 68 Si audis hic Paulum, eris hæreticus hodie.

349 468 755 71 Id eſt, ſic uiue & exequere negotium tibi commiſ¬

319 519 783 71 ſum, ut deſpici non poſſis: id quod protinus exponit

317 567 541 73 dicens: Sed eſto forma fidelium, &c.

430 406 579 74 Nemo tuam iuuentutem.

614 295 205 64 Præcipe.

348 679 760 67 Id eſt, feruore ſpiritus, ut ad omnia ſis ſtrenuus &

317 730 628 68 bonus miles Chriſti in fide, charitate, &c.

617 615 224 72 In ſpiritu.

346 844 765 64 Vult non eſſe neglectorem officij paſtoralis, quod

314 896 791 59 hic donum uocat. ad quod donum duo requiruntur.

316 946 794 61 prophetia & uocatio. Sine his duobus nemo præſu¬

313 994 789 61 mat eſſe paſtor uel epiſcopus. Prophetia eſt donum,

313 1045 799 62 ut poſſis potenter docere quæ fidei ſunt: quam ſi ha¬

313 1095 795 57 bueris, expecta donec uoceris, uel à deo, uel ab homi¬

313 1144 796 62 nibus, ſicut omnes prophetæ & apoſtoli uocatiſunt.

315 1192 795 64 Vocatio tẽpore apoſtolorũ fiebat per impoſitionem

314 1246 798 60 manuum ſuper caput uocati, quo ceu ſigno agnoſcebæ

314 1294 796 59 tur ille uocatus & ſuſceptus. Sic non apoſtoli (ut non

315 1342 795 61 ſibi hoc arrogent noſtri apoſtoli) ſed diſcipuli alij ab

315 1395 796 71 apoſtolis cõgregati eligũt ſeptẽ diaconos, & orãtes

493 781 435 71 Donec uenero, &c.

953 1442 159 73 imponunt
