1177 1883
76 199 787 57 Illi in corporali exercitatione & ceremonijs ſperats

79 231 785 72 & mortuis rebus, quæ nihil prodeſſe poſſunt, confi¬

80 278 783 71 dunt. Nos talia docemus eſſe impietatem, & ſpem fi£

79 330 784 69 xam habemus in deo uiuẽte, propterea nõ poteſt nos

80 377 787 74 non odiſſe mundus. Hæc confirmẽt corda corum, qui

82 425 785 80 nuper didicerũt pietatem ſolam eſſe, quam reſpiciat

84 482 680 69 deus, quibus hic locus maxime commendatur.

158 133 593 58 IN EPI. PAV. AD TIM. I.

230 528 480 82 Enutritus in ſermone.

111 584 757 78 Duo dicit, oportet enim illum accepiſſe ſermonem

86 654 400 60 fidei, qui uult bene docere.

252 687 455 81 Praphanas & aniles.

787 123 74 54 92

114 743 757 88 Prophanum dici, quod ſacrum non eſt, etiam puer

87 789 785 91 nouit. Quicquid ergo ex ſacris literis non eſt, propha

91 834 778 95 num & anile eſt & fabula:licet hypocrijis & muu¬

87 879 787 99 dus hoc ipſum pro magna habeant ſapientia, Chriſtia

88 929 780 97 nus homo hoc imo reponet pectori: quod ſi cõtempſe

91 1009 414 60 rit, Chriſtianus non eſt, &c.

156 1029 647 107 Qui eſt ſaluator omnium, &c.

119 1117 753 66 Certum eſt hoc dicere Paulum de ſaluatione tempo

94 1142 783 92 rali: alioqui non addidiſſet, maxime fidelium, quos ſciᛘ

94 1198 782 86 licet longe dignius ſaluat, quemadmodum & in pſal¬

96 1244 779 86 mo: Homincs & iumenta ſaluabis domine. Diſcant

97 1289 782 96 igitur gentes, diſcant hypocritæ, non eſſe fidendum

97 1344 781 84 in creaturis & operibus ſuis, unde miſerè torquen¬

97 1390 782 108 tur & pereunt, tãtum abeſt ut ſalutem conſequãtur:

689 1453 94 62 m 4
