1482 2195
513 143 52 52 41

682 124 566 57 AD I. PAVL. AD TIM.

512 179 863 63 que errorum licentiam concedendam ſcribunt

512 229 861 66 & deffendunt, ne quis, aiunt propter ſuam opi¬

508 278 866 63 nionem puniatur, quaſi vera religio ſit opinio

516 326 647 62 quædam & hominum commentum.

562 374 815 58 Honeſtas decorum propriè eſt, vt non tantùm

513 421 861 62 noſtra cum proximo commercia regantur rectis

513 468 861 58 & æquis legibus, ſed etiam omnis honeſta mo¬

513 519 862 56 deſtáque conuerſatio inter nos locum habeat, e¬

513 568 862 59 tiam in rebus mediis, & quas indifferentes vocãt,

514 617 861 55 veluti in communi veſtitu, victu, officio, & qua¬

512 669 866 56 tenus pro quoque hominum genere & vocatione

514 712 863 61 diſtinctio quædam officiorum eſt inter homines

516 759 862 57 adhibenda. Hæc ἀταξία ordo & politia honeſta

522 811 855 61 magnam ædificationem habet, & veræ pietatis

526 859 471 57 quodammodo cuſtos eſt.

556 904 824 61 Confutat autem hic locus pulcherrimè Ana¬

517 951 863 63 baptiſtas, qui Magiſtratum ex Eccleſia Dei tol¬

516 1001 864 61 lunt, vt peſtiferam ἀναρχίαν inducant. Quàm ſit au¬

516 1050 866 60 tem illius vſus vtilis & Eccleſiæ neceſſarius vel

523 1097 822 57 vna hæc Pauli ſententia perſpicuè demonſtrat.

567 1150 813 57 Sed quæſitum eſt, Num pro ijs tantùm Magi¬

516 1195 866 60 ſtratibus ſit precandum, qui ſuo rectè defungun¬

517 1245 863 57 tur officio, & à quibus pax, pietas, honeſtáſque

516 1291 863 52 conſtituitur aut conſeruatur. Reſp. Ipſum Ma¬

516 1337 864 63 giſtratus finem, qualis à Deo præſcribitur, ſpe¬

517 1392 865 55 ctandum, non autem vitia perſonarum quæ eos

518 1445 861 46 gerunt. Hic enim in vniuerſum harum vocatio¬

512 1483 871 59 num finis eſt, quem proponit Paulus, propter quẽ

513 1531 867 57 nobis commẽdati eſſe debent Magiſtratus, id eſt,

512 1580 868 57 qui munus publicum gerunt, quanquam malè of¬

512 1628 866 61 ficio ſuo fangantur. Sed pro bonis orandum eſt,

512 1679 868 55 vt eos nobis Dominus conſeruet. Pro malis au¬

513 1728 866 66 tem vt eos conuer tat & ad officium faciundum

1232 1778 145 57 excitet
