1482 2195
518 169 63 62 44

679 144 551 73 AD I. PAVL. AD TIM.

516 196 859 91 putet contempto ſpretóque Euangelio ſalutem

514 244 863 86 æternam conſequi poſſe, ad quam ſola fides eſt

517 294 859 85 via. Id quod tamen hodie multi factitant, quà

518 347 857 82 quẽque in ſua, quam vocant, religione ſaluum

519 392 858 82 fieri ſentiunt. Quæ fuit Rethorianorum hæreſis,

518 444 857 80 nunc autem eſt Turcarum impiiſſima ſententia.

569 490 806 74 Variè verò de horum verborum. Vult Deus

522 536 858 86 omnes ſaluos fieri ſenſu quæſitum eſt, quemad¬

522 589 855 80 modum ex Auguſtino apparet in Enchirid. cap.

522 635 859 80 1o3. Primùm enim videntur Libertiniſtarum, &

521 687 861 78 Origeniſtarum errorem confirmare, qui negant

523 734 857 78 vllum hominem eſſe à Deo damnandum, & æ¬

526 779 854 84 terna morte puniendum. Deinde etiam fauere

526 827 859 84 eorum errori, qui reprobationem Dei prorſus

526 872 859 83 tollunt, quaſi omnes homines ſint à Deo electi,

526 922 859 77 nulli autem roprobati. Denique hoc ipſo loco

529 967 859 85 perperam explicato ſe tuentur & Pelagiani, qui

526 1017 859 86 liberum ad vtranque benè & malè agendi ele¬

527 1068 863 74 ctionem arbitrium in nobis ſtatuunt: & Semipe¬

529 1113 862 88 lagiani quoque, qui Dei gratiã de congruo quam

530 1172 859 74 appellant, cum libero noſtro arbitrio tanquam

519 1210 869 76 duo ſimul & æqualiter cooperantia in benè agẽ¬

530 1264 868 78 do coniungunt. Hi verò errores omnes, ex eo

532 1308 860 75 naſcuntur, quòd vox ipſa omnes, non rectè ſu¬

531 1360 862 75 mitur hoc loco. Ac Scholaſtici quidem nonnun¬

532 1403 863 76 quam ita ſentiunt ideo omnes dici à Deo ſaluos

532 1451 863 82 fieri quia dedit Deus omnibus hominibus natu¬

530 1500 863 81 ram per nos ordinabilem ad felicitatẽ vt loquun¬

531 1551 864 72 tur. Contrà verò noſtra felicitas non ex naturæ

531 1600 863 75 noſtræ conditione, ſed ex mera Dei gratia pen¬

531 1645 864 81 det, & eatenus ordinabilis eſt ad eam noſtra na¬

531 1691 863 84 tura, quatenus Deus ipſe nos ita fingit, deſtinat,

529 1740 862 95 & ordinat: non autem quatenus reliquis homi¬

1267 1796 123 60 nibus
