<?xml version="1.0" encoding="UTF-8"?>
<alto xmlns:xsi="http://www.w3.org/2001/XMLSchema-instance"
      xmlns="http://www.loc.gov/standards/alto/ns-v4#"
      xsi:schemaLocation="http://www.loc.gov/standards/alto/ns-v4# http://www.loc.gov/standards/alto/v4/alto-4-2.xsd">
  <Description>
    <MeasurementUnit>pixel</MeasurementUnit>
    <sourceImageInformation>
      <fileName>2012961.png</fileName>
    </sourceImageInformation>
  </Description>
  <Tags>
    <OtherTag ID="BT7" LABEL="CustomZone" DESCRIPTION="block type CustomZone"/><OtherTag ID="BT8" LABEL="DamageZone" DESCRIPTION="block type DamageZone"/><OtherTag ID="BT9" LABEL="DigitizationArtefactZone" DESCRIPTION="block type DigitizationArtefactZone"/><OtherTag ID="BT10" LABEL="DropCapitalZone" DESCRIPTION="block type DropCapitalZone"/><OtherTag ID="BT11" LABEL="GraphicZone" DESCRIPTION="block type GraphicZone"/><OtherTag ID="BT12" LABEL="MainZone" DESCRIPTION="block type MainZone"/><OtherTag ID="BT13" LABEL="MarginTextZone" DESCRIPTION="block type MarginTextZone"/><OtherTag ID="BT14" LABEL="MusicZone" DESCRIPTION="block type MusicZone"/><OtherTag ID="BT15" LABEL="NumberingZone" DESCRIPTION="block type NumberingZone"/><OtherTag ID="BT17" LABEL="QuireMarksZone" DESCRIPTION="block type QuireMarksZone"/><OtherTag ID="BT18" LABEL="RunningTitleZone" DESCRIPTION="block type RunningTitleZone"/><OtherTag ID="BT19" LABEL="SealZone" DESCRIPTION="block type SealZone"/><OtherTag ID="BT20" LABEL="StampZone" DESCRIPTION="block type StampZone"/><OtherTag ID="BT21" LABEL="TableZone" DESCRIPTION="block type TableZone"/><OtherTag ID="BT22" LABEL="TitlePageZone" DESCRIPTION="block type TitlePageZone"/><OtherTag ID="BT3211" LABEL="MainZone-Continued" DESCRIPTION="block type MainZone-Continued"/><OtherTag ID="BT3212" LABEL="MainZone-Head" DESCRIPTION="block type MainZone-Head"/><OtherTag ID="BT3213" LABEL="MainZone-P" DESCRIPTION="block type MainZone-P"/><OtherTag ID="BT3214" LABEL="MarginTextZone-ManuscriptAddendum" DESCRIPTION="block type MarginTextZone-ManuscriptAddendum"/><OtherTag ID="BT3215" LABEL="MarginTextZone-Notes" DESCRIPTION="block type MarginTextZone-Notes"/><OtherTag ID="BT3216" LABEL="MainZone-Entry" DESCRIPTION="block type MainZone-Entry"/>
    <OtherTag ID="LT7" LABEL="CustomLine" DESCRIPTION="line type CustomLine"/><OtherTag ID="LT8" LABEL="DefaultLine" DESCRIPTION="line type DefaultLine"/><OtherTag ID="LT9" LABEL="DropCapitalLine" DESCRIPTION="line type DropCapitalLine"/><OtherTag ID="LT10" LABEL="HeadingLine" DESCRIPTION="line type HeadingLine"/><OtherTag ID="LT11" LABEL="InterlinearLine" DESCRIPTION="line type InterlinearLine"/><OtherTag ID="LT12" LABEL="MusicLine" DESCRIPTION="line type MusicLine"/><OtherTag ID="LT63" LABEL="CustomLine : BiblicalText" DESCRIPTION="line type CustomLine : BiblicalText"/>
  </Tags>
  <Layout>
    <Page WIDTH="1482"
          HEIGHT="2195"
          PHYSICAL_IMG_NR="11"
          ID="eSc_dummypage_">
      <PrintSpace HPOS="0"
                  VPOS="0"
                  WIDTH="1482"
                  HEIGHT="2195">
        <TextBlock HPOS="365"
                   VPOS="139"
                   WIDTH="283"
                   HEIGHT="54"
                   ID="block_1"
                   TAGREFS="BT18">
          <Shape><Polygon POINTS="648 139 648 194 365 194 365 139"/></Shape>
          <TextLine ID="eSc_line_1e861010"
                    TAGREFS="LT8"
                    BASELINE="368 180 644 178" 
                    HPOS="367"
                    VPOS="135"
                    WIDTH="277"
                    HEIGHT="61">
            <Shape><Polygon POINTS="637 148 625 144 622 144 611 144 599 144 586 143 585 143 559 147 546 149 531 146 506 139 504 139 503 139 502 139 501 139 491 144 479 151 444 151 426 143 413 135 412 135 411 135 369 139 367 143 368 180 368 192 436 196 437 196 449 194 473 189 491 194 499 196 499 196 501 196 518 194 574 188 581 194 581 194 582 194 584 194 585 196 642 196 644 178 642 153 637 148"/></Shape>
            <String CONTENT="CAPVT II."
                    HPOS="367"
                    VPOS="135"
                    WIDTH="277"
                    HEIGHT="61"
                    WC="0.999116791619195"></String>
          </TextLine>
        </TextBlock>
        <TextBlock HPOS="904"
                   VPOS="148"
                   WIDTH="67"
                   HEIGHT="54"
                   ID="block_2"
                   TAGREFS="BT15">
          <Shape><Polygon POINTS="972 148 972 203 904 203 904 148"/></Shape>
          <TextLine ID="eSc_line_2cd310af"
                    TAGREFS="LT8"
                    BASELINE="920 194 965 191" 
                    HPOS="918"
                    VPOS="143"
                    WIDTH="48"
                    HEIGHT="66">
            <Shape><Polygon POINTS="954 152 941 147 932 144 927 143 918 146 920 194 920 208 965 208 965 191 963 154 954 152"/></Shape>
            <String CONTENT="40"
                    HPOS="918"
                    VPOS="143"
                    WIDTH="48"
                    HEIGHT="66"
                    WC="0.999658495187759"></String>
          </TextLine>
        </TextBlock>
        <TextBlock HPOS="92"
                   VPOS="202"
                   WIDTH="897"
                   HEIGHT="246"
                   ID="block_0"
                   TAGREFS="BT3211">
          <Shape><Polygon POINTS="977 202 989 445 92 448 95 202"/></Shape>
          <TextLine ID="eSc_line_cb1289a1"
                    TAGREFS="LT8"
                    BASELINE="106 244 972 239" 
                    HPOS="104"
                    VPOS="194"
                    WIDTH="868"
                    HEIGHT="67">
            <Shape><Polygon POINTS="106 244 106 261 159 253 192 261 196 261 197 261 206 261 278 253 302 259 307 261 308 261 309 261 311 261 313 259 329 252 436 252 449 258 452 259 453 259 454 259 462 258 489 252 499 258 503 259 504 259 506 259 516 258 536 253 557 257 563 258 564 258 566 258 569 257 589 251 661 257 686 258 687 258 689 258 692 256 704 251 717 256 719 257 720 257 722 257 972 253 972 239 969 208 872 208 872 207 849 194 847 194 846 194 845 194 830 201 811 194 809 194 809 194 807 194 761 207 754 208 745 207 704 194 702 194 701 194 699 194 680 203 662 196 661 196 659 196 658 196 640 206 627 199 626 199 625 199 624 199 622 199 614 206 608 209 575 209 571 206 558 194 557 194 556 194 554 194 554 194 522 203 479 197 477 197 476 197 457 204 454 206 452 204 434 196 432 196 387 196 386 196 385 196 384 196 374 204 368 209 328 204 274 197 212 197 211 197 209 197 208 197 198 203 185 212 147 212 133 203 123 198 121 198 121 198 119 198 112 199 104 206"/></Shape>
            <String CONTENT="rent, indicta eſſet. Nullos enim&#x27; aut paucos o¬"
                    HPOS="104"
                    VPOS="194"
                    WIDTH="868"
                    HEIGHT="67"
                    WC="0.987743522258515"></String>
          </TextLine>
          <TextLine ID="eSc_line_0a46eda4"
                    TAGREFS="LT8"
                    BASELINE="109 289 972 287" 
                    HPOS="108"
                    VPOS="251"
                    WIDTH="863"
                    HEIGHT="53">
            <Shape><Polygon POINTS="109 289 109 303 969 304 972 287 970 261 936 251 935 251 884 251 882 251 882 251 880 251 868 259 835 251 834 251 832 251 779 259 777 261 690 261 689 259 677 251 676 251 675 251 674 251 672 251 646 259 645 261 612 261 612 259 604 252 602 252 601 252 599 252 599 252 597 252 585 259 584 261 539 261 532 259 508 252 507 252 429 252 428 252 426 252 426 252 414 259 411 262 326 262 323 259 308 252 307 252 306 252 304 252 303 252 294 259 292 259 287 259 239 253 239 253 212 259 202 261 108 259 109 289"/></Shape>
            <String CONTENT="mnino reges pios fuiſſe contendunt, vel Eccleſiæ"
                    HPOS="108"
                    VPOS="251"
                    WIDTH="863"
                    HEIGHT="53"
                    WC="0.969619128853083"></String>
          </TextLine>
          <TextLine ID="eSc_line_35a1f73b"
                    TAGREFS="LT8"
                    BASELINE="109 335 969 337" 
                    HPOS="108"
                    VPOS="298"
                    WIDTH="861"
                    HEIGHT="51">
            <Shape><Polygon POINTS="109 335 108 348 967 349 969 337 965 307 954 309 951 307 944 299 942 299 941 299 889 299 887 299 886 299 872 306 870 307 869 306 854 299 854 299 804 299 802 299 801 299 781 306 768 309 742 309 739 306 731 299 730 299 729 299 656 299 654 299 654 299 640 304 627 309 359 309 352 303 344 298 344 298 342 298 341 298 306 303 274 309 233 309 226 303 221 299 221 298 221 298 219 298 218 298 216 298 207 303 196 309 154 309 144 303 138 298 136 298 135 298 134 298 109 302 109 335"/></Shape>
            <String CONTENT="fauentes. Sed eorum argumentis ineptiſſimis &amp;"
                    HPOS="108"
                    VPOS="298"
                    WIDTH="861"
                    HEIGHT="51"
                    WC="0.991042788823446"></String>
          </TextLine>
          <TextLine ID="eSc_line_d136cac2"
                    TAGREFS="LT8"
                    BASELINE="107 382 967 385" 
                    HPOS="106"
                    VPOS="344"
                    WIDTH="861"
                    HEIGHT="57">
            <Shape><Polygon POINTS="107 382 106 394 121 401 121 401 123 401 527 396 537 402 539 402 540 402 541 402 965 396 967 385 965 357 869 357 868 354 859 347 859 346 857 346 856 346 751 346 749 346 749 346 727 353 719 356 717 353 709 347 709 346 708 346 707 346 677 346 676 346 675 346 674 346 666 352 662 354 658 352 646 346 645 346 596 346 594 346 594 346 592 346 592 347 586 352 582 356 544 356 530 351 514 344 513 344 512 344 511 344 497 351 487 354 464 349 436 344 435 344 434 344 421 349 404 356 373 356 362 348 357 344 356 344 354 344 353 344 352 344 337 348 313 354 107 346 107 382"/></Shape>
            <String CONTENT="falſiſſimis reſpondet Auguſtinus in lib. Contra"
                    HPOS="106"
                    VPOS="344"
                    WIDTH="861"
                    HEIGHT="57"
                    WC="0.995674205587265"></String>
          </TextLine>
          <TextLine ID="eSc_line_44eeabd8"
                    TAGREFS="LT8"
                    BASELINE="107 434 617 431" 
                    HPOS="106"
                    VPOS="392"
                    WIDTH="511"
                    HEIGHT="59">
            <Shape><Polygon POINTS="107 434 107 444 344 451 346 451 347 451 359 447 376 442 468 442 614 449 617 431 614 403 518 403 474 392 473 392 472 392 449 402 442 394 442 394 441 394 440 394 416 392 414 392 413 392 412 392 412 394 402 402 371 392 371 392 369 392 368 392 367 392 367 394 357 403 308 394 307 394 306 394 279 404 242 404 226 394 224 394 223 394 221 394 221 394 219 394 219 394 209 404 153 404 144 394 144 394 143 394 141 394 116 394 114 394 113 394 112 394 112 394 111 394 106 399 107 434"/></Shape>
            <String CONTENT="ſecundam Epiſt. Gaudentij."
                    HPOS="106"
                    VPOS="392"
                    WIDTH="511"
                    HEIGHT="59"
                    WC="0.993872718169139"></String>
          </TextLine>
        </TextBlock>
        <TextBlock HPOS="95"
                   VPOS="457"
                   WIDTH="884"
                   HEIGHT="330"
                   ID="eSc_textblock_140eb65a"
                   TAGREFS="BT3213">
          <Shape><Polygon POINTS="95 457 95 787 979 787 979 457"/></Shape>
          <TextLine ID="eSc_line_d248efb5"
                    TAGREFS="LT8"
                    BASELINE="154 480 968 482" 
                    HPOS="153"
                    VPOS="440"
                    WIDTH="814"
                    HEIGHT="64">
            <Shape><Polygon POINTS="154 480 153 491 163 499 163 501 164 501 166 501 166 502 235 502 235 501 236 501 266 492 289 501 289 501 291 501 369 492 399 499 399 499 401 499 414 492 464 499 466 499 547 492 561 492 567 494 616 502 617 503 691 503 691 502 692 502 694 502 704 494 707 494 732 494 735 494 746 502 747 502 749 502 749 502 751 502 772 494 775 494 806 494 807 494 815 502 817 502 818 502 819 503 859 503 859 502 859 502 872 496 877 494 885 496 907 502 908 502 909 502 967 496 968 482 967 442 865 441 864 441 863 441 857 442 831 451 814 444 809 441 809 441 759 441 758 441 757 441 749 444 731 451 714 444 706 441 704 441 704 441 702 441 701 441 701 442 697 444 690 452 614 452 604 444 601 442 599 442 599 442 597 442 596 442 587 446 572 451 563 446 554 440 554 440 552 440 504 440 503 440 502 440 490 446 485 449 473 446 434 440 432 440 431 440 430 440 421 447 416 451 257 451 256 449 247 442 247 441 246 441 244 441 173 440 171 440 171 440 154 447 154 480"/></Shape>
            <String CONTENT="Addit autem rationẽ Paulus, quò &amp; ſuperiorẽ"
                    HPOS="153"
                    VPOS="440"
                    WIDTH="814"
                    HEIGHT="64"
                    WC="0.984323839778485"></String>
          </TextLine>
          <TextLine ID="eSc_line_9cf7ed46"
                    TAGREFS="LT8"
                    BASELINE="107 527 967 526" 
                    HPOS="106"
                    VPOS="491"
                    WIDTH="861"
                    HEIGHT="53">
            <Shape><Polygon POINTS="107 527 107 541 964 544 967 526 964 499 895 499 894 499 885 491 884 491 882 491 882 491 880 491 862 499 860 499 815 499 813 497 804 491 804 491 802 491 801 491 800 491 775 497 770 499 765 497 747 491 746 491 745 491 744 491 742 491 735 497 734 499 730 497 714 491 713 491 712 491 711 491 696 497 691 499 617 499 612 496 604 491 604 491 602 491 601 491 599 491 590 496 585 499 575 496 558 491 557 491 556 491 534 496 517 499 485 494 449 491 447 491 431 494 414 499 404 494 396 491 394 491 394 491 392 491 391 491 386 494 379 499 371 494 366 491 364 491 363 491 346 494 321 499 297 494 284 491 283 491 259 494 208 499 183 492 176 491 175 491 174 491 166 492 136 499 106 492 107 527"/></Shape>
            <String CONTENT="exhortationẽ, confirmet, &amp; nos ardentiùs inflam¬"
                    HPOS="106"
                    VPOS="491"
                    WIDTH="861"
                    HEIGHT="53"
                    WC="0.996444971561432"></String>
          </TextLine>
          <TextLine ID="eSc_line_576853c4"
                    TAGREFS="LT8"
                    BASELINE="106 579 970 576" 
                    HPOS="104"
                    VPOS="537"
                    WIDTH="866"
                    HEIGHT="59">
            <Shape><Polygon POINTS="106 579 106 589 253 596 254 596 307 591 329 589 337 591 354 596 356 596 357 596 404 591 435 589 441 591 449 596 451 596 452 596 476 592 494 589 503 592 514 596 516 596 517 596 572 594 573 594 574 594 576 592 587 587 692 587 724 594 731 594 732 596 834 596 834 594 835 594 837 594 860 587 868 594 869 594 870 594 872 596 969 596 970 576 969 544 952 537 951 537 846 537 845 537 844 537 842 537 836 544 829 537 827 537 827 537 749 537 749 537 747 537 746 537 735 544 735 546 691 546 691 544 652 537 651 537 649 537 649 537 637 546 580 546 552 537 551 537 549 537 549 537 534 546 532 546 531 546 511 539 509 539 508 539 454 546 451 546 446 546 367 539 366 539 321 546 313 539 312 539 311 539 281 539 280 539 279 539 262 546 262 547 261 547 152 547 124 539 123 539 121 539 121 539 104 544 106 579"/></Shape>
            <String CONTENT="met, atq; ſtimulos addat &amp; excitet ad officiũ. Eſt"
                    HPOS="104"
                    VPOS="537"
                    WIDTH="866"
                    HEIGHT="59"
                    WC="0.983934894496319"></String>
          </TextLine>
          <TextLine ID="eSc_line_d2c7383b"
                    TAGREFS="LT8"
                    BASELINE="107 622 965 625" 
                    HPOS="106"
                    VPOS="586"
                    WIDTH="859"
                    HEIGHT="58">
            <Shape><Polygon POINTS="107 622 106 635 148 644 149 644 151 644 166 637 248 644 249 644 329 637 335 637 339 637 376 644 376 644 378 644 379 644 387 637 389 637 390 637 407 644 408 644 409 644 434 639 440 637 535 637 540 639 552 645 554 645 554 645 964 642 965 625 963 590 912 594 867 590 844 587 842 587 829 590 806 594 780 590 763 587 762 587 761 587 754 590 745 596 695 596 667 591 646 587 645 587 644 587 632 591 619 596 544 596 541 591 536 587 536 586 535 586 534 586 492 586 491 586 490 586 489 586 484 591 480 594 466 591 431 586 430 586 429 586 428 586 419 591 414 594 326 594 319 592 303 586 302 586 301 586 299 586 298 586 291 592 289 594 281 592 257 587 256 587 233 592 226 594 223 592 208 586 207 586 206 586 204 586 192 592 191 594 107 594 107 622"/></Shape>
            <String CONTENT="autẽ ducta hæc ratio ab immenſa quadã vtilitate,"
                    HPOS="106"
                    VPOS="586"
                    WIDTH="859"
                    HEIGHT="58"
                    WC="0.982938803434372"></String>
          </TextLine>
          <TextLine ID="eSc_line_76185537"
                    TAGREFS="LT8"
                    BASELINE="109 672 968 670" 
                    HPOS="108"
                    VPOS="635"
                    WIDTH="859"
                    HEIGHT="60">
            <Shape><Polygon POINTS="109 672 109 687 140 694 141 694 143 694 144 694 149 687 153 686 168 687 204 692 206 692 207 692 224 687 228 687 230 687 252 694 253 694 254 694 256 694 257 694 266 687 269 686 271 687 284 694 285 694 286 694 318 687 326 686 328 687 334 694 335 694 336 694 337 695 373 695 373 694 416 687 428 686 441 687 471 691 472 691 513 687 542 685 547 687 557 692 558 692 559 692 561 692 580 687 585 686 586 687 591 692 592 692 594 692 594 692 596 692 607 687 611 686 625 687 679 692 680 692 681 692 697 687 704 685 764 685 769 687 777 692 777 692 779 692 780 692 967 686 968 670 965 644 927 635 927 635 852 641 839 635 837 635 836 635 835 635 809 642 807 644 740 644 737 642 724 635 722 635 722 635 720 635 719 635 709 641 708 642 699 641 644 635 642 635 641 635 629 641 624 641 574 636 573 636 544 641 526 645 379 645 374 640 371 636 369 636 368 636 321 636 319 636 318 636 317 636 314 639 309 644 294 639 284 636 283 636 281 636 268 639 246 644 108 639 109 672"/></Shape>
            <String CONTENT="quæ triplex hîc enumeratur, nimirum quòd Ma¬"
                    HPOS="108"
                    VPOS="635"
                    WIDTH="859"
                    HEIGHT="60"
                    WC="0.998896961626799"></String>
          </TextLine>
          <TextLine ID="eSc_line_58f4f582"
                    TAGREFS="LT8"
                    BASELINE="107 722 970 722" 
                    HPOS="107"
                    VPOS="682"
                    WIDTH="863"
                    HEIGHT="60">
            <Shape><Polygon POINTS="107 722 107 742 209 736 289 741 312 742 313 742 348 741 439 736 449 740 457 742 458 742 459 742 485 740 517 736 662 739 939 742 940 742 970 735 970 722 970 694 934 694 934 692 922 682 920 682 919 682 918 682 868 690 847 685 846 685 845 685 844 685 842 685 831 692 754 682 713 682 712 682 711 682 709 682 694 692 692 694 656 694 654 692 629 682 627 682 626 682 625 682 601 691 582 682 581 682 580 682 579 682 547 692 535 682 534 682 532 682 471 682 469 682 468 682 467 682 454 691 399 684 399 684 397 684 380 692 379 692 376 692 344 686 342 686 219 692 199 692 196 692 166 682 166 682 164 682 107 691 107 722"/></Shape>
            <String CONTENT="giſtratuum ope &amp; miniſterio Pax, Pietas, &amp; Ho¬"
                    HPOS="107"
                    VPOS="682"
                    WIDTH="863"
                    HEIGHT="60"
                    WC="0.996612298747768"></String>
          </TextLine>
          <TextLine ID="eSc_line_bc562ad2"
                    TAGREFS="LT8"
                    BASELINE="104 770 968 768" 
                    HPOS="103"
                    VPOS="729"
                    WIDTH="864"
                    HEIGHT="61">
            <Shape><Polygon POINTS="104 770 104 790 141 782 191 789 192 789 194 789 206 782 276 789 278 789 468 782 517 789 518 789 519 789 636 787 637 787 652 781 701 787 702 787 704 787 722 781 965 787 968 768 964 737 867 737 864 737 852 729 851 729 850 729 849 729 847 729 846 729 837 736 814 729 813 729 812 729 811 729 809 729 809 730 801 737 800 739 711 739 709 737 695 730 694 730 692 730 656 737 654 737 652 737 556 729 554 729 554 729 552 729 541 736 509 730 508 730 452 739 447 739 446 739 430 730 429 730 428 730 356 739 351 739 348 739 312 731 311 731 309 731 283 739 281 739 259 730 258 730 257 730 223 737 161 730 159 730 103 739 104 770"/></Shape>
            <String CONTENT="neſtas inter homines ſtabilitur &amp; conſeruatur."
                    HPOS="103"
                    VPOS="729"
                    WIDTH="864"
                    HEIGHT="61"
                    WC="0.987308271553205"></String>
          </TextLine>
        </TextBlock>
        <TextBlock HPOS="101"
                   VPOS="781"
                   WIDTH="878"
                   HEIGHT="336"
                   ID="eSc_textblock_1b656700"
                   TAGREFS="BT3213">
          <Shape><Polygon POINTS="101 787 101 1118 979 1118 979 781"/></Shape>
          <TextLine ID="eSc_line_e26bc405"
                    TAGREFS="LT8"
                    BASELINE="157 818 968 818" 
                    HPOS="157"
                    VPOS="777"
                    WIDTH="811"
                    HEIGHT="61">
            <Shape><Polygon POINTS="157 818 157 839 480 832 577 837 597 839 599 839 614 837 684 832 967 836 968 818 968 786 925 777 860 777 859 777 859 777 839 785 837 785 829 785 713 779 712 779 711 779 691 784 684 777 682 777 681 777 680 777 625 784 614 785 612 784 602 777 601 777 599 777 552 777 551 777 549 777 536 784 532 786 479 786 476 784 467 777 466 777 464 777 463 777 462 777 447 784 441 785 434 784 417 779 416 779 414 779 413 779 396 782 387 785 385 782 379 777 378 777 376 777 376 777 328 782 303 785 157 782 157 818"/></Shape>
            <String CONTENT="Ac pax quidem ſiue tranquillitas tum publica"
                    HPOS="157"
                    VPOS="777"
                    WIDTH="811"
                    HEIGHT="61"
                    WC="0.988511536609043"></String>
          </TextLine>
          <TextLine ID="eSc_line_fda3798d"
                    TAGREFS="LT8"
                    BASELINE="106 867 965 863" 
                    HPOS="106"
                    VPOS="827"
                    WIDTH="859"
                    HEIGHT="57">
            <Shape><Polygon POINTS="106 884 964 880 965 863 963 835 904 827 902 827 872 834 870 834 862 827 860 827 859 827 859 827 857 827 836 834 835 834 825 834 707 827 706 827 664 832 647 836 607 836 604 832 597 827 596 827 594 827 594 827 592 827 575 832 566 835 554 832 539 827 537 827 536 827 535 827 523 832 517 834 511 831 496 827 494 827 494 827 352 829 351 829 349 829 347 831 339 836 299 831 284 829 283 829 281 829 276 830 263 836 179 830 156 829 154 829 153 829 149 830 129 836 106 830 106 867 106 884"/></Shape>
            <String CONTENT="tum priuata, ad quam conſtituendam ordinatus"
                    HPOS="106"
                    VPOS="827"
                    WIDTH="859"
                    HEIGHT="57"
                    WC="0.977171391248703"></String>
          </TextLine>
          <TextLine ID="eSc_line_089d2352"
                    TAGREFS="LT8"
                    BASELINE="107 914 964 912" 
                    HPOS="106"
                    VPOS="872"
                    WIDTH="859"
                    HEIGHT="62">
            <Shape><Polygon POINTS="107 914 107 935 153 927 226 932 228 932 229 932 230 932 239 927 304 932 318 934 319 934 349 932 449 927 529 930 590 932 591 932 592 932 601 929 612 925 669 927 752 932 754 932 784 927 794 925 806 927 856 932 857 932 859 932 859 932 870 925 877 932 877 932 879 932 940 932 941 932 942 932 964 924 964 912 962 882 854 882 824 872 822 872 822 872 820 872 819 872 806 882 769 875 768 875 677 882 649 872 647 872 646 872 645 872 624 882 552 872 551 872 549 872 534 880 526 875 526 875 524 875 523 875 418 882 409 874 408 874 407 874 376 874 376 874 374 874 356 882 354 882 353 882 328 874 326 874 326 874 269 880 209 874 208 874 207 874 206 874 194 882 186 874 185 874 184 874 134 874 133 874 131 874 106 882 107 914"/></Shape>
            <String CONTENT="eſt à Deo Magiſtratus: atque etiam Dei præce¬"
                    HPOS="106"
                    VPOS="872"
                    WIDTH="859"
                    HEIGHT="62"
                    WC="0.990034681299458"></String>
          </TextLine>
          <TextLine ID="eSc_line_54926b93"
                    TAGREFS="LT8"
                    BASELINE="107 962 960 962" 
                    HPOS="107"
                    VPOS="922"
                    WIDTH="854"
                    HEIGHT="59">
            <Shape><Polygon POINTS="107 962 107 982 158 975 176 982 178 982 179 982 960 975 960 962 960 934 836 934 804 922 804 922 802 922 801 922 780 932 744 922 742 922 741 922 740 922 702 932 691 924 691 922 690 922 689 922 664 922 663 922 662 922 632 932 601 922 599 922 599 922 597 922 596 922 580 932 549 922 549 922 547 922 504 929 481 922 480 922 479 922 477 922 476 922 476 924 468 930 461 925 459 925 458 925 457 925 330 932 311 922 309 922 207 922 206 922 204 922 203 922 196 929 176 925 175 925 174 925 158 932 152 925 151 925 149 925 148 925 107 932 107 962"/></Shape>
            <String CONTENT="pto gladiũ gerit, vt docet idem Paulus Rom.13."
                    HPOS="107"
                    VPOS="922"
                    WIDTH="854"
                    HEIGHT="59"
                    WC="0.989877581596375"></String>
          </TextLine>
          <TextLine ID="eSc_line_8e9bad7b"
                    TAGREFS="LT8"
                    BASELINE="112 1009 962 1009" 
                    HPOS="112"
                    VPOS="970"
                    WIDTH="850"
                    HEIGHT="59">
            <Shape><Polygon POINTS="112 1009 112 1020 149 1027 151 1029 236 1029 236 1027 238 1027 239 1027 247 1022 248 1022 266 1023 358 1027 359 1027 401 1024 423 1022 452 1024 499 1027 499 1027 501 1027 509 1024 518 1022 960 1027 962 1009 959 970 935 980 835 980 800 972 796 972 795 972 794 972 792 972 781 980 649 980 636 974 630 970 629 970 468 970 467 970 430 975 406 979 385 977 344 970 342 970 341 970 321 977 316 979 311 977 301 972 299 972 241 970 239 970 194 977 186 979 185 977 173 970 171 970 171 970 169 970 168 970 152 977 128 970 126 970 125 970 124 970 123 970 112 977 112 1009"/></Shape>
            <String CONTENT="Vtraque verò pax eſt Dei donum, &amp; ſummum"
                    HPOS="112"
                    VPOS="970"
                    WIDTH="850"
                    HEIGHT="59"
                    WC="0.977135796372483"></String>
          </TextLine>
          <TextLine ID="eSc_line_8e609194"
                    TAGREFS="LT8"
                    BASELINE="104 1058 962 1058" 
                    HPOS="104"
                    VPOS="1018"
                    WIDTH="858"
                    HEIGHT="61">
            <Shape><Polygon POINTS="104 1058 104 1072 214 1072 224 1077 226 1077 226 1077 228 1079 328 1079 328 1077 329 1077 330 1077 341 1072 563 1077 564 1077 616 1072 647 1077 649 1077 718 1072 813 1077 814 1077 857 1072 906 1077 907 1077 962 1070 962 1058 959 1019 940 1024 927 1019 924 1018 922 1018 922 1018 920 1018 918 1019 904 1027 860 1027 851 1019 850 1018 849 1018 847 1018 846 1018 836 1019 790 1027 768 1020 767 1020 765 1020 730 1027 719 1019 718 1018 717 1018 716 1018 714 1018 692 1019 613 1027 573 1019 559 1018 558 1018 537 1020 499 1024 494 1020 492 1018 491 1018 490 1018 413 1018 412 1018 411 1018 406 1020 392 1027 308 1027 292 1020 285 1018 284 1018 239 1018 238 1018 236 1018 235 1018 233 1020 226 1027 211 1020 202 1018 201 1018 199 1018 198 1018 191 1020 175 1027 104 1022 104 1058"/></Shape>
            <String CONTENT="omninóque neceſſarium humanæ ſocietatis reti¬"
                    HPOS="104"
                    VPOS="1018"
                    WIDTH="858"
                    HEIGHT="61"
                    WC="0.983186082995456"></String>
          </TextLine>
          <TextLine ID="eSc_line_f8866f43"
                    TAGREFS="LT8"
                    BASELINE="107 1105 421 1103" 
                    HPOS="106"
                    VPOS="1065"
                    WIDTH="316"
                    HEIGHT="55">
            <Shape><Polygon POINTS="107 1105 107 1120 421 1119 421 1103 419 1077 333 1065 331 1065 330 1065 309 1075 247 1067 246 1067 244 1067 221 1075 190 1067 189 1067 188 1067 106 1077 107 1105"/></Shape>
            <String CONTENT="nendæ vinculum."
                    HPOS="106"
                    VPOS="1065"
                    WIDTH="316"
                    HEIGHT="55"
                    WC="0.962687277793884"></String>
          </TextLine>
        </TextBlock>
        <TextBlock HPOS="101"
                   VPOS="1123"
                   WIDTH="878"
                   HEIGHT="672"
                   ID="eSc_textblock_6d10f634"
                   TAGREFS="BT3213">
          <Shape><Polygon POINTS="979 1123 976 1796 101 1796 101 1126"/></Shape>
          <TextLine ID="eSc_line_be8cca97"
                    TAGREFS="LT8"
                    BASELINE="156 1150 964 1155" 
                    HPOS="154"
                    VPOS="1109"
                    WIDTH="810"
                    HEIGHT="62">
            <Shape><Polygon POINTS="156 1150 154 1160 168 1168 169 1168 171 1168 316 1163 494 1170 494 1170 622 1165 640 1172 641 1172 642 1172 963 1167 964 1155 964 1125 920 1125 919 1124 910 1115 910 1114 909 1114 908 1114 907 1114 844 1123 827 1124 822 1122 804 1113 802 1113 801 1113 704 1119 651 1123 627 1118 597 1112 596 1112 523 1115 503 1117 484 1115 436 1110 435 1110 412 1114 369 1120 347 1113 344 1112 344 1112 342 1112 341 1112 339 1112 321 1120 216 1120 194 1109 192 1109 191 1109 156 1109 156 1150"/></Shape>
            <String CONTENT="Pietas verò, quæ Dei cultum continet etiam"
                    HPOS="154"
                    VPOS="1109"
                    WIDTH="810"
                    HEIGHT="62"
                    WC="0.994475321714268"></String>
          </TextLine>
          <TextLine ID="eSc_line_858bf6e4"
                    TAGREFS="LT8"
                    BASELINE="104 1200 963 1203" 
                    HPOS="103"
                    VPOS="1162"
                    WIDTH="859"
                    HEIGHT="56">
            <Shape><Polygon POINTS="104 1200 103 1214 960 1218 963 1203 962 1164 927 1164 927 1164 925 1164 896 1175 844 1165 842 1165 841 1165 811 1175 780 1165 775 1164 774 1164 772 1164 772 1164 770 1164 769 1165 756 1177 687 1177 677 1167 674 1164 674 1163 672 1163 672 1163 670 1163 669 1163 659 1167 641 1175 596 1175 585 1168 579 1163 577 1163 576 1163 575 1163 574 1163 563 1168 547 1175 524 1175 513 1168 504 1163 503 1163 502 1163 501 1163 499 1163 485 1168 482 1169 482 1168 476 1163 476 1163 474 1163 424 1163 423 1163 421 1163 421 1163 413 1169 407 1175 392 1175 294 1174 289 1170 276 1162 276 1162 274 1162 147 1162 146 1162 144 1162 144 1162 131 1172 131 1173 104 1173 104 1200"/></Shape>
            <String CONTENT="ad Magiſtratus politici, nõ tantùm paſtoris curã"
                    HPOS="103"
                    VPOS="1162"
                    WIDTH="859"
                    HEIGHT="56"
                    WC="0.973555679414786"></String>
          </TextLine>
          <TextLine ID="eSc_line_59c4e19e"
                    TAGREFS="LT8"
                    BASELINE="104 1250 963 1252" 
                    HPOS="103"
                    VPOS="1213"
                    WIDTH="859"
                    HEIGHT="57">
            <Shape><Polygon POINTS="104 1250 103 1262 111 1268 112 1268 113 1268 114 1268 178 1262 506 1268 507 1268 508 1268 534 1262 625 1262 636 1269 637 1269 639 1269 640 1269 724 1263 944 1269 945 1269 946 1269 962 1262 963 1252 962 1225 895 1217 894 1217 849 1224 842 1224 841 1224 829 1214 827 1214 827 1214 825 1214 824 1214 809 1222 763 1214 762 1214 713 1223 701 1224 696 1222 677 1214 676 1214 675 1214 594 1222 554 1224 532 1220 512 1217 511 1217 490 1220 472 1224 384 1224 371 1219 361 1215 359 1215 358 1215 357 1215 349 1219 339 1224 233 1224 223 1218 216 1213 216 1213 214 1213 174 1213 173 1213 171 1213 161 1217 144 1223 134 1217 129 1213 128 1213 126 1213 125 1213 104 1215 104 1250"/></Shape>
            <String CONTENT="&amp; officium pertinet, quia vtriuſque tabulæ con¬"
                    HPOS="103"
                    VPOS="1213"
                    WIDTH="859"
                    HEIGHT="57"
                    WC="0.984967202582258"></String>
          </TextLine>
          <TextLine ID="eSc_line_a51f1f6d"
                    TAGREFS="LT8"
                    BASELINE="103 1296 967 1301" 
                    HPOS="102"
                    VPOS="1258"
                    WIDTH="865"
                    HEIGHT="55">
            <Shape><Polygon POINTS="103 1296 102 1308 964 1313 967 1301 967 1273 860 1262 859 1262 859 1262 857 1262 845 1272 844 1272 704 1272 704 1270 670 1260 669 1260 668 1260 667 1260 639 1269 619 1264 618 1264 617 1264 568 1269 556 1270 554 1269 534 1260 532 1260 531 1260 486 1267 474 1260 473 1260 472 1260 414 1260 413 1260 412 1260 411 1260 401 1268 399 1270 378 1270 376 1268 367 1260 367 1260 366 1260 364 1260 363 1260 324 1268 321 1268 321 1268 297 1258 296 1258 263 1258 262 1258 261 1258 259 1258 248 1267 246 1268 163 1268 162 1267 148 1258 147 1258 146 1258 144 1258 103 1265 103 1296"/></Shape>
            <String CONTENT="ſtitutus eſt cuſtos Magiſtratus. Conuenit autem"
                    HPOS="102"
                    VPOS="1258"
                    WIDTH="865"
                    HEIGHT="55"
                    WC="0.996116122032734"></String>
          </TextLine>
          <TextLine ID="eSc_line_4dd2f098"
                    TAGREFS="LT8"
                    BASELINE="103 1345 964 1347" 
                    HPOS="103"
                    VPOS="1310"
                    WIDTH="861"
                    HEIGHT="51">
            <Shape><Polygon POINTS="103 1345 103 1360 963 1357 964 1347 964 1318 937 1310 936 1310 935 1310 841 1317 815 1319 707 1319 701 1315 686 1310 685 1310 684 1310 682 1310 666 1315 657 1319 537 1319 531 1315 524 1310 523 1310 522 1310 521 1310 519 1310 499 1314 491 1317 485 1314 472 1310 471 1310 397 1310 396 1310 394 1310 385 1314 379 1318 344 1318 339 1314 335 1310 334 1310 333 1310 331 1310 308 1313 291 1318 229 1318 221 1313 213 1310 212 1310 211 1310 192 1313 174 1317 103 1313 103 1345"/></Shape>
            <String CONTENT="hæc ſententia cum Pſalmo 101. &amp; cum exemplis"
                    HPOS="103"
                    VPOS="1310"
                    WIDTH="861"
                    HEIGHT="51"
                    ></String>
          </TextLine>
          <TextLine ID="eSc_line_9f67c0fd"
                    TAGREFS="LT8"
                    BASELINE="102 1393 965 1397" 
                    HPOS="101"
                    VPOS="1352"
                    WIDTH="864"
                    HEIGHT="65">
            <Shape><Polygon POINTS="101 1403 174 1413 175 1413 231 1405 236 1405 347 1405 352 1407 367 1413 368 1413 369 1414 369 1413 371 1413 384 1408 390 1405 404 1408 426 1412 426 1412 481 1410 531 1407 537 1410 542 1414 544 1414 544 1414 546 1414 599 1410 658 1407 672 1412 682 1415 684 1415 685 1415 704 1412 731 1408 775 1413 796 1415 797 1417 964 1417 965 1397 965 1362 951 1355 950 1355 949 1355 862 1360 839 1362 836 1360 830 1355 829 1355 827 1355 747 1355 746 1355 709 1358 681 1362 672 1358 662 1353 661 1353 659 1353 658 1353 657 1353 652 1358 649 1362 621 1362 604 1357 584 1353 582 1353 581 1353 574 1357 567 1360 547 1357 527 1353 526 1353 486 1355 429 1360 404 1355 389 1352 387 1352 342 1355 258 1360 166 1352 154 1352 153 1352 152 1352 151 1352 128 1360 103 1352 102 1393 101 1403"/></Shape>
            <String CONTENT="Ioſiæ, Ezechiæ, Theodoſij, Conſtantini Magni &amp;"
                    HPOS="101"
                    VPOS="1352"
                    WIDTH="864"
                    HEIGHT="65"
                    WC="0.985752519058145"></String>
          </TextLine>
          <TextLine ID="eSc_line_c2f6f21f"
                    TAGREFS="LT8"
                    BASELINE="102 1441 963 1443" 
                    HPOS="102"
                    VPOS="1405"
                    WIDTH="861"
                    HEIGHT="60">
            <Shape><Polygon POINTS="963 1443 963 1415 942 1408 941 1408 940 1408 865 1414 856 1414 851 1414 819 1407 701 1407 699 1407 674 1412 659 1414 649 1412 632 1407 631 1407 630 1407 629 1407 627 1407 622 1410 617 1414 594 1410 575 1408 574 1408 573 1408 564 1410 549 1414 541 1410 532 1405 531 1405 530 1405 508 1410 494 1412 485 1410 472 1405 471 1405 469 1405 468 1405 454 1410 437 1414 308 1414 276 1407 266 1405 266 1405 264 1405 261 1407 242 1414 162 1414 152 1405 151 1405 149 1405 148 1405 147 1405 114 1412 104 1405 102 1441 102 1455 234 1455 235 1455 249 1462 251 1462 252 1462 296 1455 297 1455 301 1455 457 1462 458 1462 459 1462 485 1455 486 1455 487 1455 534 1463 535 1465 630 1465 630 1463 631 1463 632 1463 645 1456 707 1463 708 1463 756 1457 934 1463 935 1463 936 1463 962 1455 963 1443"/></Shape>
            <String CONTENT="aliorum piorum regum, qui cultum Dei depraua¬"
                    HPOS="102"
                    VPOS="1405"
                    WIDTH="861"
                    HEIGHT="60"
                    WC="0.969846940040588"></String>
          </TextLine>
          <TextLine ID="eSc_line_bd11f709"
                    TAGREFS="LT8"
                    BASELINE="104 1488 960 1491" 
                    HPOS="104"
                    VPOS="1452"
                    WIDTH="856"
                    HEIGHT="60">
            <Shape><Polygon POINTS="960 1491 959 1460 770 1455 769 1455 747 1457 720 1460 702 1457 689 1455 687 1455 686 1455 681 1457 672 1462 590 1456 577 1456 576 1456 572 1456 534 1462 519 1456 514 1453 513 1453 512 1453 490 1456 441 1460 401 1455 389 1453 387 1453 386 1453 385 1453 384 1455 376 1462 308 1462 280 1453 276 1453 276 1453 274 1453 273 1453 271 1453 263 1462 118 1462 107 1452 104 1488 104 1502 135 1502 146 1510 147 1510 148 1510 149 1510 151 1510 168 1502 214 1510 216 1510 351 1510 351 1510 352 1510 382 1502 384 1502 386 1502 466 1510 467 1510 526 1502 529 1502 530 1502 557 1510 558 1510 559 1510 594 1503 604 1510 604 1510 606 1510 607 1510 727 1503 781 1510 782 1512 854 1512 854 1510 854 1510 870 1503 932 1510 934 1510 935 1510 959 1502 960 1491"/></Shape>
            <String CONTENT="tum ex ipſius verbo reformarunt &amp; reſtituerunt."
                    HPOS="104"
                    VPOS="1452"
                    WIDTH="856"
                    HEIGHT="60"
                    ></String>
          </TextLine>
          <TextLine ID="eSc_line_8e9705de"
                    TAGREFS="LT8"
                    BASELINE="104 1538 962 1538" 
                    HPOS="104"
                    VPOS="1501"
                    WIDTH="858"
                    HEIGHT="55">
            <Shape><Polygon POINTS="104 1538 104 1556 962 1553 962 1538 962 1510 901 1501 900 1501 856 1508 851 1508 845 1508 813 1502 812 1502 811 1502 799 1507 796 1508 794 1507 781 1501 780 1501 779 1501 777 1501 765 1507 763 1508 761 1507 747 1501 746 1501 689 1501 687 1501 686 1501 674 1506 668 1508 634 1506 577 1501 576 1501 575 1501 559 1505 551 1507 546 1505 539 1501 537 1501 536 1501 507 1505 476 1508 454 1503 439 1501 437 1501 417 1503 382 1508 363 1503 356 1501 354 1501 353 1501 352 1501 346 1503 329 1510 192 1510 179 1501 178 1501 176 1501 175 1501 174 1501 173 1501 151 1507 104 1501 104 1538"/></Shape>
            <String CONTENT="Ex hoc autem loco concludi certiſſimè poteſt e¬"
                    HPOS="104"
                    VPOS="1501"
                    WIDTH="858"
                    HEIGHT="55"
                    WC="0.986374318599701"></String>
          </TextLine>
          <TextLine ID="eSc_line_90d50363"
                    TAGREFS="LT8"
                    BASELINE="103 1585 965 1585" 
                    HPOS="103"
                    VPOS="1548"
                    WIDTH="862"
                    HEIGHT="59">
            <Shape><Polygon POINTS="103 1585 103 1605 418 1600 430 1603 441 1606 442 1606 444 1606 444 1606 446 1606 449 1602 454 1600 509 1600 514 1602 519 1606 521 1606 522 1606 523 1607 523 1606 524 1606 526 1606 530 1602 535 1600 592 1600 617 1601 667 1606 668 1606 669 1606 670 1606 676 1601 679 1600 686 1601 712 1606 713 1606 758 1601 767 1600 768 1601 774 1606 775 1606 777 1606 777 1607 930 1607 930 1606 965 1598 965 1585 965 1557 896 1550 895 1550 859 1556 851 1548 850 1548 849 1548 847 1548 846 1548 845 1548 835 1556 835 1557 786 1557 785 1556 772 1548 772 1548 770 1548 769 1548 768 1548 767 1548 757 1556 756 1557 686 1557 685 1556 667 1548 666 1548 664 1548 632 1555 597 1548 596 1548 594 1548 575 1556 573 1556 569 1556 529 1548 527 1548 526 1548 502 1556 499 1556 487 1556 423 1550 421 1550 381 1555 373 1556 368 1555 342 1548 341 1548 284 1548 283 1548 281 1548 266 1555 264 1556 256 1555 213 1548 212 1548 211 1548 194 1555 189 1557 129 1557 126 1555 119 1548 118 1548 116 1548 116 1548 114 1548 103 1553 103 1585"/></Shape>
            <String CONTENT="tiam inquiſitionem de hæreſi, &amp; punitionem e¬"
                    HPOS="103"
                    VPOS="1548"
                    WIDTH="862"
                    HEIGHT="59"
                    WC="0.994332615534465"></String>
          </TextLine>
          <TextLine ID="eSc_line_60b12c53"
                    TAGREFS="LT8"
                    BASELINE="106 1633 968 1636" 
                    HPOS="104"
                    VPOS="1595"
                    WIDTH="863"
                    HEIGHT="60">
            <Shape><Polygon POINTS="106 1633 104 1643 121 1652 123 1652 124 1652 125 1652 151 1646 206 1652 207 1652 386 1646 402 1653 403 1653 404 1653 467 1647 479 1653 480 1653 481 1653 740 1648 747 1655 749 1655 749 1655 751 1655 967 1647 968 1636 968 1607 917 1597 915 1597 814 1605 794 1606 780 1605 739 1598 737 1598 736 1598 725 1603 720 1606 714 1603 697 1597 696 1597 695 1597 663 1603 654 1605 652 1603 645 1597 645 1596 644 1596 642 1596 641 1596 562 1602 536 1603 531 1601 519 1596 518 1596 517 1596 494 1601 484 1603 473 1601 464 1598 463 1598 462 1598 461 1598 459 1598 457 1601 451 1605 446 1601 441 1597 440 1597 439 1597 437 1597 436 1597 428 1601 418 1605 407 1600 394 1595 394 1595 392 1595 391 1595 378 1600 368 1605 303 1605 292 1598 283 1595 281 1595 280 1595 279 1595 269 1598 256 1603 106 1597 106 1633"/></Shape>
            <String CONTENT="orum, qui meritò erroris &amp; hæreſis damnati ſunt"
                    HPOS="104"
                    VPOS="1595"
                    WIDTH="863"
                    HEIGHT="60"
                    WC="0.979929633438587"></String>
          </TextLine>
          <TextLine ID="eSc_line_8d990dca"
                    TAGREFS="LT8"
                    BASELINE="106 1680 960 1683" 
                    HPOS="104"
                    VPOS="1643"
                    WIDTH="856"
                    HEIGHT="59">
            <Shape><Polygon POINTS="106 1680 104 1691 399 1701 399 1701 431 1695 447 1701 449 1701 449 1701 480 1695 512 1701 513 1701 675 1695 699 1702 701 1702 702 1702 959 1695 960 1683 958 1646 846 1653 817 1646 815 1646 814 1646 812 1646 761 1653 740 1646 739 1646 737 1646 736 1646 732 1646 679 1653 614 1646 606 1646 604 1646 604 1646 602 1646 594 1652 556 1646 549 1646 547 1646 542 1646 517 1652 503 1647 499 1645 497 1645 496 1645 494 1645 487 1647 469 1652 351 1652 344 1647 341 1645 339 1645 339 1645 337 1645 321 1647 298 1651 285 1647 271 1643 271 1643 269 1643 268 1643 252 1647 238 1652 206 1652 201 1647 197 1643 196 1643 194 1643 194 1643 106 1647 106 1680"/></Shape>
            <String CONTENT="ad Magiſtratum pertinere, quemadmodum etiã"
                    HPOS="104"
                    VPOS="1643"
                    WIDTH="856"
                    HEIGHT="59"
                    WC="0.997087844582491"></String>
          </TextLine>
          <TextLine ID="eSc_line_fd2917fe"
                    TAGREFS="LT8"
                    BASELINE="106 1728 962 1733" 
                    HPOS="104"
                    VPOS="1688"
                    WIDTH="858"
                    HEIGHT="65">
            <Shape><Polygon POINTS="106 1728 104 1742 154 1750 156 1750 226 1743 239 1743 318 1743 324 1745 344 1751 346 1751 347 1751 424 1746 444 1745 463 1746 534 1752 535 1753 618 1753 618 1752 619 1752 621 1752 625 1747 627 1746 672 1747 789 1753 790 1753 824 1750 841 1747 959 1750 962 1733 960 1693 809 1692 807 1692 806 1692 801 1693 787 1698 775 1693 769 1692 768 1692 767 1692 765 1692 764 1692 763 1695 754 1701 731 1695 719 1691 718 1691 717 1691 699 1695 674 1701 656 1695 649 1692 647 1692 646 1692 631 1695 604 1701 590 1695 580 1691 579 1691 577 1691 557 1696 532 1701 463 1701 456 1696 449 1692 449 1692 447 1692 446 1692 444 1692 444 1692 440 1696 436 1700 426 1696 416 1693 414 1693 413 1693 366 1697 326 1700 321 1697 313 1691 312 1691 311 1691 309 1691 308 1691 292 1697 289 1700 207 1700 203 1698 173 1688 171 1688 121 1688 121 1688 119 1688 118 1688 106 1696 106 1728"/></Shape>
            <String CONTENT="diſputauit Auguſtinus, quãquam Caſtallioniſtæ"
                    HPOS="104"
                    VPOS="1688"
                    WIDTH="858"
                    HEIGHT="65"
                    WC="0.984199294577474"></String>
          </TextLine>
          <TextLine ID="eSc_line_5f507619"
                    TAGREFS="LT8"
                    BASELINE="104 1779 959 1779" 
                    HPOS="104"
                    VPOS="1741"
                    WIDTH="855"
                    HEIGHT="69">
            <Shape><Polygon POINTS="104 1779 104 1797 180 1797 183 1798 192 1807 192 1808 194 1808 194 1808 196 1810 244 1810 244 1808 244 1808 246 1808 258 1800 262 1797 280 1800 344 1808 346 1810 496 1810 496 1808 497 1808 521 1802 540 1797 577 1797 584 1802 590 1807 590 1808 591 1808 592 1808 594 1808 642 1806 644 1806 645 1806 647 1803 654 1798 682 1803 709 1808 711 1808 712 1808 713 1808 719 1805 732 1797 799 1797 807 1805 811 1808 812 1808 813 1808 814 1808 854 1807 856 1807 859 1806 875 1797 958 1806 959 1779 959 1745 880 1741 879 1741 877 1741 872 1743 857 1752 785 1752 772 1743 768 1741 767 1741 765 1741 724 1741 722 1741 722 1741 713 1743 685 1751 670 1742 667 1741 666 1741 664 1741 663 1741 657 1742 644 1747 629 1742 622 1741 622 1741 621 1741 619 1741 616 1742 599 1750 586 1742 582 1741 581 1741 580 1741 579 1741 575 1742 558 1751 509 1742 507 1742 506 1742 501 1742 403 1751 387 1742 387 1741 386 1741 385 1741 384 1741 382 1741 380 1741 347 1751 333 1741 331 1741 330 1741 297 1741 296 1741 294 1741 294 1741 274 1751 254 1741 253 1741 252 1741 251 1741 247 1741 197 1748 104 1741 104 1779"/></Shape>
            <String CONTENT="hoc noſtro ſeculo negant, &amp; farraginẽ omniúm¬"
                    HPOS="104"
                    VPOS="1741"
                    WIDTH="855"
                    HEIGHT="69"
                    WC="0.987402437849248"></String>
          </TextLine>
        </TextBlock>
        <TextBlock HPOS="703"
                   VPOS="1796"
                   WIDTH="106"
                   HEIGHT="55"
                   ID="block_3"
                   TAGREFS="BT17">
          <Shape><Polygon POINTS="809 1796 809 1851 703 1851 703 1796"/></Shape>
          <TextLine ID="eSc_line_9574d640"
                    TAGREFS="LT8"
                    BASELINE="714 1831 800 1831" 
                    HPOS="714"
                    VPOS="1785"
                    WIDTH="85"
                    HEIGHT="91">
            <Shape><Polygon POINTS="714 1831 714 1869 744 1864 799 1876 800 1831 800 1791 777 1785 775 1785 774 1785 714 1793 714 1831"/></Shape>
            <String CONTENT="d. j."
                    HPOS="714"
                    VPOS="1785"
                    WIDTH="85"
                    HEIGHT="91"
                    WC="0.966472220420837"></String>
          </TextLine>
        </TextBlock>
      </PrintSpace>
    </Page>
  </Layout>
</alto>
