1482 2195
391 148 298 61 CAPVT. II.

916 168 42 48 42

111 203 857 73 excitet ſpiritu ſuo. Itaq; ſemper pro iis orandum

111 257 77 69 eſt.

166 318 801 71 3 Nam hoc bonum est, & acceptum co¬

107 380 521 69 ram ſeruatore noſtro Deo.

157 441 806 66 Αιτιολογία eſt, eáque duplex. Nã altera ducitur

107 492 858 57 à Noſtro officio vel rei ipſius natura καλόν ἐστι alte¬

108 542 857 61 ra à Conſequenti vel connexis, ſunt preces tri¬

107 590 858 59 buendæ Magiſtratibus, quia & eos Dominus ad

108 636 854 63 gratiæ ſuæ participationem & Eccleſiæ commu¬

107 686 858 58 nionem vocat. Itaque hoc Eccleſiæ ſubſidio pri¬

106 734 859 53 uandi non ſunt. Ex hoc autem loco colligitur ec¬

106 784 859 53 quod ſit verum noſtrarum precum fundamentũ

106 831 856 55 nimirum Dei voluntas & promiſſio. Hæc enim

106 877 854 58 vna eſt optima rectè legitiméque orandi regula

107 927 853 58 quemadmodum etiam tradit Ioan. in 1. Epiſtola

102 973 855 65 cap. 5.verſ. 14. Denique hæc eadem valet in o¬

102 1023 427 65 mni cultus Dei parte.

153 1103 798 93 4 Qui quoſuis homines vult ſeruari, &

103 1180 621 65 ad agnitionem veritatis venire

146 1258 814 64 Altera ratio quæ à connexis ſumpta eſt. Non

98 1310 859 63 ſunt enim priuandi & excludendi à publicis Ec¬

97 1357 860 63 cleſiæ precibus ii, ex quibus Deus ipſe colligit

97 1407 858 61 Eccleſiam, & qui ad eam ſpe promiſſionéque

96 1453 859 62 à Deo accepta pertinent. At Magiſtratus, etiam

99 1502 854 61 qui nunc ſunt à Dei cognitione alieniſſimi, ſpe

98 1553 855 57 tamen ad eam pertinent. Quamobrem non ſunt

98 1600 855 60 eo fructu, dono & ea ſpe defraudandi. Ac propo¬

98 1646 855 61 ſitio quidem huius ſyllogiſmi veriſſima eſt, quæ

98 1696 855 55 non tantùm hac ratione quæ naturalis eſt confir¬

97 1747 859 66 matur, quòd quæ ſunt inter ſe connexa, non ſunt

719 1786 67 80 d.ij
