1482 2195
525 122 52 61 46

669 112 573 65 AD T. PAVL. AE TIM.

576 179 809 71 5 Vnus enim Deus, vnus etiam media¬

517 226 818 77 tor Dei & hominum, homo Christus Ieſus.

564 307 818 69 Αἰτιολογία ſuperioris ſententiæ, ab effectu. Nõ

511 362 866 59 eſſet vnus Deus, & vnus mediator omnium, nifi

514 409 868 59 omnes, id eſt, quoſuis homines ſaluos faceret. Si

514 457 861 59 enim vnius tantùm hominum generis vel ordinis

513 503 868 65 ſalutem procurat & perficit Deus, neceſſe eſt

521 554 856 63 plures deos conſtitui:itémque plures mediatores

522 604 658 61 Quorum vtrunque blaſphemum eſt.

561 647 816 64 Similis locus eſt Romanor.3.verſ. 29. Pſal.1o5.

518 699 324 62 verſ.7 & 33.verſ.5.

563 745 813 55 Obſtat autem Pſal.76. vbi in ſola Iudæa notus

511 791 866 63 Deus eſſe dicitur. Reſponſio eſt, Sublatum nunc

512 841 863 58 eſſe inter Gentes & Iudæos diſcrimen, quod olim

512 890 859 66 fuit, quia vtrique, diruta per Chriſtum maceria,

511 949 544 50 in vnum populum coaluerunt.

552 989 816 58 Deus autem quorumuis hominum vnus neq;

509 1032 863 66 eſſe, neque dici poteſt, niſi ſuæ bonitatis, clemen¬

511 1082 862 61 tiæ, miſericordiæ & electionis teſtimonia & ef¬

509 1130 861 63 fecta proferat in quoſuis. Quamobrem quoſuis

514 1180 827 61 ad ſalutem vocare & efficaciter quidem debet.

556 1228 809 61 Iam verò ex hoc Pauli reſponſo Manichȩorũ,

508 1273 859 62 Marcionitarum & huiuſmodi aliorum hæretico¬

506 1324 859 61 rum error fanaticus refellitur, qui duos Deos,

508 1370 857 57 duóque principia conſtituunt, & alium Iudæorũ

507 1419 860 58 Deum, alium autem noſtrum ſomniant. Vnus au¬

507 1468 620 59 tem eſt omnium Deus, non plures.

554 1515 813 60 Sed etiam mediator vnus eſt, nõ plures. Is autẽ

503 1560 861 64 Mt Chriſtus homo. Quod varijs rationibus con¬

499 1612 863 59 firmari poteſt. Prima, Quòd vnicum eſt ſemen

499 1662 867 51 illud Abrahæ, in quo promittuntur benedicen¬

497 1708 863 75 dæ omnes mundi nationes Geneſ.15. & 17. Galat.

1227 1755 128 90 3.verſ.
