1482 2195
539 131 51 62 26

695 122 562 64 AD I. PAVL. AD TIM.

531 174 864 75 quæ quemadmodũ. ait id I Corinth 2. ſapientia

530 226 863 72 repugnat & aduerſatur mundi & hominum ſa¬

532 278 863 66 pientiæ, vt ſi quid in ipſius operibus non cõpre¬

532 323 861 71 hendimus, obmuteſcamus, & Dei conſilium im¬

531 374 863 68 menſum adoremus, non autem in temperie qua¬

532 418 861 70 dam animi agitati obſtrepamus Deo, quod mul¬

534 476 199 58 ti faciunt.

567 513 827 66 Soli) Quæſitum eſt vtrum hæc vox ad Deum,

532 561 867 70 an ad vocabulum ſapienti ſit referenda: quaſi hîc

532 611 863 66 Deus vel ſolus Sapiens, vel ſolus Deus appelletur

535 666 862 58 qui eſt æternus, immortalis, inuiſibilis. Variæ

534 711 865 66 ſunt interpretationes. Ego verò potius exiſtima¬

534 757 865 62 uerim illud coniungendum eſſe cum proxima

535 810 863 58 voce, Sapienti. Hîc enim miram Dei ſapientiam

535 852 863 73 prædicat Paulus, quæ nulli homini ſatis nota eſſe

535 907 869 70 poteſt, per quam è miſerrimis & deſperatiſſimis

535 947 862 77 peccatoribus, & Euangelij perſecutoribus præ¬

535 996 863 66 cones, paſtoréſque Eccleſiæ ſuæ facit mutans eos

534 1044 867 74 mira ſua potentia & virtute, vt ex lupis ſæuiſſimis

535 1094 556 64 fiant oues placidiſſimæ Iſai.11.

581 1137 823 71 Honorem autem & gloriam tribuit Deo. Ali¬

537 1187 866 68 bi alia quoque tribuuntur, vti in Epiſt. Iudæ in

535 1246 868 57 fine & 2. Petri 3.verſ.18. quæ duo videntur ita ſe¬

543 1291 863 66 parari & diſtingui poſſe, vt τιμὴ ſit ipſius maie¬

540 1335 861 62 ſtatis Dei excellentia, ſplendor, admiratio, &

537 1384 862 62 virtus: δοξα verò illius tantæ virtutis prædicatio,

535 1430 863 71 præconium, & celebratio, quæ fit ore hominum,

541 1483 865 64 vel Angelorum. Prius enim Dei maieſtas agno¬

537 1528 531 68 ſcenda eſt, poſt prædicanda.

585 1574 818 62 Quæritur autem. Vtrum hæc de ſolo Patre, an

535 1628 865 58 etiam de Filio dicantur, & de Spiritu ſancto, quia

541 1679 871 61 Arriani ad ſolum Patrem hæc per tinere vo¬

541 1719 865 84 lunt, quem vnum propriè quoque contendunt

1324 1784 80 57 eſſe
