<?xml version="1.0" encoding="UTF-8"?>
<alto xmlns:xsi="http://www.w3.org/2001/XMLSchema-instance"
      xmlns="http://www.loc.gov/standards/alto/ns-v4#"
      xsi:schemaLocation="http://www.loc.gov/standards/alto/ns-v4# http://www.loc.gov/standards/alto/v4/alto-4-2.xsd">
  <Description>
    <MeasurementUnit>pixel</MeasurementUnit>
    <sourceImageInformation>
      <fileName>2012938.png</fileName>
    </sourceImageInformation>
  </Description>
  <Tags>
    <OtherTag ID="BT10" LABEL="DropCapitalZone" DESCRIPTION="block type DropCapitalZone"/><OtherTag ID="BT11" LABEL="GraphicZone" DESCRIPTION="block type GraphicZone"/><OtherTag ID="BT12" LABEL="MainZone" DESCRIPTION="block type MainZone"/><OtherTag ID="BT13" LABEL="MarginTextZone" DESCRIPTION="block type MarginTextZone"/><OtherTag ID="BT15" LABEL="NumberingZone" DESCRIPTION="block type NumberingZone"/><OtherTag ID="BT17" LABEL="QuireMarksZone" DESCRIPTION="block type QuireMarksZone"/><OtherTag ID="BT18" LABEL="RunningTitleZone" DESCRIPTION="block type RunningTitleZone"/><OtherTag ID="BT22" LABEL="TitlePageZone" DESCRIPTION="block type TitlePageZone"/><OtherTag ID="BT3206" LABEL="MainZone-Head" DESCRIPTION="block type MainZone-Head"/><OtherTag ID="BT3207" LABEL="MainZone-P" DESCRIPTION="block type MainZone-P"/><OtherTag ID="BT3208" LABEL="MainZone-Continued" DESCRIPTION="block type MainZone-Continued"/><OtherTag ID="BT3209" LABEL="MarginTextZone-ManuscriptAddendum" DESCRIPTION="block type MarginTextZone-ManuscriptAddendum"/><OtherTag ID="BT3210" LABEL="MainZone-Entry" DESCRIPTION="block type MainZone-Entry"/>
    <OtherTag ID="LT7" LABEL="CustomLine" DESCRIPTION="line type CustomLine"/><OtherTag ID="LT8" LABEL="DefaultLine" DESCRIPTION="line type DefaultLine"/><OtherTag ID="LT9" LABEL="DropCapitalLine" DESCRIPTION="line type DropCapitalLine"/><OtherTag ID="LT10" LABEL="HeadingLine" DESCRIPTION="line type HeadingLine"/><OtherTag ID="LT62" LABEL="CustomLine : BiblicalText" DESCRIPTION="line type CustomLine : BiblicalText"/>
  </Tags>
  <Layout>
    <Page WIDTH="1482"
          HEIGHT="2195"
          PHYSICAL_IMG_NR="51"
          ID="eSc_dummypage_">
      <PrintSpace HPOS="0"
                  VPOS="0"
                  WIDTH="1482"
                  HEIGHT="2195">
        <TextBlock HPOS="531"
                   VPOS="159"
                   WIDTH="82"
                   HEIGHT="44"
                   ID="block_1"
                   TAGREFS="BT15">
          <Shape><Polygon POINTS="613 159 613 203 531 203 531 159"/></Shape>
          <TextLine ID="eSc_line_24907ca9"
                    TAGREFS="LT8"
                    BASELINE="541 190 614 190" 
                    HPOS="541"
                    VPOS="149"
                    WIDTH="73"
                    HEIGHT="57">
            <Shape><Polygon POINTS="577 149 566 149 554 152 541 162 541 190 541 206 614 201 614 190 614 158 577 149 577 149"/></Shape>
            <String CONTENT="21"
                    HPOS="541"
                    VPOS="149"
                    WIDTH="73"
                    HEIGHT="57"
                    WC="0.998831212520599"></String>
          </TextLine>
        </TextBlock>
        <TextBlock HPOS="690"
                   VPOS="149"
                   WIDTH="584"
                   HEIGHT="56"
                   ID="block_2"
                   TAGREFS="BT18">
          <Shape><Polygon POINTS="1273 149 1273 205 690 205 690 149"/></Shape>
          <TextLine ID="eSc_line_f56f2b9f"
                    TAGREFS="LT10"
                    BASELINE="689 191 1264 185" 
                    HPOS="687"
                    VPOS="146"
                    WIDTH="577"
                    HEIGHT="62">
            <Shape><Polygon POINTS="1252 156 1225 152 1224 152 1223 152 1222 152 1213 158 1212 159 1210 158 1200 149 1187 148 1175 148 1163 148 1155 148 1139 159 1137 161 1123 159 1070 152 1069 152 1068 152 1067 152 1055 159 1052 162 996 162 992 161 972 147 970 147 969 147 927 146 919 147 907 147 895 147 885 147 854 148 854 148 807 163 800 164 790 163 717 151 716 151 714 151 687 162 689 191 689 198 706 207 707 207 708 208 759 208 759 207 761 207 762 207 774 198 804 206 804 206 806 206 852 197 859 197 860 198 877 206 877 206 879 206 880 206 882 206 894 198 895 197 896 198 915 206 917 206 918 206 919 206 935 198 940 196 945 198 954 202 955 202 957 202 958 202 967 198 970 196 973 198 982 204 982 204 984 204 985 204 1015 198 1032 194 1041 198 1052 203 1053 203 1055 204 1103 204 1103 203 1105 203 1105 203 1110 198 1115 194 1123 198 1128 201 1129 201 1130 201 1132 201 1139 198 1150 194 1155 198 1158 202 1159 202 1160 202 1162 202 1163 202 1170 198 1182 194 1200 198 1214 202 1215 202 1217 202 1264 198 1264 185 1262 164 1260 163"/></Shape>
            <String CONTENT="AD I. PAVL. AD TIM."
                    HPOS="687"
                    VPOS="146"
                    WIDTH="577"
                    HEIGHT="62"
                    WC="0.999402218743374"></String>
          </TextLine>
        </TextBlock>
        <TextBlock HPOS="526"
                   VPOS="209"
                   WIDTH="882"
                   HEIGHT="498"
                   ID="block_0"
                   TAGREFS="BT3208">
          <Shape><Polygon POINTS="1407 209 1396 680 529 707 526 209"/></Shape>
          <TextLine ID="eSc_line_97b1fe59"
                    TAGREFS="LT8"
                    BASELINE="535 253 1397 244" 
                    HPOS="534"
                    VPOS="198"
                    WIDTH="863"
                    HEIGHT="75">
            <Shape><Polygon POINTS="1387 212 1383 207 1353 198 1352 198 1351 198 1232 206 1072 201 1070 201 1023 202 1022 202 990 216 965 208 964 208 963 208 962 208 960 208 960 209 952 216 939 211 937 211 936 211 935 211 912 216 909 216 908 216 839 204 837 204 836 204 809 218 807 219 634 221 631 221 608 207 607 207 606 207 604 207 604 207 586 221 585 221 534 221 535 253 535 266 589 266 590 266 602 274 604 274 604 274 606 274 607 274 629 266 630 266 632 266 675 271 676 271 677 271 679 271 690 266 691 264 691 266 706 273 707 273 708 274 749 274 749 273 751 273 780 264 786 262 887 262 901 263 946 271 947 271 949 271 950 271 960 263 965 261 979 263 1013 269 1014 269 1084 268 1085 268 1099 262 1105 259 1117 262 1145 268 1146 268 1205 262 1235 258 1265 258 1272 261 1282 266 1284 266 1285 266 1315 261 1334 257 1345 261 1360 266 1360 266 1362 266 1397 259 1397 244 1396 221 1387 212"/></Shape>
            <String CONTENT="melias omnes coniungens. Mirum Dei opus in"
                    HPOS="534"
                    VPOS="198"
                    WIDTH="863"
                    HEIGHT="75"
                    WC="0.998305628697077"></String>
          </TextLine>
          <TextLine ID="eSc_line_49332238"
                    TAGREFS="LT8"
                    BASELINE="535 302 1395 292" 
                    HPOS="534"
                    VPOS="253"
                    WIDTH="861"
                    HEIGHT="66">
            <Shape><Polygon POINTS="535 302 535 312 618 319 619 319 621 319 647 312 664 318 666 318 667 318 782 311 835 317 836 317 837 317 859 309 872 316 872 316 874 316 1165 313 1167 313 1189 306 1282 312 1284 312 1285 312 1300 304 1355 311 1355 311 1395 302 1395 292 1392 266 1342 266 1342 264 1310 253 1308 253 1307 253 1305 253 1282 264 1260 254 1258 254 1225 254 1224 254 1223 254 1197 264 1194 266 1179 264 1102 256 1100 256 1100 256 1099 256 1087 264 1086 264 1082 264 1059 262 1058 262 1057 262 1055 262 1053 264 1046 268 1018 264 973 257 972 257 970 257 969 257 969 258 962 263 955 271 924 271 915 263 908 258 907 258 906 258 872 258 872 258 870 258 859 263 841 271 804 271 792 263 787 259 786 259 785 259 784 259 782 259 772 263 747 271 708 266 707 266 637 273 624 263 622 263 622 263 534 263 535 302"/></Shape>
            <String CONTENT="Paulo vocando, vt de multis perſecutoribus ver¬"
                    HPOS="534"
                    VPOS="253"
                    WIDTH="861"
                    HEIGHT="66"
                    WC="0.981751652474099"></String>
          </TextLine>
          <TextLine ID="eSc_line_5f52985f"
                    TAGREFS="LT8"
                    BASELINE="535 349 1393 339" 
                    HPOS="534"
                    VPOS="297"
                    WIDTH="859"
                    HEIGHT="72">
            <Shape><Polygon POINTS="535 363 590 363 597 369 599 369 599 369 601 369 709 361 725 359 757 359 979 364 980 364 982 364 995 358 1070 363 1072 363 1152 356 1200 362 1202 362 1315 358 1317 358 1329 352 1330 352 1363 359 1364 359 1365 359 1393 351 1393 339 1391 302 1297 297 1296 297 1295 297 1278 302 1257 309 1237 303 1229 299 1228 299 1173 299 1172 299 1170 299 1169 299 1164 303 1153 311 1113 303 1107 303 1105 303 1100 304 1067 312 1012 306 1010 306 1009 306 979 313 968 304 964 302 963 302 962 302 960 302 959 302 951 306 936 311 927 306 920 302 919 302 918 302 917 302 915 302 910 306 897 314 865 306 854 303 854 303 852 303 851 303 850 303 847 306 836 314 797 307 796 307 795 307 794 307 792 307 782 316 763 307 757 304 756 304 754 304 754 304 745 307 716 317 534 309 535 349"/></Shape>
            <String CONTENT="bi Dei non ſit hodie deſperandum. Opponit au¬"
                    HPOS="534"
                    VPOS="297"
                    WIDTH="859"
                    HEIGHT="72"
                    WC="0.999150676197476"></String>
          </TextLine>
          <TextLine ID="eSc_line_2a964a29"
                    TAGREFS="LT8"
                    BASELINE="534 399 1397 390" 
                    HPOS="532"
                    VPOS="349"
                    WIDTH="865"
                    HEIGHT="62">
            <Shape><Polygon POINTS="534 399 534 408 1070 412 1072 412 1397 402 1397 390 1395 363 1305 349 1305 349 1303 349 1282 361 1212 364 1178 366 1157 364 1077 359 1077 359 1047 366 1040 368 927 368 924 367 909 356 908 356 907 356 856 354 854 354 747 356 746 356 708 369 701 371 670 371 668 369 646 357 645 357 644 357 619 358 618 358 617 358 601 369 599 371 573 371 571 371 554 362 552 362 551 362 549 362 532 368 534 399"/></Shape>
            <String CONTENT="tem Dei mifericordiam, per quam non tantùm"
                    HPOS="532"
                    VPOS="349"
                    WIDTH="865"
                    HEIGHT="62"
                    WC="0.975783877594526"></String>
          </TextLine>
          <TextLine ID="eSc_line_d5fe2bb2"
                    TAGREFS="LT8"
                    BASELINE="536 444 1396 437" 
                    HPOS="535"
                    VPOS="399"
                    WIDTH="861"
                    HEIGHT="57">
            <Shape><Polygon POINTS="536 444 536 457 1395 449 1396 437 1393 406 1247 399 1246 399 1184 408 1180 408 1178 408 1153 401 1152 401 1150 401 1150 401 1148 401 1137 408 1135 409 1134 409 1117 402 1115 402 1114 402 1113 402 1099 409 1094 412 1077 409 1055 407 1055 407 954 412 909 413 906 412 882 402 880 402 879 402 877 402 845 413 839 414 830 413 785 406 784 406 782 406 781 406 770 414 769 416 722 416 722 414 707 404 706 404 704 404 675 404 674 404 672 404 672 404 658 416 657 417 625 417 625 416 611 404 609 404 608 404 571 404 569 404 568 404 567 404 554 417 535 417 536 444"/></Shape>
            <String CONTENT="veniam ſuperiorum vitiorum conſequurus eſt,"
                    HPOS="535"
                    VPOS="399"
                    WIDTH="861"
                    HEIGHT="57"
                    WC="0.998520235682643"></String>
          </TextLine>
          <TextLine ID="eSc_line_b38a4fbf"
                    TAGREFS="LT8"
                    BASELINE="534 494 1398 485" 
                    HPOS="532"
                    VPOS="446"
                    WIDTH="866"
                    HEIGHT="65">
            <Shape><Polygon POINTS="534 494 534 511 880 511 880 509 910 507 979 502 996 507 1001 508 1002 508 1004 508 1004 508 1009 507 1027 501 1214 506 1257 506 1258 506 1267 504 1307 499 1397 503 1398 485 1396 452 1237 446 1235 446 1234 446 1220 452 1208 458 1180 458 1167 452 1152 446 1150 446 1150 446 1148 446 1129 452 1107 459 1052 459 1034 452 1024 449 1023 449 1022 449 1020 449 1005 452 975 461 910 461 882 452 877 451 875 451 874 451 872 451 869 452 852 462 813 462 802 452 800 449 799 449 797 449 780 449 779 449 777 449 769 452 739 463 654 464 611 464 597 452 596 452 594 452 594 452 532 452 534 494"/></Shape>
            <String CONTENT="ſed etiam pulcherrimam illam ad Apoſtolatum"
                    HPOS="532"
                    VPOS="446"
                    WIDTH="866"
                    HEIGHT="65"
                    WC="0.987402845260709"></String>
          </TextLine>
          <TextLine ID="eSc_line_aeebbb37"
                    TAGREFS="LT8"
                    BASELINE="536 541 1398 532" 
                    HPOS="535"
                    VPOS="494"
                    WIDTH="863"
                    HEIGHT="64">
            <Shape><Polygon POINTS="536 541 536 552 781 558 782 558 820 551 834 557 835 557 836 557 987 549 1008 556 1009 556 1010 556 1012 556 1029 549 1142 554 1144 554 1325 546 1347 552 1348 552 1350 552 1398 544 1398 532 1396 497 1310 494 1310 494 1285 499 1247 504 1229 499 1217 496 1215 496 1214 496 1196 499 1179 504 1174 501 1169 497 1169 496 1168 496 1167 496 1165 496 1110 501 1100 502 1091 502 1036 497 1035 497 1034 497 1032 497 1032 499 1027 503 1022 507 1004 503 980 499 979 499 977 499 963 504 954 508 904 508 852 506 751 501 749 501 749 501 747 501 747 502 740 508 737 511 657 511 654 509 631 502 630 502 629 502 627 502 607 511 604 511 602 511 576 502 575 502 574 502 535 511 536 541"/></Shape>
            <String CONTENT="vocationẽ adeptus, omnibus ſuis ſceleribus ne fu¬"
                    HPOS="535"
                    VPOS="494"
                    WIDTH="863"
                    HEIGHT="64"
                    WC="0.990890700817108"></String>
          </TextLine>
          <TextLine ID="eSc_line_29396997"
                    TAGREFS="LT8"
                    BASELINE="535 590 1396 580" 
                    HPOS="534"
                    VPOS="544"
                    WIDTH="862"
                    HEIGHT="65">
            <Shape><Polygon POINTS="535 590 535 601 704 608 706 608 752 599 758 599 775 599 919 606 920 606 1002 597 1017 604 1018 604 1019 606 1072 606 1072 604 1140 602 1141 602 1142 602 1152 594 1160 601 1162 601 1163 601 1164 601 1230 594 1247 602 1248 602 1250 602 1250 602 1267 594 1305 599 1307 599 1395 591 1396 580 1393 554 1317 544 1315 544 1314 544 1285 554 1255 544 1253 544 1180 544 1179 544 1100 546 1099 546 1072 557 1070 558 1009 558 1009 557 986 547 985 547 984 547 982 547 955 558 954 558 935 558 879 557 862 549 860 549 859 549 859 549 824 559 822 559 814 559 722 551 722 551 720 551 719 551 708 561 707 561 704 561 661 552 659 552 658 552 642 561 640 562 626 561 549 554 549 554 547 554 534 559 535 590"/></Shape>
            <String CONTENT="turis operibus vel quæ Deus poſt Pauli voca¬"
                    HPOS="534"
                    VPOS="544"
                    WIDTH="862"
                    HEIGHT="65"
                    WC="0.992931084199385"></String>
          </TextLine>
          <TextLine ID="eSc_line_498f23f8"
                    TAGREFS="LT8"
                    BASELINE="534 639 1398 631" 
                    HPOS="532"
                    VPOS="591"
                    WIDTH="866"
                    HEIGHT="65">
            <Shape><Polygon POINTS="534 639 534 656 1398 649 1398 631 1395 596 1364 602 1353 596 1348 592 1347 592 1346 592 1345 592 1343 592 1332 596 1325 599 1320 596 1310 591 1310 591 1308 591 1129 592 1128 592 1114 599 1097 606 1060 606 1049 599 1041 594 1040 594 982 594 980 594 979 594 977 594 970 599 959 607 847 607 840 599 836 597 835 597 834 597 832 597 831 597 820 601 800 607 789 601 784 599 782 599 781 599 780 599 779 599 777 601 765 608 731 608 719 601 709 596 708 596 707 596 706 596 691 601 672 608 649 602 631 597 630 597 629 597 627 597 612 602 599 606 587 602 571 597 569 597 568 597 532 602 534 639"/></Shape>
            <String CONTENT="tionem edenda ab eo præuiderat, electionis huius"
                    HPOS="532"
                    VPOS="591"
                    WIDTH="866"
                    HEIGHT="65"
                    WC="0.982042477776607"></String>
          </TextLine>
          <TextLine ID="eSc_line_5b1a553b"
                    TAGREFS="LT8"
                    BASELINE="535 687 880 684" 
                    HPOS="534"
                    VPOS="651"
                    WIDTH="346"
                    HEIGHT="51">
            <Shape><Polygon POINTS="535 687 535 697 761 702 762 702 880 694 880 684 877 659 707 651 706 651 654 659 647 661 644 659 622 652 622 652 621 652 577 658 559 652 558 652 557 652 556 652 534 659 535 687"/></Shape>
            <String CONTENT="cauſam tribuamus."
                    HPOS="534"
                    VPOS="651"
                    WIDTH="346"
                    HEIGHT="51"
                    WC="0.999620865373051"></String>
          </TextLine>
        </TextBlock>
        <TextBlock HPOS="526"
                   VPOS="698"
                   WIDTH="887"
                   HEIGHT="1131"
                   ID="eSc_textblock_13391d9a"
                   TAGREFS="BT3207">
          <Shape><Polygon POINTS="1396 698 1414 1802 526 1829 526 698"/></Shape>
          <TextLine ID="eSc_line_7122047a"
                    TAGREFS="LT8"
                    BASELINE="581 735 1397 729" 
                    HPOS="580"
                    VPOS="682"
                    WIDTH="818"
                    HEIGHT="74">
            <Shape><Polygon POINTS="581 735 581 747 727 756 727 756 774 747 791 754 792 754 794 756 889 756 889 754 963 746 964 746 1023 754 1024 754 1025 754 1027 754 1037 746 1232 752 1232 752 1234 752 1262 744 1264 744 1396 744 1397 729 1395 687 1372 682 1370 682 1369 682 1355 687 1334 695 1314 687 1310 686 1308 686 1307 686 1305 686 1305 686 1305 687 1303 689 1295 696 1273 689 1255 682 1253 682 1252 682 1250 682 1234 689 1227 691 1219 689 1200 684 1198 684 1197 684 1163 690 1155 691 1152 690 1145 685 1144 685 1142 685 1141 685 1140 685 1139 685 1132 690 1120 697 1107 691 1100 687 1099 687 1075 686 1074 686 1073 686 1072 686 1072 687 1070 687 1068 691 1065 694 1059 691 1042 685 1041 685 1040 685 891 686 890 686 889 686 877 694 865 701 689 701 649 696 594 690 594 690 592 690 580 695 581 735"/></Shape>
            <String CONTENT="Addit tamen rationem, quia feci, &amp; ignorãs &amp;"
                    HPOS="580"
                    VPOS="682"
                    WIDTH="818"
                    HEIGHT="74"
                    WC="0.977036799324883"></String>
          </TextLine>
          <TextLine ID="eSc_line_279c467b"
                    TAGREFS="LT8"
                    BASELINE="535 782 1396 774" 
                    HPOS="535"
                    VPOS="736"
                    WIDTH="861"
                    HEIGHT="66">
            <Shape><Polygon POINTS="535 794 656 802 657 802 717 795 759 801 761 801 846 800 847 800 862 792 901 800 902 800 904 800 929 791 930 791 979 799 980 799 1140 797 1141 797 1158 790 1190 796 1191 796 1192 796 1205 789 1395 786 1396 774 1393 736 1301 736 1300 736 1298 736 1297 736 1269 747 1157 740 1155 740 1155 740 1153 740 1139 749 1051 749 1027 741 1027 741 1025 741 1024 741 1023 741 1023 742 1014 749 963 740 959 740 958 740 954 740 902 751 877 744 877 744 875 744 840 751 787 742 780 741 779 741 777 741 775 742 758 749 711 744 709 744 708 744 685 752 662 744 659 742 658 742 657 742 647 744 571 754 535 745 535 782 535 794"/></Shape>
            <String CONTENT="ἐν ἀπιςτίᾳ. id eſt, carens fide &amp; cognitione. Non"
                    HPOS="535"
                    VPOS="736"
                    WIDTH="861"
                    HEIGHT="66"
                    ></String>
          </TextLine>
          <TextLine ID="eSc_line_ec624092"
                    TAGREFS="LT8"
                    BASELINE="534 832 1395 822" 
                    HPOS="532"
                    VPOS="790"
                    WIDTH="863"
                    HEIGHT="62">
            <Shape><Polygon POINTS="534 832 534 842 608 850 609 850 668 842 685 851 686 851 687 852 720 852 720 851 896 840 962 849 963 849 1050 840 1075 846 1077 846 1077 846 1079 846 1080 846 1094 837 1108 845 1109 845 1174 846 1175 846 1395 832 1395 822 1391 790 532 799 534 832"/></Shape>
            <String CONTENT="tantùm igitur docet ſe ignarum fuiſſe prius: ſed"
                    HPOS="532"
                    VPOS="790"
                    WIDTH="863"
                    HEIGHT="62"
                    WC="0.985059018037757"></String>
          </TextLine>
          <TextLine ID="eSc_line_7212941e"
                    TAGREFS="LT8"
                    BASELINE="534 882 1391 872" 
                    HPOS="532"
                    VPOS="832"
                    WIDTH="859"
                    HEIGHT="67">
            <Shape><Polygon POINTS="534 882 534 894 672 894 689 900 690 900 691 900 747 890 752 890 759 890 832 896 834 896 922 887 932 887 939 887 1007 896 1008 896 1072 895 1073 895 1074 895 1085 887 1102 895 1103 895 1105 895 1105 895 1129 886 1198 894 1200 894 1308 885 1346 891 1347 891 1390 882 1391 872 1388 842 1307 835 1305 835 1305 835 1303 835 1291 844 1179 844 1129 832 1128 832 1127 832 1125 832 1113 841 1029 834 1027 834 1027 834 991 847 947 847 920 836 919 836 918 836 865 842 827 836 827 836 780 847 754 837 754 837 752 837 722 839 720 839 719 839 719 840 708 850 677 839 676 839 675 839 622 845 554 840 554 840 552 840 551 840 532 850 534 882"/></Shape>
            <String CONTENT="ſe de fide &amp; verbo Euangelij quicquam antea"
                    HPOS="532"
                    VPOS="832"
                    WIDTH="859"
                    HEIGHT="67"
                    WC="0.979502895543742"></String>
          </TextLine>
          <TextLine ID="eSc_line_cb43a892"
                    TAGREFS="LT8"
                    BASELINE="532 932 1398 918" 
                    HPOS="531"
                    VPOS="877"
                    WIDTH="867"
                    HEIGHT="72">
            <Shape><Polygon POINTS="532 932 532 944 616 942 626 944 668 950 669 950 769 942 809 940 822 942 845 947 846 947 874 942 891 939 930 941 980 945 982 945 982 945 992 941 1005 936 1027 941 1042 944 1044 944 1063 940 1095 935 1122 940 1137 942 1137 942 1177 940 1222 936 1232 939 1239 941 1240 941 1241 941 1253 939 1285 932 1310 939 1317 940 1318 940 1319 940 1320 940 1322 940 1322 939 1323 939 1332 932 1397 937 1398 918 1396 885 1365 877 1364 877 1363 877 1362 877 1351 885 1348 887 1303 887 1298 886 1275 879 1274 879 1273 879 1272 879 1255 887 1253 889 1152 890 1148 889 1132 882 1132 882 1130 882 1084 890 1074 892 975 892 973 891 963 884 962 884 960 884 930 884 929 884 872 885 872 885 846 894 842 895 835 894 784 886 782 886 722 896 719 896 717 896 690 887 689 887 687 887 634 894 609 889 608 889 531 899 532 932"/></Shape>
            <String CONTENT="audiiſſe vel fuiſſe edoctũ negat. Hîc igitur ἀπιςτία"
                    HPOS="531"
                    VPOS="877"
                    WIDTH="867"
                    HEIGHT="72"
                    ></String>
          </TextLine>
          <TextLine ID="eSc_line_a114f3c7"
                    TAGREFS="LT8"
                    BASELINE="534 979 1391 967" 
                    HPOS="532"
                    VPOS="929"
                    WIDTH="859"
                    HEIGHT="70">
            <Shape><Polygon POINTS="534 979 534 992 617 999 618 999 619 999 635 992 639 991 672 992 789 996 790 996 791 996 792 996 800 991 806 989 868 991 960 994 962 994 1012 990 1067 985 1077 989 1084 991 1085 991 1086 991 1200 990 1202 990 1207 989 1224 982 1390 986 1391 967 1388 940 1370 940 1358 929 1357 929 1355 929 1355 929 1302 940 1219 930 1218 930 1217 930 1185 941 1173 932 1172 932 1170 932 1169 932 1109 941 1053 932 1052 932 1051 932 1050 932 1036 944 959 936 958 936 957 936 955 936 942 946 887 946 829 936 827 936 827 936 801 947 764 947 736 937 735 937 734 937 732 937 702 949 674 939 672 939 672 939 670 939 636 949 622 939 621 939 619 939 618 939 568 940 567 940 532 951 534 979"/></Shape>
            <String CONTENT="eſt ſpecies ignorantiæ, quæ eſt maximè excuſa¬"
                    HPOS="532"
                    VPOS="929"
                    WIDTH="859"
                    HEIGHT="70"
                    WC="0.98148047670405"></String>
          </TextLine>
          <TextLine ID="eSc_line_e9a10d46"
                    TAGREFS="LT8"
                    BASELINE="535 1027 1396 1015" 
                    HPOS="534"
                    VPOS="977"
                    WIDTH="862"
                    HEIGHT="65">
            <Shape><Polygon POINTS="535 1027 535 1036 777 1042 779 1042 875 1032 879 1032 880 1032 901 1041 902 1041 904 1041 942 1040 944 1040 945 1040 955 1032 957 1030 1050 1030 1052 1030 1082 1039 1084 1039 1085 1039 1152 1029 1155 1029 1155 1029 1164 1036 1164 1037 1165 1037 1167 1037 1168 1039 1198 1039 1198 1037 1395 1025 1396 1015 1395 989 1374 977 1373 977 1308 977 1307 977 1305 977 1274 989 1272 989 1268 989 1205 979 1203 979 1202 979 1200 979 1187 989 1184 990 1173 989 1118 980 1117 980 1115 980 1114 980 1114 982 1107 989 1103 992 1053 992 1045 989 1027 982 1027 982 1025 982 996 989 974 992 951 989 918 982 917 982 915 982 914 982 907 989 899 995 824 995 811 989 804 985 802 985 801 985 777 989 722 996 534 989 535 1027"/></Shape>
            <String CONTENT="bilis, quum quis non ignorat ea, de quibus obla¬"
                    HPOS="534"
                    VPOS="977"
                    WIDTH="862"
                    HEIGHT="65"
                    WC="0.98964582880338"></String>
          </TextLine>
          <TextLine ID="eSc_line_e81edd87"
                    TAGREFS="LT8"
                    BASELINE="532 1077 1396 1063" 
                    HPOS="531"
                    VPOS="1024"
                    WIDTH="864"
                    HEIGHT="67">
            <Shape><Polygon POINTS="532 1077 532 1087 765 1091 767 1091 768 1091 787 1084 789 1084 791 1084 845 1090 846 1090 847 1090 849 1090 857 1082 859 1082 863 1082 882 1087 884 1087 885 1087 963 1080 975 1080 977 1080 1000 1087 1001 1087 1002 1087 1059 1079 1064 1079 1070 1079 1144 1085 1145 1085 1196 1077 1200 1077 1210 1077 1298 1082 1300 1082 1395 1073 1396 1063 1395 1034 1375 1024 1374 1024 1338 1024 1337 1024 1337 1024 1312 1035 1307 1037 1169 1037 1165 1036 1155 1032 1153 1032 1152 1032 1105 1036 1086 1039 1080 1037 1058 1029 1057 1029 1018 1029 1017 1029 1015 1029 997 1037 991 1042 965 1042 959 1039 947 1030 946 1030 945 1030 944 1030 856 1034 854 1034 854 1034 846 1040 841 1044 834 1040 822 1034 820 1034 819 1034 787 1040 763 1045 694 1045 689 1041 680 1035 679 1035 677 1035 676 1035 675 1035 661 1041 652 1046 646 1042 636 1035 635 1035 634 1035 632 1035 577 1036 576 1036 575 1036 568 1042 562 1046 531 1044 532 1077"/></Shape>
            <String CONTENT="ta illi eſt cognitio: ſed de quibus nunquam audi¬"
                    HPOS="531"
                    VPOS="1024"
                    WIDTH="864"
                    HEIGHT="67"
                    WC="0.992783750806536"></String>
          </TextLine>
          <TextLine ID="eSc_line_834550d3"
                    TAGREFS="LT8"
                    BASELINE="535 1123 1397 1113" 
                    HPOS="534"
                    VPOS="1077"
                    WIDTH="863"
                    HEIGHT="61">
            <Shape><Polygon POINTS="535 1123 535 1132 640 1139 641 1139 767 1132 787 1137 789 1137 790 1137 791 1137 813 1130 818 1129 830 1130 880 1135 882 1135 882 1135 902 1129 909 1128 915 1129 936 1135 937 1135 939 1135 940 1135 957 1129 964 1127 972 1129 986 1134 987 1134 989 1134 1055 1128 1092 1125 1122 1128 1172 1132 1173 1132 1200 1128 1219 1124 1396 1125 1397 1113 1395 1084 1362 1077 1360 1077 1360 1077 1345 1084 1334 1089 1315 1085 1282 1077 1227 1077 1225 1077 1224 1077 1223 1077 1223 1079 1213 1086 1212 1087 1210 1086 1200 1079 1198 1079 1197 1079 1196 1079 1195 1079 1194 1079 1182 1087 1178 1090 1118 1091 1112 1089 1090 1079 1089 1079 1087 1079 1053 1080 1052 1080 1051 1080 1040 1090 1039 1090 1036 1090 965 1080 964 1080 935 1082 934 1082 912 1092 908 1094 904 1092 886 1086 885 1086 884 1086 882 1086 869 1092 868 1094 849 1094 757 1090 756 1090 754 1090 754 1090 747 1095 746 1096 734 1095 612 1085 611 1085 609 1085 608 1085 590 1098 534 1098 535 1123"/></Shape>
            <String CONTENT="uit. Ergo ἀπιςτία non eſt hoc loco infidelitas &amp;"
                    HPOS="534"
                    VPOS="1077"
                    WIDTH="863"
                    HEIGHT="61"
                    ></String>
          </TextLine>
          <TextLine ID="eSc_line_2cca8a39"
                    TAGREFS="LT8"
                    BASELINE="534 1173 1392 1159" 
                    HPOS="532"
                    VPOS="1119"
                    WIDTH="860"
                    HEIGHT="71">
            <Shape><Polygon POINTS="534 1173 534 1190 1392 1169 1392 1159 1390 1119 1313 1119 1312 1119 1310 1119 1308 1119 1282 1128 1265 1120 1264 1120 1263 1120 1262 1120 1260 1120 1232 1134 1046 1124 1045 1124 1044 1124 1042 1124 995 1137 925 1125 922 1125 920 1125 919 1125 918 1125 900 1140 763 1142 714 1142 691 1132 690 1132 689 1132 687 1132 666 1142 646 1132 645 1132 644 1132 642 1132 641 1132 626 1144 571 1144 532 1132 534 1173"/></Shape>
            <String CONTENT="incredulitas cum quadam malitia &amp; animi obſti¬"
                    HPOS="532"
                    VPOS="1119"
                    WIDTH="860"
                    HEIGHT="71"
                    WC="0.989413616449937"></String>
          </TextLine>
          <TextLine ID="eSc_line_3c28a72e"
                    TAGREFS="LT8"
                    BASELINE="534 1219 1398 1210" 
                    HPOS="532"
                    VPOS="1172"
                    WIDTH="866"
                    HEIGHT="65">
            <Shape><Polygon POINTS="534 1219 534 1237 996 1224 1022 1227 1068 1232 1069 1232 1070 1232 1084 1225 1090 1223 1137 1224 1277 1229 1278 1229 1279 1229 1280 1229 1292 1220 1398 1218 1398 1210 1396 1172 1308 1172 1307 1172 1305 1172 1303 1173 1280 1185 1232 1185 1223 1179 1222 1179 1220 1179 1219 1179 1180 1187 1158 1175 1157 1174 1155 1174 1155 1174 1153 1174 1150 1175 1130 1187 1072 1177 1064 1175 1049 1175 1047 1175 1046 1175 1045 1175 1045 1177 1044 1177 1032 1187 1000 1178 992 1175 991 1175 990 1175 908 1177 894 1179 856 1187 832 1180 825 1178 824 1178 822 1178 822 1178 820 1178 818 1180 806 1190 745 1192 597 1192 532 1185 534 1219"/></Shape>
            <String CONTENT="natione coniuncta: ſed ſimplex &amp; præcedenti"
                    HPOS="532"
                    VPOS="1172"
                    WIDTH="866"
                    HEIGHT="65"
                    WC="0.994807947513669"></String>
          </TextLine>
          <TextLine ID="eSc_line_b7663b9d"
                    TAGREFS="LT8"
                    BASELINE="536 1268 1395 1255" 
                    HPOS="535"
                    VPOS="1219"
                    WIDTH="860"
                    HEIGHT="66">
            <Shape><Polygon POINTS="536 1268 536 1284 574 1279 596 1282 607 1285 608 1285 609 1285 611 1285 614 1282 622 1278 656 1282 682 1285 684 1285 712 1280 730 1278 737 1280 749 1284 749 1284 751 1284 857 1278 863 1278 877 1282 877 1282 879 1282 906 1277 918 1273 1150 1270 1172 1270 1305 1277 1305 1277 1395 1265 1395 1255 1391 1219 1305 1232 1260 1232 1235 1222 1230 1220 1229 1220 1228 1220 1227 1220 1222 1222 1205 1229 1178 1223 1168 1222 1167 1222 1165 1222 1159 1224 1134 1234 1004 1234 992 1228 989 1224 987 1224 986 1224 964 1224 963 1224 962 1224 951 1228 932 1235 901 1229 879 1225 877 1225 877 1225 875 1225 875 1227 872 1230 864 1237 831 1230 813 1228 812 1228 811 1228 809 1228 806 1232 804 1232 801 1232 796 1227 795 1227 794 1227 792 1227 751 1232 704 1240 681 1240 675 1234 669 1229 668 1229 667 1229 649 1229 647 1229 646 1229 645 1229 645 1230 639 1235 635 1239 626 1235 614 1230 613 1230 612 1230 611 1230 596 1235 582 1240 535 1237 536 1268"/></Shape>
            <String CONTENT="verbi Domini prædicatione carens. Vnde quæſi¬"
                    HPOS="535"
                    VPOS="1219"
                    WIDTH="860"
                    HEIGHT="66"
                    WC="0.980146545834012"></String>
          </TextLine>
          <TextLine ID="eSc_line_6f6bf8a1"
                    TAGREFS="LT8"
                    BASELINE="534 1317 1398 1305" 
                    HPOS="532"
                    VPOS="1267"
                    WIDTH="866"
                    HEIGHT="69">
            <Shape><Polygon POINTS="534 1317 534 1336 704 1336 704 1335 704 1335 712 1332 732 1325 822 1330 865 1332 867 1332 868 1332 875 1329 890 1323 932 1328 959 1332 960 1332 982 1328 1005 1322 1140 1320 1146 1324 1150 1328 1150 1328 1152 1328 1153 1329 1190 1329 1190 1328 1191 1328 1207 1323 1228 1318 1252 1323 1274 1327 1275 1327 1277 1327 1287 1322 1296 1318 1301 1322 1303 1324 1305 1324 1305 1324 1307 1324 1398 1319 1398 1305 1395 1267 1303 1279 1258 1272 1257 1272 1255 1272 1255 1272 1245 1280 1140 1280 1127 1272 1125 1272 1124 1272 1092 1272 1091 1272 1090 1272 1089 1272 1075 1282 1023 1284 532 1284 534 1317"/></Shape>
            <String CONTENT="tum eſt vtrum ignorantia excuſet peccatores à"
                    HPOS="532"
                    VPOS="1267"
                    WIDTH="866"
                    HEIGHT="69"
                    WC="0.989513522904852"></String>
          </TextLine>
          <TextLine ID="eSc_line_1f2d2f96"
                    TAGREFS="LT8"
                    BASELINE="535 1364 1396 1353" 
                    HPOS="534"
                    VPOS="1317"
                    WIDTH="862"
                    HEIGHT="66">
            <Shape><Polygon POINTS="535 1364 536 1383 567 1377 601 1383 608 1383 609 1383 611 1383 613 1383 631 1374 704 1382 724 1383 725 1383 813 1379 814 1379 815 1379 824 1370 932 1370 964 1377 979 1379 980 1379 982 1379 992 1377 1015 1368 1142 1368 1157 1373 1167 1377 1168 1377 1169 1378 1203 1378 1203 1377 1205 1377 1215 1372 1229 1367 1248 1372 1267 1375 1268 1375 1290 1370 1312 1365 1330 1369 1347 1374 1348 1374 1350 1374 1396 1368 1396 1353 1393 1328 1346 1317 1310 1317 1310 1317 1308 1317 1307 1317 1293 1328 1277 1322 1275 1322 1274 1322 1273 1322 1272 1322 1263 1328 1223 1323 1222 1323 1146 1329 1123 1322 1122 1322 1120 1322 1119 1322 1103 1330 1010 1332 940 1330 932 1322 930 1322 929 1322 927 1322 837 1330 761 1324 759 1324 758 1324 757 1324 749 1332 727 1324 725 1324 724 1324 686 1330 631 1327 630 1327 629 1327 612 1334 582 1328 581 1328 534 1337 535 1364"/></Shape>
            <String CONTENT="peccato. Quidam diſtingunt inter ignorantiam"
                    HPOS="534"
                    VPOS="1317"
                    WIDTH="862"
                    HEIGHT="66"
                    WC="0.99954131110148"></String>
          </TextLine>
          <TextLine ID="eSc_line_51488764"
                    TAGREFS="LT8"
                    BASELINE="535 1414 1390 1400" 
                    HPOS="534"
                    VPOS="1360"
                    WIDTH="856"
                    HEIGHT="73">
            <Shape><Polygon POINTS="535 1414 535 1427 604 1433 604 1433 606 1433 631 1425 636 1425 649 1425 724 1430 725 1430 727 1430 741 1424 749 1422 772 1424 818 1429 819 1429 907 1423 968 1417 1040 1417 1047 1420 1052 1424 1053 1424 1055 1424 1055 1424 1057 1424 1068 1420 1074 1418 1080 1420 1089 1424 1090 1424 1091 1424 1092 1424 1094 1424 1099 1420 1105 1415 1388 1415 1390 1400 1387 1369 1328 1360 1327 1360 1325 1360 1324 1360 1324 1360 1314 1369 1302 1363 1301 1363 1300 1363 1298 1363 1297 1363 1287 1370 1282 1374 1142 1375 1139 1374 1123 1365 1122 1365 1055 1364 1053 1364 1052 1364 1027 1377 1024 1379 962 1379 959 1378 946 1367 945 1367 944 1367 942 1367 941 1367 919 1374 896 1367 895 1367 894 1367 818 1368 759 1374 758 1374 757 1374 746 1383 718 1375 717 1375 716 1375 664 1378 641 1372 640 1372 639 1372 637 1372 616 1379 557 1373 556 1373 554 1373 554 1373 534 1383 535 1414"/></Shape>
            <String CONTENT="Simplicem &amp; Malitioſam. Alij inter ea quæ i¬"
                    HPOS="534"
                    VPOS="1360"
                    WIDTH="856"
                    HEIGHT="73"
                    WC="0.986024072224444"></String>
          </TextLine>
          <TextLine ID="eSc_line_aa454a45"
                    TAGREFS="LT8"
                    BASELINE="536 1462 1396 1448" 
                    HPOS="535"
                    VPOS="1417"
                    WIDTH="861"
                    HEIGHT="61">
            <Shape><Polygon POINTS="536 1462 536 1478 1004 1465 1034 1470 1036 1470 1037 1470 1045 1470 1162 1462 1198 1468 1202 1468 1203 1468 1207 1468 1245 1462 1395 1465 1396 1448 1393 1423 1335 1417 1334 1417 1202 1424 1185 1424 1182 1424 1173 1417 1172 1417 1170 1417 1169 1417 1168 1417 1155 1424 1153 1424 1139 1417 1137 1417 1082 1417 1082 1417 1004 1419 1002 1419 987 1425 980 1428 967 1425 934 1419 932 1419 932 1419 930 1419 930 1420 924 1425 920 1430 875 1430 869 1427 862 1420 860 1420 859 1420 859 1420 857 1420 845 1427 844 1427 834 1427 770 1422 769 1422 768 1422 758 1427 749 1431 730 1427 712 1423 711 1423 679 1424 677 1424 676 1424 672 1428 666 1433 535 1429 536 1462"/></Shape>
            <String CONTENT="gnorantur. Aut enim ſunt vt illi aiunt, præcepta"
                    HPOS="535"
                    VPOS="1417"
                    WIDTH="861"
                    HEIGHT="61"
                    WC="0.971114510049423"></String>
          </TextLine>
          <TextLine ID="eSc_line_cbe1964c"
                    TAGREFS="LT8"
                    BASELINE="537 1510 1400 1496" 
                    HPOS="536"
                    VPOS="1460"
                    WIDTH="863"
                    HEIGHT="69">
            <Shape><Polygon POINTS="537 1510 537 1528 601 1522 635 1527 637 1527 639 1527 640 1527 666 1519 686 1525 691 1527 692 1527 694 1527 695 1527 702 1525 731 1517 741 1524 742 1524 744 1524 745 1524 746 1524 749 1524 780 1515 801 1522 809 1524 809 1524 811 1524 825 1522 860 1515 891 1519 907 1522 908 1522 909 1522 920 1519 940 1513 959 1518 977 1522 979 1522 1015 1515 1041 1512 1059 1515 1080 1518 1082 1518 1082 1518 1094 1515 1102 1510 1112 1513 1125 1517 1127 1517 1128 1517 1177 1512 1187 1510 1189 1510 1207 1518 1208 1518 1210 1518 1210 1518 1212 1518 1220 1512 1287 1515 1289 1515 1329 1507 1332 1507 1334 1507 1357 1513 1358 1513 1360 1513 1400 1505 1400 1496 1397 1472 1364 1469 1353 1460 1352 1460 1351 1460 1350 1460 1241 1473 1173 1473 1150 1463 1148 1463 1123 1463 1122 1463 1120 1463 1119 1463 1119 1465 1110 1472 1089 1463 1087 1463 1086 1463 1085 1463 1062 1474 1041 1465 1040 1465 1008 1465 1007 1465 1005 1465 977 1473 951 1465 950 1465 949 1465 947 1465 946 1465 924 1479 832 1479 811 1468 809 1468 777 1468 777 1468 775 1468 774 1468 774 1469 765 1478 754 1472 754 1472 752 1472 751 1472 749 1472 749 1473 741 1479 727 1469 727 1469 725 1469 701 1469 699 1469 699 1469 654 1483 536 1483 537 1510"/></Shape>
            <String CONTENT="pertinentia ad Primam Legis tabulam, aut ad Se¬"
                    HPOS="536"
                    VPOS="1460"
                    WIDTH="863"
                    HEIGHT="69"
                    WC="0.983103551763169"></String>
          </TextLine>
          <TextLine ID="eSc_line_9506f8c4"
                    TAGREFS="LT8"
                    BASELINE="537 1557 1395 1545" 
                    HPOS="536"
                    VPOS="1508"
                    WIDTH="859"
                    HEIGHT="65">
            <Shape><Polygon POINTS="537 1557 537 1573 879 1570 904 1565 917 1563 932 1565 964 1569 965 1569 1057 1562 1084 1560 1094 1562 1124 1565 1125 1565 1127 1565 1141 1560 1145 1560 1155 1560 1205 1565 1207 1565 1208 1565 1225 1558 1228 1558 1245 1558 1362 1562 1363 1562 1395 1555 1395 1545 1392 1519 1308 1508 1307 1508 1237 1510 1237 1510 1215 1522 1182 1522 1170 1510 1169 1510 1168 1510 1167 1510 1123 1512 1122 1512 1120 1512 1109 1520 1068 1513 1067 1513 1065 1513 1041 1523 989 1513 987 1513 958 1515 957 1515 955 1515 955 1517 946 1525 842 1525 809 1515 807 1515 806 1515 804 1515 804 1515 790 1528 761 1528 745 1517 744 1517 742 1517 708 1517 707 1517 706 1517 668 1528 622 1518 622 1518 621 1518 619 1518 606 1530 536 1530 537 1557"/></Shape>
            <String CONTENT="cundam. Illa ignorare non conceditur, vt volunt."
                    HPOS="536"
                    VPOS="1508"
                    WIDTH="859"
                    HEIGHT="65"
                    WC="0.977246275792519"></String>
          </TextLine>
          <TextLine ID="eSc_line_b6f1cf6d"
                    TAGREFS="LT8"
                    BASELINE="537 1606 1398 1593" 
                    HPOS="536"
                    VPOS="1553"
                    WIDTH="862"
                    HEIGHT="69">
            <Shape><Polygon POINTS="537 1606 537 1622 708 1622 708 1620 709 1620 713 1620 725 1613 806 1618 822 1618 822 1618 824 1618 825 1618 825 1617 834 1612 868 1617 879 1618 880 1618 904 1617 986 1610 1024 1615 1025 1615 1057 1608 1105 1615 1113 1615 1114 1615 1125 1613 1178 1607 1200 1613 1205 1613 1205 1613 1207 1613 1208 1613 1210 1612 1232 1605 1313 1605 1397 1610 1398 1593 1395 1553 1352 1560 1327 1553 1322 1553 1320 1553 1319 1553 1318 1555 1297 1565 1264 1557 1263 1557 1262 1557 1240 1565 1228 1556 1228 1555 1227 1555 1225 1555 1224 1555 1223 1555 1219 1556 1192 1567 1160 1567 1144 1557 1141 1556 1140 1556 1139 1556 1128 1557 1052 1568 1040 1560 1039 1560 1037 1560 1036 1560 1010 1565 986 1560 982 1558 980 1558 979 1558 950 1560 842 1567 819 1562 812 1560 811 1560 809 1560 809 1560 807 1562 792 1572 762 1563 761 1563 759 1563 758 1563 707 1574 586 1574 576 1567 576 1565 575 1565 574 1565 573 1565 536 1565 537 1606"/></Shape>
            <String CONTENT="Hæc autem licet, quæ ſunt Secundæ tabulæ. Reſ."
                    HPOS="536"
                    VPOS="1553"
                    WIDTH="862"
                    HEIGHT="69"
                    WC="0.992572018633718"></String>
          </TextLine>
          <TextLine ID="eSc_line_f32988d5"
                    TAGREFS="LT8"
                    BASELINE="539 1653 1391 1640" 
                    HPOS="537"
                    VPOS="1606"
                    WIDTH="854"
                    HEIGHT="67">
            <Shape><Polygon POINTS="539 1653 539 1673 856 1660 882 1665 904 1668 904 1668 929 1663 950 1658 962 1662 974 1665 975 1665 977 1665 977 1665 995 1660 1004 1660 1018 1660 1077 1665 1079 1665 1080 1665 1097 1658 1103 1656 1113 1658 1137 1663 1137 1663 1139 1663 1155 1657 1160 1655 1208 1655 1212 1655 1234 1662 1235 1662 1237 1662 1237 1662 1239 1662 1239 1660 1247 1655 1248 1652 1315 1652 1317 1652 1335 1660 1337 1660 1337 1660 1391 1650 1391 1640 1388 1615 1260 1606 1260 1606 1223 1615 1217 1615 1210 1615 1167 1607 1165 1607 1164 1607 1163 1607 1155 1613 1150 1608 1148 1608 1147 1608 1080 1608 1079 1608 1077 1608 1077 1608 1067 1615 1064 1615 1053 1615 1015 1613 1014 1613 1013 1613 1008 1615 1000 1620 987 1615 970 1610 969 1610 968 1610 934 1615 902 1620 839 1617 791 1613 790 1613 789 1613 781 1617 768 1624 732 1624 719 1617 714 1615 713 1615 712 1615 711 1615 704 1617 682 1625 575 1625 537 1618 539 1653"/></Shape>
            <String CONTENT="Ignorantia excuſat non à toto: ſed à tanto Rom."
                    HPOS="537"
                    VPOS="1606"
                    WIDTH="854"
                    HEIGHT="67"
                    WC="0.995114755873777"></String>
          </TextLine>
          <TextLine ID="eSc_line_ef89f462"
                    TAGREFS="LT8"
                    BASELINE="539 1702 1400 1690" 
                    HPOS="537"
                    VPOS="1651"
                    WIDTH="863"
                    HEIGHT="64">
            <Shape><Polygon POINTS="539 1702 539 1715 1400 1700 1400 1690 1396 1651 1296 1652 1295 1652 1293 1652 1293 1653 1285 1660 1278 1653 1277 1653 1277 1652 1275 1652 1274 1652 1273 1652 1262 1653 1229 1660 1192 1656 1170 1653 1169 1653 1168 1653 1158 1656 1137 1663 1095 1658 1082 1657 1082 1657 1080 1657 1074 1658 1053 1665 1041 1660 1039 1658 1037 1658 1036 1658 997 1660 922 1665 908 1663 882 1657 882 1657 880 1657 857 1665 849 1667 844 1665 831 1658 830 1658 829 1658 827 1658 804 1665 794 1668 775 1667 719 1660 718 1660 717 1660 701 1668 697 1670 667 1670 666 1670 645 1660 644 1660 642 1660 641 1660 622 1670 621 1671 537 1671 539 1702"/></Shape>
            <String CONTENT="2.verſ. 12. Nam ſi cæcus cæcum duxerit ambo in"
                    HPOS="537"
                    VPOS="1651"
                    WIDTH="863"
                    HEIGHT="64"
                    WC="0.991226140571677"></String>
          </TextLine>
          <TextLine ID="eSc_line_19edd8a3"
                    TAGREFS="LT8"
                    BASELINE="537 1750 1402 1736" 
                    HPOS="536"
                    VPOS="1696"
                    WIDTH="866"
                    HEIGHT="75">
            <Shape><Polygon POINTS="537 1750 537 1770 597 1770 597 1769 599 1769 602 1768 625 1761 720 1765 734 1765 735 1765 746 1765 804 1758 829 1763 845 1765 846 1765 920 1765 922 1765 930 1761 939 1756 1002 1758 1073 1762 1074 1762 1134 1756 1165 1752 1185 1755 1228 1760 1229 1760 1230 1760 1232 1760 1241 1753 1245 1751 1248 1752 1258 1757 1260 1757 1260 1757 1320 1751 1337 1750 1338 1751 1355 1757 1357 1757 1358 1757 1401 1748 1402 1736 1400 1708 1351 1708 1319 1696 1318 1696 1317 1696 1262 1697 1260 1697 1260 1697 1241 1708 1237 1712 1175 1712 1172 1710 1158 1700 1157 1700 1155 1700 1125 1700 1124 1700 1082 1710 1077 1711 1075 1710 1064 1705 1063 1705 1062 1705 1060 1705 1059 1705 1059 1706 1053 1711 1050 1715 1027 1715 1022 1711 1007 1701 1005 1701 1004 1701 1004 1701 1002 1701 982 1708 960 1702 959 1702 958 1702 867 1710 829 1705 827 1705 827 1705 812 1712 802 1717 786 1712 781 1711 780 1711 779 1711 777 1711 777 1711 775 1712 765 1718 752 1712 740 1707 739 1707 737 1707 736 1707 735 1707 735 1708 730 1712 722 1719 580 1720 572 1713 566 1708 564 1708 563 1708 562 1708 536 1713 537 1750"/></Shape>
            <String CONTENT="foueam cadent: &amp; qui ducit, &amp; ipſe qui ducitur."
                    HPOS="536"
                    VPOS="1696"
                    WIDTH="866"
                    HEIGHT="75"
                    WC="0.994944028397824"></String>
          </TextLine>
          <TextLine ID="eSc_line_b994231c"
                    TAGREFS="LT8"
                    BASELINE="540 1798 1401 1786" 
                    HPOS="539"
                    VPOS="1746"
                    WIDTH="862"
                    HEIGHT="80">
            <Shape><Polygon POINTS="540 1798 540 1818 589 1815 599 1819 622 1825 622 1825 624 1825 694 1818 707 1824 708 1824 709 1824 711 1824 740 1815 749 1813 754 1815 763 1823 764 1823 765 1823 767 1824 797 1824 797 1823 850 1813 862 1812 872 1813 918 1820 919 1820 920 1820 922 1820 935 1812 937 1811 947 1812 1001 1819 1002 1819 1004 1819 1032 1810 1035 1810 1037 1810 1059 1818 1060 1818 1062 1818 1063 1818 1095 1810 1140 1818 1141 1818 1255 1806 1258 1806 1260 1806 1293 1815 1295 1815 1296 1815 1297 1815 1298 1815 1314 1805 1317 1805 1360 1810 1360 1810 1401 1802 1401 1786 1398 1757 1352 1746 1351 1746 1220 1751 1219 1751 1218 1751 1205 1758 1142 1748 1141 1748 1140 1748 1110 1760 1025 1752 1024 1752 1023 1752 1007 1761 982 1753 980 1753 979 1753 977 1753 959 1762 909 1757 908 1757 907 1757 882 1763 807 1753 806 1753 804 1753 804 1753 790 1765 762 1765 737 1755 736 1755 735 1755 734 1755 709 1765 625 1756 624 1756 622 1756 601 1768 539 1768 540 1798"/></Shape>
            <String CONTENT="vt eſt Mat th. i5, &amp; apparet, Geneſ. 2o. verſ.5 &amp;7."
                    HPOS="539"
                    VPOS="1746"
                    WIDTH="862"
                    HEIGHT="80"
                    WC="0.985442488801246"></String>
          </TextLine>
        </TextBlock>
        <TextBlock HPOS="1288"
                   VPOS="1808"
                   WIDTH="119"
                   HEIGHT="38"
                   ID="block_3"
                   TAGREFS="BT17">
          <Shape><Polygon POINTS="1407 1808 1407 1846 1288 1846 1288 1808"/></Shape>
          <TextLine ID="eSc_line_f837bd12"
                    TAGREFS="LT8"
                    BASELINE="1298 1835 1403 1833" 
                    HPOS="1297"
                    VPOS="1795"
                    WIDTH="106"
                    HEIGHT="66">
            <Shape><Polygon POINTS="1298 1835 1298 1861 1403 1857 1403 1833 1401 1801 1310 1795 1310 1795 1308 1795 1307 1795 1297 1800 1298 1835"/></Shape>
            <String CONTENT="Hinc"
                    HPOS="1297"
                    VPOS="1795"
                    WIDTH="106"
                    HEIGHT="66"
                    WC="0.998259782791138"></String>
          </TextLine>
        </TextBlock>
      </PrintSpace>
    </Page>
  </Layout>
</alto>
