1482 2195
363 144 285 52 CAPVT II.

907 147 48 57 35

91 189 864 72 pandens, vt auxilium ab eo impetremus. Id colli¬

93 244 838 63 gitur ex Tertulliano, & Pſal. 142.verſ.2

99 291 853 63 QQuotuplex autem ſit oratio quæritur, Reſp.

93 339 862 65 Eſt duplex, Implorans eáq; pro nobis, vt Bona

93 390 863 59 det Deus, Mala auertat & auerruncet: vel pro

91 436 863 62 aliis. Et Agens gratias, Eſt Εὐχαριστία Pſal.22.

135 484 822 66 Quæ inuocat & petit αἴτησις appelletur nomi¬

91 532 863 65 ne generali, & oratio ſiue ἀχὴ  Quæ verò pro no¬

93 579 863 66 bis ipſis poſtulat à Deo bona προς ἀχὴ  dicitur, vt

90 629 863 63 Pſal 61. Quæ petit vt à nobis auerruncentur & a¬

88 676 587 70 bigantur mala, δένσις vti Pſal. 14o.

144 722 812 66 Quæ pro alijs interpellat & intercedit apud

88 772 868 67 Deum eſt ἔντάξις, vel μεσιτεία. Hæc tot ſunt ge¬

86 819 871 70 nera precationum publicarum. Vide tamen Au¬

88 870 266 64 guſt. Epiſt. 59.

90 919 867 62 Cap. 2. Quæritur autem à quo fieri preces

86 964 871 65 debeant & poſsint. Reſp. Ab omnibus in vni¬

85 1013 869 60 uerſum: ſed priuatæ à priuatis. Publicæ verò à

84 1059 871 61 ſolis iis qui Eccleſiæ præſunt, quales paſtores &

86 1108 868 66 olim Diaconi. Ac quoad priuatos ſcribit Chryſo¬

86 1155 866 59 ſtom. iam olim fuiſſe ſolitos Chriſtianos bis in

86 1205 863 67 die, ſcilicet, mane, & veſperi domi precari, adeò

88 1255 864 57 vt milites ipſi in caſtris id conſueſſent, & data eſt

84 1302 868 57 illis à Conſtantino breuis formula & precatio,

85 1351 867 64 quã mane & veſperi dicerent. Euſebius lib.4. de

86 1398 863 64 vita Conſtantini. Sed de publicis precibus hîc a¬

91 1454 121 66 gimus.

108 1490 843 71 Primùm igitur Paſtores debent precari publi¬

84 1546 870 61 cé. Ad eos enim hæc res pertinet. Sed etiam ex

85 1590 868 67 veteri Eccleſiæ diſciplina Diaconi poſſunt &

86 1638 865 66 Presbyterij etiam ij, qui doctrinam non tractãt.

83 1688 868 65 Eorum enim muneri preces adiunctas fuiſſe ſcri¬

83 1738 866 79 ptum eſt, in canon Perlectis 5 ad Diaconũ diſt. 25
