1482 2195
393 149 247 46 CAPVT I.

907 121 75 88 58

113 196 872 68 ſacra legitima & Deo grata oratio extra ea fieri

116 251 857 57 poſſe ab hominibus etiam Chriſtianis cẽſeretur.

163 297 809 61 Nec illa ſuperſtitio deffendi poteſt exemplo

114 347 855 59 eorum, qui in ſepulchrum Elizæi cadauer quod¬

114 394 861 57 dam feſtinantes & coacti proiecerant. vt eſt 2.

113 440 856 60 Reg.13.verſ.21. Nam illi cadauer Elizæi non co¬

114 494 858 52 luerunt: deinde id coacti fecerunt. Demum nulla

113 534 859 63 inde ſuperſtitio nata dicitur ad ſepulchrum Eli¬

116 584 857 63 zæi: ſed tantùm proptere fuit doctrina Prophe¬

113 634 862 60 tæ, quę in animis hominum adhuc recens inhære¬

114 679 861 60 bat, confirmatior facta, & Deus ipſe maiori ho¬

114 729 685 58 nore ab illius ſeculi hominibus cultus.

171 772 801 66 Templa igitur in Eccleſijs Dei eſſe vtile qui¬

118 822 857 62 dem eſt: ſed tamen nec ſumptuoſa, nec ſuperſti¬

114 872 861 61 tioſa, ſed quæ ad capiendum populum ſint ſatis

114 920 863 60 commodè extructa, & quibus fanctitas nulla

114 967 863 61 religióque aſcribatur. Hoc enim eſt planè ſuper¬

113 1015 862 60 ſtitioſum & Iudaicũ. Primùm enim ſine templis

118 1064 857 61 proprijs fuit Eccleſia Chriſtiana tempore Apo¬

118 1118 861 49 ſtolorum, & poſt eos etiam temporibus Iuſtini

116 1159 861 60 Martyris: falſa ſant enim quæ in Higini & Sex¬

118 1207 862 62 ti Roman. Epiſcoporum Epiſtolis de conſecra¬

116 1258 859 57 tione templorum in decretis & alibi extant. Sub

119 1305 855 52 Diocletiano primum apparet Chriſtianos ha¬

116 1355 863 55 buiſſe oratoria quædam, & προς ευκτηρίους  ὄικους, vt

119 1400 859 58 vocat Euſeb. lib.9. Hiſtor.cap.1o. & Ruffi in Hi¬

118 1448 862 61 ſtor. Eccleſiaſt. Templa igitur Chriſtianorum

118 1500 866 58 imperatorum ætate & imperio demum ædifica¬

116 1545 868 63 ri ceperunt, & oratoria dicebantur, quæ ſi amplio¬

119 1595 863 60 ra erant, Baſilicę: nondum autem ναοί aut ἱερα. Hæ

123 1641 859 61 Baſilicæ etiam ſæpe à Cæſarum nominibus, à

126 1690 856 56 quibus fuerant extructæ, vocabantur, & deno¬

129 1738 855 69 minabantur, vti Baſuica Conſtantini Euag.lib.2.

722 1785 104 79 e. iiij.
