1482 2195
736 134 348 61 EPISTOLA.

491 186 861 89 ràque Euãgelij Chriſti prædicatio retino

490 244 861 84 tur, ſummota omni idololatria: ergo non

491 299 862 81 diffitemur & eas etiam veras eſſe Dei Ec¬

492 358 860 83 cleſias. Vnica enim eſt, eáque fundamen¬

494 421 861 71 talis veræ Eccleſiæ nota in his terris, pura

492 473 865 78 nimirũ verbi Dei predicatio à legitimo pa

492 527 875 84 ſtore facta, quæ vbicũque eſt, illîc quoque

494 579 861 80 eſt Grex Domini, iuxta illud Chriſti, O¬

496 640 859 82 ues meę vocẽ meã audiunt: & ſi ab eo cœ¬

497 696 858 79 tu ſæpe Sacramentorum adminiſtratio,

499 751 854 84 ſæ pe etiam morum correctio, Eccleſiaſti¬

499 809 856 80 cǽque diſciplinæ vſus & praxis exulat,

499 863 855 82 atque abeſt. Quod enim hę duę poſterio¬

501 918 859 85 res notę, tanquam neceſſarię, ad veræ Ec¬

499 969 863 95 cleſię deſignationẽ à nõnullis pronuntiã¬

501 1029 859 88 tur, oſtendũt illi tãtum, quid quantũque

502 1087 856 80 requiratur, vt omnibus ſuis numeris ab¬

502 1148 859 76 ſoluta ſit verę Eccleſię facies. non autem

502 1197 859 82 illud volunt, omninò Dei Eccleſiam dici

502 1258 859 78 eum cœtum non poſſe, in quo purè & ve¬

503 1310 859 85 rè verbum diuinum prædicatur, ſi nulla

504 1364 856 88 ſit diſciplinȩ Eccleſiaſticę praxis. Sũt igi¬

504 1423 861 85 tir huiuſmodi Eccleſię quidem, ſed non

504 1478 863 87 omnibus ſuis partibus & numeris abſolu¬

507 1535 858 87 tæ: quin potius claudicantes. Sic ille à no¬

506 1593 863 82 bis dicitur homo, cui brachium vtrũque

507 1650 863 86 abſciſſum eſt, ſi modò idem ille ratiocina¬

511 1700 859 111 tur. Sed hoc conari, hoc ſtudere, hoc ef¬

1237 1762 135 86 ficere
