1482 2195
419 166 305 57 EPISTOLA.

147 212 845 74 quitur, ἀσχημόνως καί κατα τάξιν fieri oportet:

140 269 851 71 nihil autein confuſè, & pertubatè, ne ex

140 326 850 69 iſta domus turpitudine ad ipſum patrem

140 380 851 71 familiàs, id eſt, ad Deum Optimũ Maxi¬

139 436 850 71 mum aliqua labes quodammodo redun¬

140 494 849 72 det. Itaque ipſe eâdem benignitate qua

139 549 848 64 in ſacratiſsimo ſuo verbo omnia, quæ

136 604 853 71 ſunt ad ſalutem æternam, ipſiúſque Eccle¬

136 659 863 71 ſiæ ſuæ fundamentũ neceſſaria, præſcrip¬

135 718 852 65 ſit: it a et iam quæ ſunt ad eiuſdem Eccle¬

136 774 853 62 ſiæ ordinem, & ornamentum vtilia, de¬

135 829 854 70 mõſtrauit, nequa deeſſet pars ad veræ Ec¬

136 884 854 70 cleſiæ conſtitutionem neceſſaria, quam

136 941 850 66 non ab ipſius ore & verbo abundè diſce¬

136 997 846 70 remus. Vt verò hæ præceptiones, quæ

136 1050 849 70 Eccleſiæ neceſſarium ordinem cõtinent

136 1108 846 70 etiam nomine ipſo ab ijs diſtingueren¬

134 1164 844 70 tur, quæ doctrinam fidei complectuntur,

139 1222 843 66 generaliter diſciplinæ Eccleſiaſticæ vo¬

136 1278 845 68 cabulo vulgò ſunt appellatæ. Quemad¬

134 1335 850 68 modum enim ea verbi Dei pars, & ea ve¬

134 1390 850 70 ritatis cognitio, quæ quid de Deo Patre,

138 1445 851 67 de Chriſto, eiuſque naturis & officio, de

141 1503 845 65 Spiritu Sancto, de cauſis noſtræ iuſtifica¬

139 1562 851 61 tionis, de vita æterna, nobis credendum

139 1613 848 70 ſit, oſtẽdit oſſa & neruos, ipſámque adeò

143 1668 859 72 veræ Eccleſiæ, tanquam corporis οὐσίαν,

141 1726 851 82 & conſtitutionem continet & ædificat.

727 1787 135 79 ¶ Iij.
