1482 2195
385 178 367 52 EPISTOLA.

133 221 859 71 Iniuriis contra leges patrias, morémque

128 276 862 73 maiorum illatis tandiu ſunt defenſæ: de¬

131 342 863 57 nique cùm tua ſit hodie in orbe terrarum

125 394 868 68 gloria, tantáque rerum pro Dei gloria aſ¬

124 449 868 67 ſerenda geſtarum laus, vt parem tibi tám¬

129 504 863 68 que conſtantem principem nulla adhuc

125 558 863 71 hominũ ætas viderit. Tu Prouinciam ti¬

125 614 878 72 bi commiſſam ab Hiſpanorum ac extra¬

118 672 874 71 neorum tyrannide eripuiſti, tu Belgium

124 727 866 72 inteſtinis morbis profligatum ac iam de¬

131 784 858 70 ploratum inexpectata ratione & medici¬

130 842 859 60 na ſanaſti, ac in iura maiorum priſtinúm¬

133 891 854 66 que ſplendorem reſtituiſti. Tu hoſtibus

129 952 855 63 iò triumphum iam canent ibus fugam in¬

129 1007 859 65 ieciſti, & victor ipſe triumphatórque

130 1058 856 71 Chriſti vexilla præferens rediiſti, Tu pie¬

126 1118 863 66 tatis aſſertor, tu Iuſtitiæ publicæque ſalu¬

125 1175 863 62 tis vindex fortiſſimus ore omnium mor¬

124 1229 865 66 talium celebraris, adeò quidem, vt qui tã¬

121 1285 869 66 ta, támque præclara & pro Domini no¬

123 1340 867 68 ſtri Ieſu Chriſti regno amplificando &

125 1400 863 66 pro patria libertate tutãda bene geris, tu

125 1455 854 65 quoq; bene inter omnes mortales mere¬

123 1510 868 70 ris audire Βροτοῖς γὰρ vt ait Eurip. χρηστὰ πρα¬

125 1565 856 66 γματα τα Χρηστῶν ἀφορμὰς ἐνδιδωσ᾽ ἀεί λογων.

121 1623 865 62 Ego vero Princeps Clemẽtiſſ. cùm tot ad¬

121 1681 863 54 mirandas virtutes tuas commendari vbi¬

124 1735 863 77 que gentium intelligam, & hoc quoque
