1482 2195
385 156 247 55 CAPVT I.

915 162 37 59 60

104 206 856 65 apparet ex Epiſtolis Ambroſij. Demum certæ

103 261 859 57 cæremoniæ ſunt inſtitutæ, adhibitæ, & verba, &

106 309 852 57 precationes, quibus ſanctitas ipſis lapidibus in¬

102 357 855 57 hæreret. Ita repetita & repoſita ſunt in Dei Ec¬

104 404 850 57 cleſia, quæ profani homines in dedicandis idolijs

101 452 854 59 ſuis obſeruare conſueuerant, de quibus agitur de

104 502 850 55 Conſecr. diſtinct.1. Cæterum illa iam dedicata

101 549 853 60 templa appellarunt auguſto nomine ναοὺς, ἐκκλησιας

98 594 856 57 ἰερὰ vt apparet ex Epiſtolis Sidonij Apollinaris.

102 647 850 60 Quorum etiam templorum inter Chriſtianos, vt

99 696 854 57 inter Iudæos, tres partes conſtituerunt. Nempe

97 741 850 58 Sanctum ſanctosũ, vbi eſt magnum altare Aʹ'γιον:

96 787 855 61 & Sanctum ſiue χόρον, vbi eſt chorus Sacerdotum

97 837 550 60 canentium: Ναὸν, vbi eſt plebs.

141 887 810 59 Sed quæſitum eſt, verſus quam mundi partem

93 930 853 64 & plagam ſit orandum. Reſpond. Siquidem ver¬

95 980 852 61 bum Dei, à quo ſolo pendere debemus, ſpecte¬

93 1027 854 62 mus perinde eſt, neque refert in quam mundi re¬

93 1077 851 60 gionem conuerſi precemur. Sin autem morem

91 1124 853 60 Papiſtarum, verſus Orientem orant, & eôdem e¬

88 1174 854 56 tiam templorum ſuorum capita conuertunt. Ve¬

88 1219 847 60 tus quidem Eccleſia etiam ſub Conſtantino libe¬

83 1267 859 58 rior fuit, vt docet Socrates lib. 5. cap.22. Rationẽ

85 1312 859 63 Papiſtæ afferunt, quòd ad Orientem fuerit ſitus

85 1360 854 62 paradiſus. Sed ex Ezechiel 8.verſ.16.reſponde¬

83 1410 859 62 mus damnatos eſſe à Deo, qui verſus Orientem

84 1460 855 59 quadam religione ducti orarent, nec quia ibi pri¬

81 1512 855 51 mum paradiſum collocauerat Deus, voluit tem¬

81 1555 858 57 plum ſoum eò vergere. Vrbs enim Hieruſa¬

79 1603 859 60 lem verſus meridiem. Templum autem, quod in

80 1650 854 60 monte Sion erat, ad Septentrionem ſitum fuit,

83 1697 852 63 vti apparet ex Pſal.48. & Ezechiel.4o. verſ.2. De¬

75 1746 856 83 pique videntur Papiſtæ veteres Perſas idolola¬
