1482 2195
796 126 296 52 EPISTOLA.

513 171 877 75 In Dei metu officióque continuit: eſt de¬

521 230 868 74 nique hæc eadem aduerſus enaſcentes

508 286 879 75 hæreſes ſepes & munimentum validiſſi¬

511 339 879 80 mum, aduerſus iam natas & infeliciſſimè

499 399 887 77 pullulantes, tãquam aduerſus magica ve¬

502 453 884 79 nena, remedium præſentiſſimum. Quan¬

501 512 882 75 quam autem T. E. doctiſſimorũ virorum,

502 568 889 76 imprimis autẽ generoſiſſimi præſtãtiſſimí

518 622 866 77 que illius viri Ph. Marnixij Domini mõtis

502 676 884 78 Sancti Aldegõdij, & fideliſſimi verbi Dei

502 734 881 79 Miniſtri Taffini, (a quibus hȩc iſta diſcet)

512 794 870 73 eruditiſſimis ſermonibus non caret, hæc

508 845 874 75 tamẽ in commune veſtrarum Eccleſia¬

507 902 877 78 rum commodũ, tanquã ſymbolum, & ipſe

517 958 868 79 pro virili volui cõferre, vt illæ intelligant

511 1013 871 77 quantum pro T. E. & illis ipſis benè ex

506 1070 872 75 animo velim, ac feliciſſima atque opti¬

506 1128 869 77 ma quæque à Deo ardentibus votis exo¬

496 1182 888 80 ptem. Tuæ verò virtuti, Princeps Illuſtri¬

507 1240 870 73 ſime, quid non debeatur, cùm ab omnibus

504 1293 871 77 fidelibus & Chriſtianis viris, tum verò

487 1348 890 79 à noſtris Gallis, quorum ſalus & incolu¬

492 1405 885 77 mitas ſemper ſummæ curæ fuit tibi, fratí¬

496 1462 877 73 que tuo Illuſtriſſ. Comiti Ludouico ( cu¬

502 1519 870 75 ius felix memoria nunquam caneſet, ac

499 1573 863 75 ne ſeclis quidem innumerabilibus, cuius

497 1628 871 75 vtriuſque & armis & prudentia Eccleſiæ

509 1681 853 92 Gallicanæ ab aduerſariorum atrociſſimis
