1482 2195
389 139 275 61 CAPVT II.

918 144 49 60 66

112 199 854 60 vetus Eccleſia in Synodis repreſsit. Oportet e¬

112 248 853 55 nim eo modo mulieres Chriſtianas veſtiri, quo

113 296 854 60 interna earum pudicitia apparere poſsit, etiam

111 342 854 59 infidelibus hominibus. Nam vt, & rectè quidẽ,

111 391 854 58 ſuo ſeculo eſt conqueſtus Chryſoſtom. quædam

111 441 854 58 mulieres ita exornatæ ad templum & cœtũ Do¬

109 486 859 58 mini incedunt, & ad ſacram Domini Cœnam ſu¬

109 536 858 60 mendam accedunt, vt illîc potius ſaltaturæ, quàm

111 582 859 64 Deum precaturæ videantur. Nec verò ijs prodeſt

109 634 858 58 hæc exceptio, Sic culta viro & marito meo pla¬

108 677 856 61 ceo. Nec enim illæ, vt lenoni marito placeant,

107 727 859 65 debent ſtudere: & quæ ſic exornata, aut fuco pi¬

109 775 854 64 gmentata incedit, certè naturam formámque,

112 825 855 59 quam à Deo accepit, odit. Sed neque hæc altera

109 870 856 62 earum ratio eſt audienda, Sunt hæc omnia ex τῶν

107 919 860 58 ἀδιαφορων genere. Neq; enim hęc cùm offendiculũ

108 967 856 61 cuiquam præbent, ſunt adiaphora: ſed damnata

108 1013 857 64 ſunt, iíſq; eſt abſtinendũ. In ſumma cultum mu¬

108 1064 854 60 lierum non damnat Paulus, modò ſit Honeſtus,

108 1108 854 64 & Modeſtiæ verecundiæque Chriſtianarum mu¬

107 1167 858 48 lierum conueniens & conſentaneus. Et rectè etiã

107 1205 856 65 docet Plutarchus lib.6.Sympoſ.quæſt.7. abſter¬

107 1255 855 66 ſionem ſordium & ſpurcitiei à cultu inhoneſto

107 1305 405 65 & ſumptuoſo differre.

163 1396 801 74 10 Sed (quod decet mulieres pietatem

109 1456 555 72 ſpondentes) operibus bonis.

153 1525 809 66 A'ντίθεσις eſt. Faſtui enim & ſuperbiæ, atque

107 1581 858 62 laſciuæ illi mulierum pompæ ſuperiori verſiculo

108 1633 854 59 deſcriptæ verum earum ornatum opponit, nimi¬

109 1680 856 60 rum bona opera, id eſt, pro externo ornatu, vt lo¬

111 1725 851 83 quitur Petrus, internum requirit qui in eo poſi¬

756 1771 53 72 £j.
