1482 2195
385 151 294 56 CAPVT II.

920 154 34 64 85.

107 199 859 66 uſtè quoque illa à ſummo ſacrificatore loiada

107 251 858 61 de regni ſolio deturbata & deiecta, eſt, atque e¬

108 301 859 62 tiam propter vſurpatum regnum necata. Quod

106 352 859 54 de Amazonum regno commemoratur, primum

108 397 854 57 vt fabuloſum non fuerit (quemadmodum omni¬

104 441 860 61 no fabuloſum non putant Arrianus, & Q Curtius

108 489 854 66 quíque res geſtas Alexandri Magni ſcripſerunt)

107 547 858 54 tamen præter rerum naturam conſtitutum eſt il¬

104 586 858 61 lud regnum, & in virilis ſexus apertam contume¬

106 632 857 62 liam. Quid enim magis portentoſum & mõſtro¬

103 681 859 57 ſum & à muliebris ingenij manſuetudine alienũ,

104 734 861 55 quàm videre armatarum mulierum exercitũ con¬

104 780 859 55 tra viros concurrentem: ac latiſſimam quandam

104 830 860 54 terræ plagam cernere, quæ omnino viris & mari¬

106 872 856 63 bus careret. Itaque videntur illæ contra ipſam

104 920 856 61 fœminei ſexus vel potius humanam naturam pu¬

106 968 857 62 gnaſſe, & auxiliũ, quod à Deo optimũ & præſtan¬

104 1017 854 60 tiſſimum paratum eſt mulieribus, nempe mari¬

106 1063 851 57 tos reieciſſe. Vnde prorſus breuíq; tempore to¬

103 1110 852 62 ta illa Amazonũ gẽs deleta eſt. Sed ad propoſitã

104 1162 853 57 quæſtionem reuertamur. Quanquam verò Iſai.3.

106 1210 852 62 verſ.II. pro magno Dei maledictionis ſigno po¬

103 1257 859 62 ſitum legimus, quòd pueri & mulieres imperium

103 1305 859 65 in aliqua gente obtineant: tamen illud ipſum nõ.

103 1355 856 62 eſt perpetuum. Sæpe enim & pueri reges, velut

104 1400 854 55 Solomon & Ioſias, ſanctiſsimè & feliciſsimè re¬

103 1451 854 57 gnarunt, fuítque eorum imperium omni bono¬

102 1497 855 61 rum genere à Deo cumulatum. Idem de mulieri¬

104 1543 851 64 bus quibuſdam, & earum imperio dici poteſt,

106 1592 854 61 quibus Dominus mirum in modum benedixit, vt

104 1640 855 62 ex varijs hiſtorijs apparet. Certè de illuſtriſsima

102 1686 863 65 regina Angliæ Elizabeta, quæ nunc feliciſsimè

102 1736 859 87 regnat, dici poteſt, nihil terrarum orbem vidiſſe.

695 1788 83 78 fiij.
