1482 2195
401 141 251 57 CAPVT I

934 153 31 49 16

121 189 862 73 Iudæos. Illi enim de lege gloriabãtur quam acce¬

123 247 863 62 perant, & qua etiam abutentes circa huiuſmodi

126 296 856 65 quęſtiones langueſcebant. Gentes verò ad fidem

123 346 859 60 conuerſæ, vix, ac ne vix quidem iſtas de Genea¬

123 392 863 64 logiis quęſtiones attingebant: vel Legis à Moſe

123 442 861 60 datæ meminerant, de qua ante Euangelium non

121 489 862 61 audiuerant: neque in ea, vti Iudæi, innurriti fue¬

121 535 863 64 rant. Præclara eſt hæc confeſsio Pauli Apoſtoli

121 584 869 62 de vſu legis & veteris Teſtamenti in Eccleſia

119 629 868 66 Chriſtiana & ſub Euangelio valde notanda con¬

121 680 864 64 tra Marcionitas, & Manichęos. Obſeruandum

121 729 866 60 tamen eſt hîc Paulum non in vniuerſum de toto

123 781 863 58 vſu Legis agere, ſed de eo tantùm vſu, qui erat

121 832 863 52 maximè ad præſentem quæſtionem accommo¬

121 877 863 55 datus, & vt vanam illam Iudaizantium doctorũ

121 922 859 58 ambitionem & iactantiam contunderet: qui quũ

118 968 863 62 nihil, niſi garrulitatem & vaniloquentiam, mon¬

121 1017 861 60 ſtrarent, præ ſe tamen ferebant magnam Legis

121 1063 875 62 obſeruationem, prædicationem, ac reuerentiam.

121 1115 861 62 Ergo docet quis ſit verus Legis, quam prędicant,

121 1163 863 54 vſus, per quem Lex ipſa nobis ſalutaris & vtilis

121 1213 858 61 eſſe poſſit. Eſt autem, ſi ex ea cor purum & ſanã

118 1260 862 69 conſcientiam habere didicerimus per fidem, quæ

116 1305 268 58 eſt in Chriſto.

166 1347 821 71 Lex bona eſt, ſi quis lagitimè ea vtatur) Legiti¬

118 1402 867 63 mus Legis vſus eſt, quum ad eum finem ea vti¬

118 1451 862 64 mur, ad quem nobis à Deo data eſt & promulga¬

118 1498 866 65 ta. Eſt enim is demum rectus illius vſus, qui quis

118 1547 868 62 ſit ſupra docuit verſ. 5. & 9. Paulus alludit etiam

121 1597 862 62 aptè paronomaſia quadam ad vocem νόμου in

123 1643 874 59 verbis vόμος & νομίμως. Nec enim Lex eſt doctri¬

121 1693 876 60 na vtilis nõ vtenti illa legitimè, & vt oportet. Sed

119 1743 873 77 obiicitur, etſi quis non vtatur rectè Lege, tamen

746 1796 79 78 b.ij.
