1482 2195
353 152 278 57 CAPVT II.

894 152 57 69 61

93 199 855 72 eſt, vti Iſai.1.verſ.15. nimirum pro ipſo cordis af¬

95 253 852 61 fectu, qui ad Deum erigi debet. Hic enim geſtus

93 301 854 63 fauorem animi deſignat, quo preces ad Deum

91 349 855 62 noſtras concipi debere ſignificat Apoſtolus: non

93 396 854 63 quòd homines Chriſtianos huic cæremoniæ in

90 444 727 65 precandõ velit eſſe alligatos & aſtrictos.

135 494 809 62 Denique quæri etiam poteſt de tempore, quo

89 540 856 61 preces concipi & fieri à Chriſtianis debent. Reſ.

90 591 854 60 Quod quidem ad priuatas, non tantùm quoti¬

89 636 855 63 die ſemel: ſed etiam & bis & ſæpius in die fieri o¬

86 689 856 58 portere, nimirum mane & veſperi, cùm ſurgimus

86 734 856 57 aut cubitum diſcedimus, vt omnes actiones no¬

86 781 856 62 ſtræ à Deo incipiant & finiant. Id quod exemplo

86 829 855 55 Dauidis ita faciẽdum eſſe monemur Pſal.55 verſ.

88 877 854 61 18 & ſuo ſeculo in omnibus familiis factitatum

83 922 859 66 ſcribit diſertè hoc loco Chryſoſtomus. Quod

81 977 859 56 autem ad precationes publicas nulla fuit ante

84 1023 856 59 Chriſtianos imperatores de eo lex in Eccleſia

84 1070 854 59 conſtituta, cùm non auderent Chriſtiani homi¬

81 1119 858 61 nes propter perſecutiones liberè cõuenire. Poſt

81 1167 855 60 fancitam verò Eccleſiæ libertatem toties ora¬

84 1215 854 62 runt, quoties ad audiendum Dei verbum, vel ad

85 1269 851 55 Sacramentorum participationem colligebatur

80 1308 854 64 Eccleſia, quia ſine precibus nunquam dimitteba¬

76 1362 860 58 tur cœtus piorum, vti docent, & luſtinus Martyr

78 1405 857 62 & Tertullian.in Apologet. & Socrates lib.5.cap.

78 1456 857 57 I6. Certis tamen horis non erant precationes pri¬

76 1503 858 61 mum inſtitutæ, alligatæ, & vinctæ: ſed creuit po¬

79 1550 856 57 ſtea ſuperſtitio, & deuincta eſt certis horis oran¬

76 1597 859 58 di conſuetudo & neceſſitas, etiam ſine publico

75 1645 857 60 Eccleſiæ cœtu, & ſine predicatione verbi Dei. Id

78 1693 851 61 quod docet Hieronymus ad Euſtochium, adeò

73 1745 850 83 quidem, vt etiam ſioe conuocatione Eccleſiæ o¬
