1482 2195
504 122 40 77 31

652 118 578 72 AD I. PAVL. AD TIM.

492 178 866 73 vbi duodecim Sacerdotes circunſtant Epiſcopũ,

490 233 875 71 & lucernas ardentes habent, quas in terram proii¬

490 279 871 73 ciunt. vide canon. Debent duodecim Sacerdotes

490 339 210 68 1I. quæſt.3.

811 519 273 66 CAP. II.

526 745 113 1 A

672 571 686 100 DHORTOR igitur ante omnia

663 649 697 71 vt fiant deprecationes, preces, po¬

671 709 694 71 ſtulationes, gratiarum actiones pro

494 763 449 74 quibuſ uis hominibus.

519 854 836 72 Tranſitio eſt ad alteram Euãgelici muneris

496 906 863 74 partem, quæ eſt publicarum precum pro quoli¬

496 958 864 65 bet hominum genere conceptio & profuſio co¬

491 1002 872 70 ram Deo. Quæ diſputatio commodè ſubiicitur

492 1050 870 70 tum ad ſuſceptum argumentum, quia paſtorem

492 1098 871 71 Eccleſiæ de omnibus ſui muneris partibus Pau¬

494 1147 867 70 lus informat:tum etiam ad ſuperiorem conclu¬

494 1196 867 67 ſionem, quia hoc ipſum eſt optimum pietatis

496 1242 866 66 Chriſtianę exercitium, & veræ fidei conſeruandæ

496 1293 864 62 modus tutiſſimus. Precibus enim impetramus à

494 1340 868 70 Deo, vt in ſana ipſius doctrina & metu pergamus

494 1392 865 63 confirmemur, & creſcamus. Hoc autem loco &

496 1436 864 66 capite Paulus breuiter complexus eſt, quæcun¬

497 1483 863 67 que de oratione ſiue precibus Chriſtianorum

496 1536 863 64 quæri poſſunt. I Quæ ſit, & quot eius genera.

494 1580 865 67 2 A quibus ſint preces fundendæ. 3 Pro quibus

496 1629 862 71 4 Vbi ſiue quo in loco. 5 Quando. 6 Quomo¬

492 1678 863 65 do & qua cum animi reuerentia, & totius cœtus

490 1721 866 95 decoro: quæ ſingula ſuis locis à nobis (Domino

1223 1776 130 84 dante)
