1482 2195
319 136 338 49 EPISTOLA.

66 189 865 72 legiſlatioque ſanè quidẽ pertineat neceſ¬

68 248 863 67 ſe eſt, quia ille ſolus Eccleſiæ, & cœtus i¬

68 303 856 67 ſtius Rex eſt, dominus, moderator & legi¬

66 359 868 61 ſlator, idémque ſolus conſcientiarũ noſtra¬

71 418 859 66 rũ legitimus gubernator, arbiter, atque

71 474 859 67 rector. Itaque ſolus ille poteſt leges, tũ le¬

74 530 856 67 gitimæ vocationis eorum, qui in ſua do¬

73 585 859 62 mo præeſſe debent, præſcribere: tum etiã

71 642 858 67 mouendæ hominum conſcientiæ, ingi¬

75 699 856 68 gnendǽque pœnitentiæ modum nobis

75 754 856 68 demonſtrare. In quibus duobus capiti¬

73 809 854 60 bus laus & vis ſumma vniuerſæ Eccleſia¬

75 865 849 70 ſtice diſciplinæ, quemadmodũ diximus,

73 920 857 70 finiſque poſitus eſt. De quibus rebus le¬

79 977 850 71 ges alias, & ab ijs, quas Chriſtus præſcrip¬

75 1034 859 66 ſit, diuerſas ferre neque Reges vlli, ac ne

79 1091 853 66 vniuerſa quidẽ ipſa Dei Eccleſia (quę eſt

75 1147 856 66 in his terris) poteſt. Nã & ipſa eccleſia eſt

78 1205 849 65 dũtaxat ſerua Dei, & nõ domina, & reges

81 1260 846 68 quoque ipſi ſunt in hoc cœtu mẽbra tã¬

78 1315 847 67 tùm nõ caput: mẽbra quidẽ honorabilia,

78 1372 852 66 nõ tamen ſic mẽbra, vt in hoc cœtu regẽ

79 1425 851 71 do imperent pro ſuo arbitratu, ſed tãtùm

84 1480 848 72 vt Dei mandata à pijs & inter pios obſer¬

79 1538 850 70 uari ſedulò curent. Vocationũ enim ec¬

76 1595 855 70 cleſiaſticarum, & conſcientiarum noſtra¬

78 1651 851 70 rum procul dubio ſolus Deus & ſcrutator

79 1706 851 82 & gubernator & Rex & autor eſſe debet
