1482 2195
501 129 30 50 2

499 180 179 63 priuatos.

544 216 813 70 Quæ fuerit autem huius Epiſtolæ ad Timo¬

499 271 862 62 theum ſcribendæ ratio, & occaſio facile ex ipſo

499 319 863 65 Paulo verſs.3.intelligitur, nimirum, quòd iam qui¬

499 368 862 64 dam ſanam Euangelij doctrinam, ab ipſo Paulo

499 414 861 63 & alijs Fidelibus Chriſti Miniſtris traditam, &

499 464 863 65 explicatam variè corrumperent tum in Subſtã¬

499 512 861 65 tia ipſa & doctrina, tũ in Modo & forma illius tra¬

499 563 860 57 dendæ. Cui malo vt maturè occurreret Paulus,

506 613 854 61 Timotheum monet quid opus ſit facto, non tam

501 657 859 71 ipſius quidem gratiâ, quàm aliorum, id eſt, iſto¬

501 709 824 58 rum doctrinam veram & ſanam deprauantium.

547 752 811 67 Quando ſcripta fuerit infra cap. hoc ipſo verſ.

504 801 855 69 3. Vnde ſcripta ſit in fine huius Epiſtolæ dicetur,

501 856 326 56 Domino fauente.

549 894 811 66 Diuiditur autem totum corpus, & σύνταγμα

499 946 861 68 huius Epiſtolæ in duas tãtùm partes, nempe, Sa¬

497 995 863 66 lutationem, & argumenti ſuſcepti tractationem.

501 1045 859 68 Epilogo enim, id eſt, poſtrema illa parte caret, in

502 1091 860 66 qua variæ ſalutationes eſſe ſolẽt, quæ in alijs tamẽ

501 1139 859 71 Epiſtolis extant, quæ hoc loco non erant neceſ¬

499 1192 125 66 ſariæ.

551 1235 807 72 Salutatio autem hæc tria continet vbique, ni¬

501 1335 134 61 mirum

644 1286 289 66 (Quis ſcribat

654 1329 375 77 (Ad quem ſcribatur

645 1386 437 61 (Summam precationis

501 1431 539 64 Ergo quæritur, quis ſeribat?

504 1519 130 74 Scribit

636 1483 543 58 ( Plaulus, perſonam deſignat

642 1525 632 66 ( Apoſtolus, munus ſuum deſcribit

639 1578 718 58 (Plus eſt enim dixiſſe Apoſtolũ, quàm

501 1624 859 66 ſeruum Dei ſimpliciter, quod alibi facit. Chry¬

502 1679 526 59 ſoſto. hoc annotat

544 1721 813 74 Apoſtolum autem ſe vocat, & Ieſu Chriſti:nõ

663 121 574 63 AD I. PAVL. AD TIM.

1173 1775 187 63 hominum
