1482 2195
317 146 338 58 EPISTOLA.

68 192 854 87 pertè reſpondemus. Sin autem de exter¬

66 244 854 84 nis & accidẽtalibus huic diſciplinæ rebus

68 303 854 90 quæritur, in quibus commoditas incom¬

68 362 859 83 moditâſque praxeos, vſus, & executionis

68 411 857 93 diſciplinæ iſtius verſatur, dicimus illas va¬

71 474 854 87 riari poſſe, atque etiã ſæpe oportere pro¬

74 531 860 85 pter diuerſam diuerſorum temporum, re¬

74 585 861 85 rum, & perſonarum rationem : nedum vt

76 641 859 90 loci & regiones diuerſæ eandem ſemper

75 695 856 88 diſciplinæ formam patiantur, aut requi¬

75 752 856 82 rant. Itaque quæ hoc loco, & in his regio¬

78 806 857 89 nibus commodè geruntur (vti in Gallia

80 860 852 89 Cœnæ Dominicæ adminiſtratio per ſin¬

81 915 858 92 gula anni quadrimeſtria) in aliis fortaſſe

80 974 854 90 regionibus commodè iiſdẽq́ue tẽporibus

80 1030 859 82 non fierent aut celebrarentur. Sic in ali¬

85 1089 852 83 qua Eccleſia excommunicatio ex ſcripto

84 1142 854 87 fiet, in alia verò potius ore ipſo Paſtoris

88 1198 854 89 pronũtiabitur. Sic in hac Eccleſia eius qui

89 1252 855 90 poſt profeſſionẽ Chriſti fuit idololatra &

86 1307 859 90 transfuga, poſteáque ad Eccleſiam rediit

90 1365 856 87 confeſſio die tantum dominica fiet, in illa

95 1423 850 80 quotidie: hîc ex ſcripto, alibi ore ipſius

95 1480 854 85 pœnitentis. Hæc igitur omnia diuerſam

96 1538 854 80 formam habere poſſunt, modò tamen

97 1593 850 83 coercitio morum, agnitio culpæ, ſepara¬

98 1645 854 86 tio hœdorum ab agnis in domo Domini

99 1703 852 94 ſemper retineatur, fiátque quod fieri præ¬
