1482 2195
364 141 280 57 CAPVT II.

908 148 43 66 39

93 190 863 75 imprimis in Synaxi, publica mentio publicè fieri.

103 246 852 67 Vnde Martyrologia nata ſunt, qui ſunt libri in

98 296 859 65 quibus nomina Martyrum deſcripta erant, quæ

96 344 861 59 ex ſcripto in communicatione Cœnæ recitaban¬

93 391 863 61 tur. Inde ad eorum ſepulchra ceperunt homines

96 440 863 66 precari, & vigilias agere, & liba offerre, vt docet

93 486 859 66 Auguſtinus in lib. de Moribus Eccleſiaſt. cap.14.

95 535 856 69 & Epiſt.119. quem tamen morem idem Epiſt.64

95 587 577 60 ſublatum & abolitum eſſe cupit.

144 631 808 67 Addunt Papiſtæ quaſdam exceptiones alias,

96 682 862 60 quæ ſunt nullius momenti. Ac primum interdi¬

93 731 866 62 cũt ne omnino pro ijs oretur, qui ſibi manus vio¬

93 777 865 55 lentas attulerunt: qui ſi mortui ſunt, vera eſt eo¬

89 827 868 52 rum ſententia, ſin minus, falſa. Poſſunt enim reſi¬

93 872 862 62 piſcere. Eſt tamen hoc Papiſtarum dictũ in cano.

93 922 863 63 Placuit vt hi 23. quæſt.5. & eſt ex concil. Bracca¬

93 975 261 55 renſ. Act. 34.

140 1013 813 64 Deinde iubent, ne precemur pro clericis qui

91 1065 861 62 in bello pro Gentilibus occubuerunt, dum eorũ

91 1114 861 63 partes & caſtra ſequuntur. Eſt ex Tiburienſi cõ¬

88 1162 866 65 cilio in cano. Quicunque clericus 23. quæſt.8. Sed

86 1212 865 65 hæc exceptio vana eſt, quia non eſt pro mor¬

93 1255 268 62 tuis orandum.

130 1305 816 66 Excipiuntur igitur ab hoc Pauli dicto ij ſoli,

85 1355 866 65 qui in Spiritum ſanctum peccant, pro quibus mi¬

83 1405 864 62 nimè eſt precandum, quemadmodũ docet loan.

84 1450 861 68 1. Epiſt5.verſ.16. & exemplo Saulis confirmatur

84 1498 363 62 1. Samuel 16. verſ. 1.

138 1601 811 84 2 Pro regibus & quibuſuis in eminentia

81 1670 865 71 conſtitutis: vt tranquillam ac quietam vitam

78 1725 794 84 degamus cum omni pietate & honeſtate.
