1482 2195
366 141 336 57 EPISTOLA.

114 183 850 86 piiſque viris ſuaues eſſe velit. T.verò E.

107 242 863 84 Princeps Illuſtriſſ. cui eos animo demiſiſ¬

109 301 861 86 ſimo ac lubentiſſimo dono, dicóque,

102 354 873 88 ſi probabuntur, certè operæ meę rectè col¬

111 416 864 76 locatæ fructum hunc maximum iam ero

106 466 872 84 cõſecutus. Quamobrẽ autẽ hoc, quicquid

108 524 872 84 eſt operæ meæ, T. E. dedicarẽ cùm variæ

93 584 886 77 & multæ ſunt, eęque graues cauſæ, tum

97 635 880 88 hoc imprimis, quòd cũ ſummo Dei Op¬

101 691 879 86 timi Maximi bene ficio, tuáque illa plus

104 746 880 86 heroica virtute & cõſtantia Zelandię &

103 804 882 85 Hollandię, totiúſque illius tractus Eccle¬

116 860 870 84 ſiæ Dei pace recreentur, nihil vel ad eas,

124 915 865 84 iam præclarè inſtituendas: vel quę erũt

104 974 881 83 cõſtitutæ retinendas hac diſputatione ap¬

111 1032 876 79 tius atque vtilius, adeo etiam magis ne¬

109 1086 876 81 ceſſarium eſſe exiſtimem. Quemadmo¬

118 1141 871 86 dum enim Eccleſiaſticæ diſciplinę con¬

116 1200 872 80 temptus, atque prętermiſſio magnas in

111 1255 883 83 Eccleſiam ruinas ſemper induxit:ita dili¬

116 1310 881 84 gens illius obſeruatio & ad Apoſtolicam

114 1370 887 82 normam reuocatio non tantum cęleſtem

121 1422 883 88 ipſam doctrinam ſartam tectam purãque

121 1481 886 82 inter mortales conſeruauit, ſed etiam

128 1536 876 84 mores ipſos hominũ nomen Chriſti pro¬

129 1591 879 85 ffitentium, ſi qua in parte ad vitia delabe¬

133 1648 875 88 bantur ad meliorem frugem conuertit, &

715 1693 183 97 ¶¶ iiii
