1482 2195
549 107 49 61 48

699 109 568 61 AD I. PAVL. AD TIM.

536 164 866 69 Illîc enim intercedere nihil aliud ſignificat quàm

539 219 862 62 internuntium & medium eſſe: non autem ipſam

536 268 543 61 Dei gratiam nobis promereri.

590 311 809 63 Tertia, Obiicitur, locus Galat.3.v,2o.Reſpo.

535 359 865 67 Eſt ſophiſtica obiectio. Negatur quidem inter¬

535 412 863 60 nuntius & mediator eſſe vnius tantùm, non autẽ

534 461 330 55 negatur eſſe vnus.

585 506 813 63 Quarta, Angeli & Sancti vita functi, ſunt no¬

536 554 864 57 ſtri coram Deo interceſſores. Nam ſine mediato¬

532 608 865 51 re non poſſumus accedere ad Deum, vti nec re¬

535 654 865 59 gem ſine purpurato, qui nos intromittat, adi¬

532 701 866 61 mus. Reſp. Præter verbum Dei & Angeli & ſan¬

531 749 864 61 cti noſtri mediatores inducuntur. Nam de Ange¬

530 796 863 60 lis nominatim vetat Paulus ne colantur. Coloſſ.2.

531 844 863 63 De ſanctis vita iã defunctis ratio prohibet, quòd

531 891 878 64 & ipſi mediatore egent: neque fuerunt ſancti &

531 941 868 61 impolluti. noſter autem aduocatus apud Deum

535 989 768 57 debeat eſſe δίκαιος vt docet 1. Ioan.2. verſ.2.

580 1034 816 63 Quod enim affertur de mediatore alio inter¬

531 1085 863 60 ceſsionis & ſalutis, conuellitur vel ex hoc ipſo

531 1132 862 64 Pauli loco, vbi agitur de precibus & interceſſio¬

529 1182 681 61 ne. Item Hebr.7.verſ.15, & 9.verſ. 24.

579 1232 817 51 Addit Paulus Chriſtum hominem eſſe. Pri¬

530 1277 865 56 mùm quòd ea ratione Chriſtus mediator noſter

531 1325 864 61 eſt, quatenus homo pro nobis factus eſt. Deus e¬

530 1375 863 57 nim manens pati & implere illa, quæ ſunt nobis

532 1424 863 55 ad ſalutem neceſſaria, non potuit. Deinde ne im¬

529 1470 862 58 menſus ille diuinæ maieſtatis fulgor & ſplendor,

531 1520 864 54 ad quem nobis, qui ſumus terræ vermes & ho¬

531 1567 867 53 mines, accedendum eſt nos perterreat. Habe¬

534 1610 863 60 mus enim qui nobis facilẽ ad Deũ aditum præ¬

532 1662 866 56 beat, Chriſtum nempe, qui noſtris infirmitatibus

537 1717 863 69 compatitur, & qui, quia noſtram naturam aſſum¬

1324 1758 76 75 pſit
