1482 2195
399 156 248 58 CAPVT I.

932 180 39 44 7

107 207 859 62 & quòd iam Galatæ, quæ erant vicinæ Eccleſiæ,

109 258 859 58 abducti fuerant à ſynceritate & puritate doctri¬

108 307 856 60 næ Euangelij per huiuſmodi pſeudofratres con¬

107 357 863 60 cionatores & nebulones, qui aliter, quàm Apo¬

107 403 860 65 ſtoli, Euangelij prætextu docebant. Quid ſit au¬

107 452 861 55 tem ἑτεροδιδασκαλεῖν hic & inf cap. 6.V.3. varia eſt

107 503 860 61 interpretum ſententia: ſed ex legitimi paſtoris

109 549 856 61 definitione facilè tanquam ex contrario perſpi¬

107 596 861 62 cietur. Illa autem definitio extat apud Matthæũ

106 645 859 62 22.verſ.I6. vbi de Chriſto agitur. Eſt igitur verus

103 692 856 64 Paſtor qui docet viam Domini in veritate, ídq;

99 740 863 64 ſine perſonarum acceptione Malach.2. Ergo

103 789 862 61 peccatur vel in Re & doctrina, vel in Forma &

101 836 863 62 modo docendi, quam ὑποτύπωσιν appellat Paulus

101 885 862 61 Timoth I.verſ.13. vel in Applicatione & vſu do¬

101 932 861 62 ctrinæ 2 Timot.2.verſ.15. Quibus omnibus vitiis

99 979 860 67 & modis aliquis ἑτεροδιδασκαλεῖ, id eſt peccat in

103 1027 191 60 docendo.

162 1123 793 78 4 Nec attendant fabulis & genealogijs

93 1182 861 74 infinitis, quæ potius quæſtiones præbẽt, quam

98 1237 717 75 ædificationem Dei quæ est per fidem.

141 1315 813 70 Εʹξήγησις. Illuſtrat exemplo quod sup. verſic.

96 1369 859 66 præcepit. Quid ſit nimirum ἑτεροδιδασκαλεῖν. Ex

97 1414 863 66 hoc autem loco apparet non eos tantum in do¬

97 1465 861 62 cendo peccare, qui falſa tradunt, ſed etiam eos

102 1515 856 61 qui vana & inutilia. Denique qui non neceſſaria

95 1558 863 66 curioſè & diu inquirunt & perſcrutantur. Cuiuſ¬

95 1607 856 66 modi olim fuit genealogiarum percenſio, vel in¬

91 1656 864 65 ueſtigatio. Hodie infinitæ quæſtiones quæ ſunt

93 1703 859 66 in ſcholaſtica. Primùm de hypotheſi agamus, de¬

88 1751 866 75 inde veniamus ad theſin. Ac falſa eſt eorũ inter¬
