1482 2195
129 211 854 81 ficere omnibus modis debẽt illę Eccleſię,

135 276 854 70 quæ ſummo Dei beneficio idololatriam

130 335 859 70 abiecerunt, verum Dei verbum & vitæ

131 387 860 71 æternæ fundamentum receperunt, & ad¬

130 444 859 72 huc tamen iſta diſciplina carent, vt hoc

133 501 854 68 tam præclarum ornamentum. i. diſcipli¬

131 554 856 72 nam hanc Eccleſiaſticã ( qualis ab Apoſto¬

133 612 854 68 lis præſcripta eſt) ad corpus illud Eccleſię

130 674 861 63 ſuæ adiungant, & addant, vt non modò

131 722 860 73 neruos & oſſa Eccleſiæ habeãt, ſed etiam

134 781 856 71 vt ſanguinem, colorem, venuſtatem, vires

133 837 857 71 denique Eccleſiæ integras retineant. At¬

134 892 859 68 tendendum eſt enim diligenter ad illud

134 946 854 68 Spiritus ſancti dictum rectas faciendas eſſe

138 1005 851 66 vias noſtras, ne quod claudicat tandem pror¬

138 1059 854 73 ſus abducatur à via. Nam ſi quæ neceſſaria

135 1117 846 71 ſunt per incuriam in Dei Eccleſia negli¬

146 1175 845 68 gantur, temporis ſucceſſu illa penitus à

133 1229 861 71 Deo tãdem abalienantur. Quia verò hæc

134 1284 856 74 diſcipli na maximè hac Pauli Epiſtola,

140 1342 851 72 quæ prior eſt ad Timotheum, eſt explica¬

138 1402 852 66 ta, idcirco eam potiſsimum delegi, in cu¬

135 1460 857 67 ius interpretatione meam de toto hoc ar¬

143 1518 847 66 gumento ſententiam breuiter, more meo,

139 1569 855 68 exponerem. Scripſerunt in hanc ipſam

138 1622 854 71 Pauli Epiſtolã varij, tũ veteres, tũ recen¬

139 1680 855 70 tiores interpretes, eruditi illi quidem: ſed

144 1733 850 111 qui ſe in hoe de diſciplinę Eccleſiaſticę ar¬

407 156 343 66 EPISTOLA

709 1776 134 91 ¶¶.ij.
