1482 2195
521 129 69 57 20

687 123 566 62 AD I. PAVL. AD TIM.

514 178 859 66 huiuſcemodi occaſiones ab aduerſariis Euange¬

516 230 863 61 lij apparet tum ex I. ad Corinth.15.tum quòd ad

514 276 860 63 Epiſt. ad Galat. & hîc ſuum miniſterium tuetur.

512 326 863 61 Secunda ratio cur ſuum Apoſtolatum Paulus

512 376 861 56 cõmendet, eſt, vt Timotheo, quem exhortaturus

511 421 859 63 erat ad difficile certamen ſuſcipiendum, ſeipſum

512 472 860 61 in exemplum proponeret, in quo ſumma Dei

517 521 855 61 potentia, vis, miſericordia, & virtus illuxit, ne fa¬

512 569 859 62 tiſceret, aut expaueſceret Timotheus. Ita verò

511 617 851 53 totum ſuum miniſterium aſſerit Paulus, vt illius

509 662 853 61 gloriam & laudem vni Deo vindicet, non ſibi,

508 713 857 61 non bonis ſuis operibus, aut præparationibus.

509 762 858 61 Hoc ſignificat Gartiam habeo, Gratiæ enim a¬

512 817 855 55 guntur bene ficiorum nomine acceptorum: non

508 860 854 55 autem meritorum à nobis aut operum collatorũ.

504 902 861 63 Christo) Deum eſſe ex eo intelligimus Chriſtum,

506 954 859 53 cui & vocatio, & virtus conferens dona falutaria

503 999 856 66 & nobis neceſſaria tribuitur 2 Corinth. 3.verſ.5.

506 1050 676 56 omnis noſtra idoneitas ex Deo eſt,

551 1096 804 58 Potentem reddidit) Non dicit Paulus, qui me

501 1144 861 61 tantùm iuuit, ſuſtinuit, erexit: ſed qui reddidit

502 1193 860 57 potentem, vt valerem: alibi ait ἱκάνωσε, & robuſtũ

504 1240 854 61 vt perſiſterẽ. Ergo prorſus extenuat & deiicit vi¬

501 1290 859 56 res ſuas Paul. quas ſe ab vno Deo fatetur habere

504 1336 854 60 Neque hîc de prima ſua ad Euangelium voca¬

494 1385 863 63 tione tantùm, ſed de toto miniſterio ſuo & Apo¬

494 1435 860 62 ſtolatu agit. Vires enim à Deo nobis ſuggeri o¬

496 1483 859 59 portet ad vocationes noſtras obeundas. Vires e¬

494 1531 860 59 tiam ad perſeuerandum. Vnde ait idem Paulus

492 1578 861 57 collocans me in Miniſterio. Hoc idem de nobis

491 1625 862 62 ſentire debemus, & ex animo quidem, non autẽ

484 1670 866 58 ſimulatè & fict è:nec illud Leonis x. Pontif Rom.

481 1721 863 81 blaſphemum vſurpare, nos à Deo vocari meritis

1227 1775 112 73 licet
