1482 2195
524 146 68 48 10

669 133 572 59 AD I. PAVL. AD TIM.

521 186 863 66 fuit vt melius poſtea Chriſtum agnoſcerent. Nos

521 239 863 60 iam ex ea familia natum ſcimus & habemus vt

519 287 865 65 hac inueſtigatione nobis hodie nõ ſit opus. Dein¬

521 337 863 59 de prædicatur Chriſtus, vt non vnus tantùm fa¬

522 386 864 62 milię vel gentis: ſed omnium populorum, omniũ

518 434 867 58 nationum Mediator, Deus & Redemptor, vt in

521 480 864 64 ſola Iudæorum gente non ſit hodie nobis Chri¬

521 529 862 58 ſtus quærendus. Dixit, & quidem rectè, Auguſt.

522 576 861 57 etiam veteris Teſtamenti Genealogias ad Chri¬

521 626 865 62 ſtum pertinuiſſe lib.19. contra Fauſt. cap.351. Vnde

521 675 863 61 apud illos ante natum Chriſtum fuit hæc quæ¬

519 722 867 61 ſtio tolerabilior, quæ hodie ceſſat niſi ſi ſumus

519 770 863 60 infideles, & Chriſtum verè natũ ſecundum Pro¬

521 819 359 65 phetas dubitemus.

558 865 827 62 Duplici nomine condemnat eas Paulus, quòd

517 913 868 66 & ſint Infinitæ, & Inutiles ad vitæ pietatem in

517 964 868 63 nobis ſerendam & gignendam. Vtrunque pugnat

516 1012 867 62 cum vero omnis ſtudij & inquiſitionis fine. Quæ¬

516 1062 868 56 rimus enim vt inueniamus: & vt tandem ad ali¬

518 1109 867 61 quam cognitionem, atque etiam eam nobis vtilẽ

518 1159 867 58 perueniamus & inſiſtamus ei acquieſcentes. Quẽ

516 1207 870 58 fructum aut vſum non præſtant hæ quæſtiones.

514 1252 872 58 Edificationẽ igitur eam dicit quæ eſt in fide, id

514 1303 868 52 eſt, quæ ſecundum ipſius Dei voluntatem, verbũ,

514 1350 871 55 & præceptum eſt, & ſolida. Nam finis Theolo¬

516 1396 867 66 giæ veræ, eſt ædificatio conſcientiarum noſtra¬

513 1445 871 62 rum, non vana & turgida ſcientia variarum diſ¬

512 1495 874 61 putationum & quæſtionum. Ædificant enim, ſed

512 1546 873 57 ad pugnas & clamores tantùm eæ quæſtiones,

513 1593 874 54 quæ ſunt de huiuſmodi rebus, ac propterea vt ſunt

513 1642 875 68 ita meritò appellantur inutiles 2 Timoth.2.v.

517 1692 155 70 16 & 23.

1205 1733 179 74 5 Porrò
