1482 2195
554 128 52 66 25

702 116 563 70 AD I. PAVL. AD TIM.

547 178 868 74 patefacta: deinde quæ cernitur in cæteris rebus

544 231 872 70 omnibus. Quæ nanque de Deo hoc loco dicun¬

546 281 872 67 tur, illi ſemper competunt, quanquam ad Pauli

546 334 869 62 conuerſionem optimè quadrant, in qua Deus

546 376 869 66 ſuæ bonitatis, ſapientiæ, gloriæ, & immutabilita¬

549 428 871 66 tis ſpecimen eximium oſtendit. Ergo ſi quid mi¬

549 474 871 68 rum & incredibile ineſt ac occurrit in tanta Pau¬

547 525 875 66 Ii conuerſione, ne mirentur. Nam eſt Deus qui

544 574 875 65 conuertit, Deus, inquam, ille rex, & æternus, qui

547 622 868 66 poteſt omnia, & ab æterno fuit. Si quid alienum,

547 670 868 65 & nouum apparet in eadem factum conuerſione

546 719 869 62 eſt Deus ille ſapiens. Si quid pręter humanam ra¬

544 764 876 66 tionẽ extitiſſe cernitur, idẽ ille Deus eſt inuiſibilis,

547 815 871 65 vt qui alia, quàm carnali ratione operatur & exe¬

546 862 868 65 quitur ſua conſilia, ſua beneficia confert, & Euã¬

551 912 868 62 gelium ſuum prouehit. Itaque hæc omnia Epi¬

549 960 869 61 theta ſunt rot ἀιτιολογίαι, ne fictitium hoc eſſe vi¬

547 1007 868 62 deatur, & impoſſibile foctu quod Paulus de ſe

547 1055 868 67 narrat, & de Dei miſericordia in conuertendis

549 1105 283 65 ſceleratiſſimis.

596 1150 819 67 Similia Epiphonemata paſſim apud Paulum

549 1200 862 62 occurrunt, vti Romanor. 9. verſ.5. & infra 6 v. 16

594 1248 816 64 Quatuor autem Epitheta Deo tribuit, Vocat

549 1298 863 61 enim Regem ſeculorum, immortalem, inuiſibi¬

549 1345 869 63 lem, ſapientem & quidem ſolum. Alia quoque

547 1390 866 61 alibi. Deo nomina tribuuntur, ſed hîc ſelegit Pau¬

549 1442 866 66 lus, quæ magis circunſtantiis ſui facti & vocatio¬

549 1493 876 60 nis conueniebant, Romanor. 1.V.2o. & Exod.34.v.

551 1538 876 66 67. & paſſim in Pſalmis & hæc, & alia leguntur.

591 1588 836 66 Rex ſeculorum) dicitur quia condidit tempo¬

549 1640 876 61 ra non tantùm hæc quæ dicuntur Αʹιώνιά  Tit.1.V.2

549 1686 878 65 & à rerum conditarum ſiue creatarum initio ce¬

554 1736 868 80 peruntiſed illa quæ fluxerunt ante mundi crea¬

1269 1786 148 62 tionem
