1482 2195
379 151 271 65 CAPVT. I.

909 161 37 57 20

93 198 307 68 licet imparibus.

136 244 810 70 Fidelem duxerit) Illud ducere eſt efficere. Nõ

90 302 862 57 inuenit enim nos Deus tales, ſed efficit. Nec e¬

91 348 858 60 nim idcirco Paulum vocauit Deus quod fidelem

88 399 866 57 inuenerit I. quia erat blaſphemꝰ 2. quia fruſtra ſu¬

90 447 861 59 perius dixiſſet Robuſtũ me fecit. Erat enim dicẽ¬

88 491 856 55 dum, Robuſtũ inuenit 3. Deinde & quod illa fide

89 541 861 61 litas eſt idoneitas, quæ non eſt à nobis, ſed à Deo.

88 591 862 60 Et ſeipſum ſuperiorémque ſententiam planè e¬

85 639 863 57 uerteret Paulus, ſi quid in eo præceſsiſſe boni o¬

86 685 861 76 Peris fingamus, propter quod ipſe à Deo ſit vo¬

88 740 116 61 catus.

126 827 815 76 13. Qui prius eram blaſphemus & per¬

81 887 863 67 ſequutor & iniurioſus: ſed mei miſertus est.

85 945 774 66 nam ignorans id faciebam fidei expers.

129 1010 815 69 Comparatio eſt, ex qua Dei gratia maximè

86 1064 855 60 amplificatur, & maximè quod aduerſarij in ca¬

80 1112 866 53 lumniæ cauſam arripiebant, transfert in ſuum cõ¬

83 1163 856 57 modum, & ſui miniſterij maiorem commẽdatio¬

83 1208 856 67 nem. Accuſabant igitur quod fuiſſet Paulus an¬

81 1255 339 69 tea ( Blaſphemus

169 1305 225 64 Inſectator

152 1353 235 57 ( Violentus

88 1396 854 64 Quæ omnia concedit ille, quia & vera erant, & ſic

79 1451 861 57 Dei gloria maior, & ſua vocatio ad Apoſtolatum

75 1498 863 57 illuſtrior apparet. Cùm enim talis fucrit, mirum

78 1546 857 60 eſt vocatum tamen à Deo eſſe Actor.9. & 13. Nõ

75 1596 859 60 loquitur de ſe Paulus vt hypocritæ, ſua peccata

74 1645 861 53 minuens, ſed ea exaggerat. eſt enim hæc gradatio:

74 1688 861 62 Fui blaſphemus. i. maledicere ſolitus Deo. De¬

69 1740 865 85 inde perſequutor. Denique rabioſus & contu¬
