1482 2195
624 580 590 72 AD LECTOREM.

557 675 799 84 Quod ſæpius, Lector optime, iuris Pontificij cano¬

504 735 851 72 nes, & Gratiani Decretum citauimus, ea ſolùm mente

504 785 846 69 fecimus, ut ex his tanquam ex quadam illius temporis

503 827 852 77 hiſtoria, quæ veteris Diſciplinæ Eceleſiaſticæ veſtigia

507 877 849 73 tũc adhuc (& ſi tamẽ corruptioribus iam Eccleſiæ tẽ¬

504 924 855 75 poribus ) reſtarent, intelligatur:non vt ex iſtis ſcripto¬

507 973 853 74 ribus quicquam dubium & anceps decidatur. Nam

507 1022 850 71 etiam ex hoc ipſo perſpicient omnes, quantùm poſte¬

506 1069 854 75 riori ætate Romana Eceleſia etiã ab eo tantilloſ quod

507 1118 851 75 veteris diſciplinæ reliquum erat) diſceſſerit: & in

506 1168 849 72 quam miſeram horribilémque tyrannidem & confu¬

503 1215 852 73 ſionem iam, iuſto Dei iudicio, inciderit, vt ab ea nos

504 1262 850 78 ſummo Dei Optimi Maximi beneficio liberatos eſſe

506 1313 774 84 lætemur, Deòque ipſi perpetuò gratias agamus.

883 1505 205 126 16/5977
