1482 2195
371 161 250 58 CAPVT I.

904 171 41 50 9

78 212 868 67 li duxiſſe vidẽtur ſuum illud Mot & Latinè Mu¬

79 266 866 62 tire, eſt vox aliquid ſignificans hominis ore e¬

83 312 866 69 greſſa & prolata, & generalis illius ſignificatio eſt

80 364 866 57 & acceptio. Sermonem enim quemlibet notat

80 409 867 64 etiã apud Homerum vox Μῦθος. Iubet igitur ſo¬

80 457 866 66 briè potius eas delibare Paulus, quàm ijs inhære¬

78 507 868 57 re & immorari. Ait enim Ne attendant. Nam

81 554 863 65 quaſdam tradit etiam Dei verbum nec inanes,

76 604 868 58 nec infructuoſas: nec tantùm vetus teſtamentum,

76 649 868 63 ſed etiam nouum, vti Genealogiã Chriſti ipſius.

78 699 868 61 Id quod fit ad fidei noſtræ confirmationem, &

78 747 868 65 vere humanitatis Chriſti approbationẽ, in quibus

80 799 868 58 eatenus nobis verſari licet quatenus & modum

76 844 868 64 teneamus, & ſcopum à Spiritu ſancto propoſitũ

76 892 868 62 non tranſiliamus. Sic fecerunt quoque Patres, vt

74 939 868 66 Auguſtinus lib 2.3.7. contra Fauſtum, & lib.2. de

78 986 449 55 Conſenſ. Euangeliſt.

121 1035 818 66 Hæ diſputationes & inueſtigationes nimiæ, vi¬

75 1082 862 67 dentur ex eo cepiſſe, quod ante Chriſtum & ſub

75 1130 863 68 lege ſtudioſè inter Iudæos cuiuſque familiæ deſ¬

73 1182 866 63 criptio fiebat & tum publicis archiuis, tum pri¬

71 1232 868 62 uatis monimentis religioſè & diligenter ſeruaba¬

71 1278 865 62 tur, adeò vt reiecti ſint & expulſi ex ſacrificato¬

69 1329 865 58 rum numero qui ſuam Genealogiam oſtendere

71 1374 864 66 non poſſent. Num. 1.verſ.18, & Nehem. 7. V.62.

71 1419 864 69 Igitur iuſſi ſunt eas habere tum in archiuis publi¬

71 1469 861 66 cis tum priuatis ſcriniis Iudæi Numer. 25.verſ.5.

68 1518 868 65 adeò vt Prophetæ ipſi libros totos de ijs edide¬

68 1568 866 63 rint vt eſt 2 Chron. 12. verſ. 15. Sed in eo ratio di¬

66 1615 866 66 uerſa fuit illis & nobis, illi expectabant Chriſtum

66 1667 872 63 ex vna quadam & certa ſuæ gentis familia, & ge¬

66 1717 865 57 nere naſciturum, non ex quauis tribu. Idcirco di¬

64 1757 863 84 ſtinctio familiarum diligenter retinenda ab ijs
