1482 2195
402 166 271 55 CAPVT II.

930 178 39 61 43

112 212 860 74 tat Paulus impletum iri. Itaque verè etiam Magi¬

112 263 859 65 ſtratus ad Dei Eccleſiam pertinere pronuntiat.

158 311 811 71 Deinde à natura & definitione Euangelii idẽ

111 359 857 70 probari poteſt. Eſt autem Euangelium potentia

111 408 856 67 Dei ad ſalutem omni credenti ſiue Iudæo, ſiue

113 454 852 71 Gentili, vt docet idem Paulus Romanor. 1. verſ.

109 503 856 69 16. Nec enim, vt Lex, ſic Euangelium vni tantùm

107 554 860 68 hominum generi & nationi deſtinatum aut pro¬

109 604 856 63 ponendum erat. Ex hoc autem loco intelligimus

107 647 856 70 etiam nos pro Ethnicis & Gentilibus veluti pro

113 694 850 70 Turcis, ludæis, & iis qui adhuc in orbe terrarum

106 740 857 71 idololatræ manent (quales in India & inſula A¬

104 791 858 69 merica innumerabiles penè ſunt populi) Deum

104 839 859 67 orandum eſſe. Id quod etiam hoc loco Chriſo¬

102 889 860 65 ſtom. annotauit, quanquam de eo variæ fuerunt

103 934 857 73 Auguſtini tempore quæſtiones, quemadmodum

102 982 490 65 ex ipſius Epiſtolis apparet.

152 1027 808 71 Modum etiam per ἐξήγησιν addit, quo ad ſalu¬

104 1077 854 65 tem homines perducuntur, nimirum veritatis a¬

103 1127 856 69 gnitionem. Hîc autem veritas non eſt accipienda

102 1174 856 71 cuiuſuis cognitionis doctoris & diſciplinæ certũ

99 1224 860 68 effatum, certáque ſententia, & cum reipſa con¬

98 1269 859 69 ſentiẽs, ſed Euangelium tantùm quod κατ' ὀνομα¬

97 1319 859 68 σίαν & inſigniter veritas appellatur, tũ quòd illa

98 1364 857 71 ſit certiſsima doctrina & à Deo ipſo immediatè

97 1414 857 71 profecta: tum etiam quòd ſola ſit veritas æſtimã¬

98 1460 859 68 da, à nobis & conſectanda, & perſequenda: reli¬

99 1510 861 71 quæ verò artes quatenus huic ſubſeruiunt & ad

101 1558 853 72 vitæ huius commoditatem pertinent, exercendę.

99 1605 854 71 Ex quo etiam colligitur non alios velle Deum

99 1652 853 74 ſaluos fieri, quàm qui ad fidem Euangelij perue¬

98 1705 855 66 ni unt, illíque credunt. Non ſunt enim iſta duo

99 1747 853 91 diſtrahenda, quæ hîc Paulus coniungit, ne quis ſe

702 1810 87 66 d.iij.
