1482 2195
479 125 30 51 5

626 119 555 69 AD I. PAVL. AD TIM.

511 185 821 58 Author autem tot & tantorum donorum eſt

468 230 863 63 Deus Pater noſter, in & per Chriſtũ Dominum

471 279 859 63 noſtrum, in quo omnes Dei promiſſiones & be¬

469 328 510 66 neficia ſunt, Amen & Etiam

535 426 24 64 2

594 428 731 66 Quemadmodum te ſum precatus vt

469 484 861 68 permaneres Epheſi, quum proficiſcerer in

472 537 860 66 Macedoniam, permaneto, vt denunties qui¬

471 594 809 70 buſdam ne diuerſam doctrinam doceant:

518 663 812 61 Secunda pars huius Epiſtolæ ſequitur, in qua

472 715 859 57 de re ipſa & argumento eſt agendũ. Primũ autem

468 762 859 56 occaſionem ſcribendi narrat, deinde rem ipſam

469 806 861 64 aggreditur Paulus. Ex ipſa verò diſputatione ap¬

471 859 857 59 paret magnam partem eſſe hanc epiſtolam ἐπανωρ

469 904 855 57 θωτικήν & δειδακτικήν. Conſtat autẽ ſex capitibus,

469 952 859 56 quorum ſumma breuiter hac noſtra tabula com¬

471 999 859 61 prehenſa eſt. In ſumma in hac Epiſtola plena mi¬

469 1046 860 59 niſterij Euangelici deſcriptio continetur, & diſci¬

471 1092 859 67 plinæ Eccleſiaſticæ inſtitutio explicatióque. Nã

467 1145 859 63 quæ ad particulares quæſtiones pertinent, ſuntq;

469 1192 856 66 ſcitu neceſſaria videntur à Paulo tradita in Epi¬

469 1240 370 71 ſtola ad Corinthios.

1139 1338 193 70 Continet
