1482 2195
546 134 70 62 64

692 121 580 70 AD I. PAVL. AD TIM.

540 176 860 78 do:ſed de marito rege, eóque infideli demulcen

541 231 859 67 do: item de caſtris infidelium ingrediendis. Nec

540 279 859 70 hoc ipſum exemplum ſatis eſt tutum imitari. Ob¬

544 328 859 66 ſtare etiam videtur cap. 24.Geneſ.verſ.47. vbi

544 376 857 66 annuli & ar millæ dantur Rebeccæ ſponſæ Iſaaci

544 423 856 73 Reſp. Non ad laſciuum ornatum, ſed vt eſſet pi¬

547 473 858 71 gnus futuri coniugij, iſta Rebeccæ fuiſſe & miſſa

546 530 441 59 ab Abrahamo & donata.

589 567 813 66 Certum autem eſt, etſi de mulieribus Chriſtia¬

541 622 861 66 nis agatur hoc loco: hæc tamen præcepta etiam

544 667 859 68 pertinere ad viros Chriſtianos, quibus eò tur¬

546 713 857 71 piùs eſt comi laſciuè, ſumptuoſè & diſſolutè or¬

544 762 861 70 nari quòd ſunt viri & mares. Nam etiam Ethnici

546 818 371 55 homines ſic docent.

591 863 814 62 Sint procul à nobis iuuenes vt fœmina compti

659 908 672 57 Fine coli modico forma virilis amat.

544 954 861 69 & M. T.lib.1. De off.ſic. Cùm autẽ pulchritudinis

546 1003 859 69 duo genera ſint, quorum in altero venuſtas ſit: in

546 1052 861 65 altero dignitas: venuſtatem muliebrem dicere

549 1100 859 63 debemus: dignitatem virilem. Ergo & à for ma

547 1150 860 66 remoueatur omnis viro non dignus ornatus: &

549 1196 820 64 huic ſimile vitium in geſtu motuque caueatur.

597 1243 809 67 Et paulò poſt. Adhibenda eſt præterea mun¬

549 1292 859 61 ditia non odioſa, neque exquiſita nimis: tantùm

551 1341 856 69 quæ fogiat agreſtem & inhumanam negligentiã.

551 1388 859 67 Hęc ille. Patres etiam ſcriptoréſque Eccleſiaſtici

551 1440 859 58 veluti Tertullian. in lib. de Habitu mulierum &

549 1485 861 66 Cyprian. in lib. de Cultu virginum nobiſcum fa¬

549 1533 863 66 ciunt, qui hæc præcepta ad viros perſpicuè refe¬

549 1580 861 66 runt. Idem in concilio Gangrenſi cap.21. & eſt in

549 1630 863 58 canon Parſimoniam diſtinct. 41. ne res noua aut

549 1676 861 65 nullius momenti eſſe cenſeatur. Idem etiam ſta¬

549 1726 723 79 tutum eſt aliis ſynodis veluti Laodicena.

1268 1770 144 71 Prætet¬
