1482 2195
369 152 294 61 CAPVT. II.

900 166 54 64 65

140 204 818 69 Præterea hæc ipſa præcepta nõ ad ſolas mulie¬

96 258 863 68 res, quæ virginitatẽ vouẽt inter Papiſtas, & Non¬

96 307 862 67 næ dicuntur, pertinent: ſed ad omnes & coniu¬

98 354 859 67 gatas & celibes, & viduas, quemadmodum præ¬

96 399 859 69 clarè hoc loco docet Chryſoſto. & Gregor. Na¬

96 447 859 70 zianzenus in lib. περὶ γυυαικῶν κεκαλωπισμένων. Nam

97 499 859 65 tempore Pauli nondum erant monaſteria, nec i¬

93 549 859 61 ſtæ virgines Veſtales & Nonnæ viſæ & natæ. Hæ

97 594 855 64 enim cultus diuini corruptelæ ſub Vitaliano Põ¬

95 642 859 62 tifice Romano maximè receptæ & probatæ vi¬

95 691 859 66 dentur, ſub quo tria hæc tanquam venena Chri¬

93 737 859 69 ſtianæ pietatis præſentiſſima nata ſunt, & conſti¬

91 786 863 67 tuta, Monachorum cœnobia erecta, Reges in

90 831 861 72 Monachos detonſi, Scortatio quotidiana in ſta¬

93 882 452 57 tum ſanctum canonizata.

143 927 804 70 Quæſitum verò eſt de primarijs mulieribus

93 975 854 70 veluti reginis, principiſſis, duchiſſis & huiuſmodi

91 1023 856 69 aliis primariis fœminis, vtrum ad eas quoque

91 1073 858 70 hæc præcepta ſint extendenda. Reſpond. Etſi di¬

90 1119 857 71 ſcrimen perſonarum etiam in Dei Eccleſia ha¬

90 1169 854 63 bendum eſt, omnia tamen etiam in illis, ſi modu

88 1214 859 71 ſunt Chriſtianæ, ad modeſtiam, & pudicitiam

91 1265 854 70 compoſita eſſe debent, quanquam illis multa cõ¬

93 1312 847 71 cedi & poſſunt & debent pro ratione dignitatis,

89 1360 854 69 quæ aliis priuatis & priuatorum mulieribus non

86 1408 859 65 ſunt permittenda. Nam & Solomonis vxoris cul¬

88 1458 854 71 tus ſumptuoſus ille quidem & magnificus deſ¬

86 1505 527 66 cribitur laudatúrque Pſal. 45.

130 1552 809 67 Denique hæc eadem præcepta locum habent

85 1601 854 69 in mulieribus, etiam cùm domi ſunt, non tantùm

86 1651 856 65 cùm prodeunt in publicum, & conueniunt in cœ¬

84 1696 856 72 tu Eccleſiæ. Perſtringit autem Paulus breuiter o¬

83 1752 854 75 mnem eum ornatum aſcititium, qui eſt vel In i¬
