1482 2195
537 135 43 67 39

691 122 558 66 AD I. PAVL. AD TIM.

572 174 817 77 Πρόθεσις quæ non modo ſuperius præceptum

524 221 863 78 illuſtrat: ſed|etiam explicat. Addit enim illud i¬

526 274 861 80 pſum, de quo magis aliqua & anceps quæſtio e¬

526 323 859 79 rat pro ratione temporis, quia tum omnes penè

527 374 861 75 magiſtratus: imprimis autem ſummus, qui erat

529 421 857 70 Romanor. Imperator, erant & infideles, & per¬

529 464 859 77 ſecutores Eccleſiæ. lubet tamen vt pro iis Magi¬

529 517 861 71 ſtratibus precemur, non tantùm Summis, quales

529 562 859 80 regum nomine ſignificãtur: ſed etiã lnferioribus,

531 612 857 72 qui deſcribuntur ex eo, quod ſupra reliquũ popu

530 659 861 78 lũ eminent Dubitari verò de iis maximè potuit,

534 709 857 75 quòd Euangelicæ doctrinæ eſſent hoſtes, qualis

534 757 859 70 Nero Imperat. diſſimilis locus 1. Teſſalon.2.v.

534 804 859 80 16. vbi qui prædicationem Euangelij impediunt,

532 854 861 75 in manifeſtorum reproborum numero & albo

532 904 861 74 recenſentur. Deinde vetus Eccleſia preces con¬

535 946 859 76 cepit aduerſus Iulianum Apoſtatam imperatorẽ.

535 994 863 71 Sed ſolutio ex eo eſt, quod ii, de quibus agit

535 1046 859 75 Paulus in Theſſal. cap. ſecundo non ignorantia,

535 1095 861 75 non ſola infidelitate animi : ſed obſtinata pror¬

536 1144 861 71 ſus malitia peccabant, & tanquam in Spiritum

535 1187 865 79 ſanctũ, vti peccauit Iulia. Apoſtata. Diſtinguendí

539 1237 859 76 verò ſunt qui hoc modo peccant ab iſtis, dequi¬

540 1291 468 71 bus agit Paulus hoc loco.

580 1332 821 75 Similis locus eſt, Hier. 29. verſ. 7. orate pro

540 1385 861 73 pace Babylonis. item orate pro iis qui vos per¬

539 1433 863 73 ſequũtur. Denique vetus mos Eccleſię idem pro¬

540 1480 863 70 bat, in qua pro Imperatoribus & præſidibus pro¬

540 1528 863 62 uinciarum, quanquam eam affligerent, orabatur,

544 1575 862 71 quemadmodum ſcribit in Apologet. Tertullia.

544 1629 321 60 & Iuſtin. Martyr.

590 1663 818 73 Donatiſtæ tamen contrà diſputant, quòd Im¬

544 1715 866 89 peratoris edictoipœna in eos, ſi in errore perſta¬

1307 1778 103 66 rent,
