1482 2195
727 152 350 55 EPISTOLA.

482 202 859 79 gumento maximè oſtentare voluerit fuit

484 261 856 76 Claudius Spenſæus. Is enim præter ma¬

484 319 854 77 gnos in ipſum Pauli contextũ cõmẽtarios

484 376 854 72 etiam tres libros Digreſſionum, quas ap¬

487 431 855 75 pellat, & ipſos quoque prolixos edidit in

484 487 857 74 hanc Pauli Epiſtolam. Tãtum autem ab¬

484 541 859 80 eſt, vt, meo quidem iudicio, quiſquã iis

486 601 859 71 adiuuari poſſit, vt nihil ſit & ſcriptore i¬

486 656 857 73 ſto obſcurius, & illius diſputatione magis

490 712 856 75 perturbatum atque cõfuſum. Sunt enim

486 765 868 76 iſti ſcholaſtici, è quorũ numero fuit Spẽ¬

485 824 863 72 ſæus, iuſto Dei iudicio occæcati: & tam

486 877 862 78 tenebriones, vt in pleriſque ne ſeipſos qui

487 935 863 77 dem intelligant, quia ſunt in tenebris &

490 989 861 80 matȩologia educati. Certè cũ in eos com¬

487 1047 863 73 mentarios incidiſſem, nihílque in iis pro¬

487 1108 860 72 ficerẽ, maturè abiſtis digreſſionibus & er¬

487 1158 863 80 rore ad ipſum Paulũ & verũ iter redii, fe¬

487 1217 863 78 cíque illud, quod habet prouerbium ve¬

489 1273 864 75 tus bibi & fugi. Quantũ autẽ hoc meo la¬

490 1327 865 80 bore ipſe ſim cõſecutus, & rẽ cæteroquin

494 1383 855 80 propter temporis vetuſtatẽ, diuturnàm¬

494 1443 860 74 que deſuetudinem, iam obſoletam ac dif¬

494 1498 857 75 ficilem illuſtrarim, aliorum eſto iudiciũ:

494 1555 858 74 certè magnis laboribus & lucubrationi¬

494 1610 861 68 bus hæc vetuſtatis rudera nobis eruenda

497 1668 858 71 fuerunt. Precor autem Dominum Deum

496 1724 852 87 vt hos meos labores Eccleſiæ ſuæ vtiles,

1168 1786 178 94 piíſque
