1482 2195
517 153 51 57 43

679 134 561 63 AD I. PAVL. AD TIM.

516 183 862 71 diuellenda, ſed etiam authoritate Scripturę Act.

518 235 861 76 11.verſ. 17. Non eſt noſtrum( inquit Petrus) Deũ

517 287 861 69 prohibere, & iis gratiæ teſtimonia aut aditum

516 331 859 75 denegare & præcludere, quibus eam Dominus i¬

521 381 856 73 pſe largitur & concedit. Voto enim Dei ſubſer¬

521 440 263 60 uire debemus.

569 476 810 65 Aſſumptio verò confirmatur à Paulo, & hîc

521 524 859 75 diſertiſſimè eſt expreſſa, adhibetúrque argumẽ¬

519 572 859 74 tum à genere ad ſpeciẽ, ſic, vult Deus omnes ho¬

524 622 855 71 mines ſaluos fieri, & ad fidẽ & Eccleſiam vocari,

526 677 391 65 Ergo & Magiſtratus.

572 719 809 70 Quæſitum verò eſt, quæ ſit huius tam genera¬

523 763 859 71 lis Pauli ſententię ratio, vult Deus omnes homi¬

524 818 858 61 nes, &c. Reſpon. Explicari hac ſententia anti¬

527 867 861 62 qua Prophetarum vaticinia, quæ de vocatione

526 913 859 67 Gentium loquũtur, in quibus, Dei gratia omn i¬

524 962 861 60 bus hominibus, ſublato nationis, ſexus, ætatis, &

523 1007 861 70 ordinis diſcrimine, promiſcuè promittitur, in pri

524 1055 861 67 miſq; illa differẽtia quæ olim inter Gentes & Iu¬

527 1100 860 70 dæos cõſtituta erat, hodie cefſat. Quale vaticiniũ

526 1150 859 66 eſt Pſ.2. Pete à me & dabo tibi Gentes in hæredi¬

526 1197 864 63 tatẽ tuã Malac. 1.V.11. Nomen meũ à ſolis ortu ad

527 1246 858 67 occaſum magnũ eſt etiã inter Gentes lſai.11.v.10.

527 1296 861 65 Et illo tempore, erit, requirent Gentes radicem

529 1343 857 67 Ieſai, &c. Imprimis autem de vocatione magi¬

530 1391 856 61 ſtratuum ad fidem & Eccleſiam iidem Prophetæ

527 1437 863 63 Dei concionati ſunt, veluti Iſai.32.V.1. &2. Ecce

529 1485 859 71 in iuſtitia regnabit rex, & principes in iudicio

534 1535 854 67 præerunt. Et erit ille vir velut latibulum à ven¬

531 1585 854 60 to, receptus ab imbre, riui aquarum in terra ari¬

530 1631 861 65 da: vmbra magnæ rupis in terra laborioſa. &c. i¬

530 1680 860 60 tem cap. 6o. verſ.16. Et ſuges lac Gentium, ma¬

529 1724 863 80 millã regũ ſuges. Quæ omnia Deiverba nõ dubi¬

1329 1780 64 52 tat
