1482 2195
523 124 71 52 34

672 108 576 60 AD I. PAVL. AD TIM.

516 164 867 71 poſtulationes, & gratiarum actiones. In quo pri¬

516 216 866 59 mum eſt obſeruandum non temere tot voces eſ¬

512 264 871 66 ſe ſimul congeſtas, ſed partim vt precandi aſsi¬

513 312 866 60 duitatem & ſtudium inflammet, incitet & inii¬

513 363 867 61 ciat nobis his tot verbis, nóſque excitet, quem¬

514 411 871 62 admodum dixi: partim verò vt diuerſa eſſe pre¬

513 458 869 66 cationum genera oſtendat, quemadmodum di¬

514 507 873 57 uerſi ſunt hominum affectus, diuerſa hominum

513 554 874 66 conditio, diuerſa noſtri ſtatus ratio, & ita paſtor

514 604 873 63 ſcitè accommodet quæ ſunt cuiuſque orationis

521 654 864 66 generis propria. Denique, vt oſtenderet Paulus,

513 704 877 65 regum, & principum, cæterorúmque hominum

513 754 874 61 commemorationem in nullo precum genere o¬

513 799 869 61 mittendam eſſe, tot ſpecies commemorauit, itá¬

514 846 821 64 que omnes negligentiæ tollit excuſationes.

516 894 869 66 Cap.1. Quæritur autem primum quomodo hæ

514 941 874 66 voces differunt δέησις, προς ἀχὴ  , ἔντάξις, & Εὐχαρι¬

516 990 872 68 στία Quod vt commodè fiat primùm explicetur

512 1041 684 58 & definiatur, quid ſit oratio in genere

558 1086 835 63 Eſt oratio (ait Damaſcenus) πρεπόντων αἴτησις,

513 1132 877 71 id eſt, Decentium poſtulatio petitióque à Deo.

514 1184 881 66 Igitur cõplectitur res, quæ ſunt à Deo poſtulan¬

518 1232 872 61 dæ. Illas enim ſolas fas eſt, & decet nos petere à

517 1279 873 64 Deo. Dicitur autem à Latinis Oratio ab ore,

516 1330 872 57 quia ore fit. Nec enim orationem vocabant quæ

512 1379 879 57 intus & corde tantùm conciperetur, non etiam

516 1425 877 63 ore proferretur. Vnde orationis vim in dicendo

517 1472 881 68 maximam & in geſtu eſſe reſpondent. Varro lib.

530 1520 858 67 5. de lingua Latina. Hebræi vocant תפלה à iudi¬

519 1572 877 58 cando, quia deiici nos coram Deo neceſſe eſt, ſi

521 1618 868 62 verè precari velimus, id quod ex animo ſenſúq;

518 1668 872 56 noſtræ inopiæ facilè fiet. Definitur etiam oratio

521 1715 870 75 Dei veneratio animi noſtri vota & affectus illi

1229 1773 161 68 pandens
