1482 2195
344 151 249 60 CAPVT I.

867 161 43 57 24

57 199 868 70 beant. Ex hoc loco apparet quàm ſit enorme ſce¬

58 257 861 61 lus perſequi Chriſti doctrinam & ſeruos, quan¬

59 302 856 60 quam homines zeli velo conantur excuſare tam

56 351 862 62 impium facinus. Perſequuntur enim Chriſtum

58 399 861 62 ipſum, quo ſcelere nullum eſſe maius poteſt Act.

59 447 858 64 9. quanquam ex ijs tamen ipſis alij alijs grauiùs

59 499 860 57 peccant:Ii grauius, qui ſcientes veram eſſe eam

57 542 860 59 doctrinam nihilominus inſectantur. Leuiùs autẽ

61 594 859 58 qui eam eſſe Dei doctrinam ignorant, inter quos

57 641 856 61 fuit Paulus. In ſe verò primo dicit patefactam

56 687 863 62 Dei clementiam illam ingentem, quod non eſt

61 739 863 61 accipiendum, ratione temporis. Omnes e¬

57 786 860 55 nim ſumus natura filij iræ, & neminem ante Pau¬

57 834 860 58 lum vocauit ad ſe Chriſtus, aut hodie vocat, qui

58 882 859 58 non ſit natura illius hoſtis & perſequutor, ſi votũ

56 934 854 57 ſpectes: Sed ſe primum vocat aliorũ comparatio

54 977 861 63 ne, & ſceleris ſui deteſtatione, id eſt, inſignem

59 1027 863 59 peccatorem & cæteris capitaliorẽ Eccleſiæ Dei

57 1073 854 61 Definit autem fidem & à ſubiecto, circa quod

59 1119 853 66 verſatur. Eſt autem Chriſtus: & à fine, quem

53 1168 838 66 ſpectat vel potius ſperat. Eſt autem vita æterna.

108 1265 802 71 17 Regi autem æterno, immortali, inui¬

56 1323 864 80 ſibili, ſoli ſapienti Deo honor, ſit & gloria

53 1388 561 71 in ſecula ſeculorum. Amen.

98 1451 813 74 Epiphonema, id eſt, ſententia ſummi ardoris

53 1513 864 60 & vehementiæ plena, in lquam ex diuinæ erga ſe

51 1556 861 61 miſericordiæ meditatione erumpit Paulus, quo¬

51 1606 859 62 niam zeli ſui feruorem, & ſuæ gratiarum actionis

49 1653 857 62 ſilentium comprimere iam non poſſit amplius. I¬

51 1703 857 61 taque effundit hanc præclariſſimam vocem de

49 1748 858 68 ſtupenda Dei bonitate, primùm quidem erga ſe
