1482 2195
497 133 53 52 56

649 119 545 60 AD I. PAVL. AD TIM.

496 169 867 70 tinet hic locus Pauli, vt Iudaicum illud locorum

496 219 866 73 diſcrimen ſublatum eſſe per Euangelij prædica¬

496 273 866 64 tionem intelligamus, & quæ quantáque ſit iam

497 316 866 71 noſtra per Chriſtum libertas, per quam & loco¬

501 364 863 70 rum & rituum ſeruitus nobis per Chriſtum adẽ¬

506 423 385 61 pta eſt, cognoſcamus.

558 461 804 66 Neque tamen confuſionem inducit vel inue¬

504 508 863 68 hit in Eccleſiã Paulus, in qua iubet ipſe vt omnia

508 559 859 63 τάκτως & ordine fiant, quaſi iam nolit vllum eſſe

506 607 859 68 communi totius Eccleſię conſilio & delectu con¬

506 654 861 67 ſtitutum locum, in quem Chriſtiani ad Deum

507 707 861 65 precandum certo tempore conueniant, ſéque a¬

509 751 859 66 dunent: ſed vt ſparſi, &, prout quemque feret ani¬

513 797 856 62 mi impetus, orent ſeparati & diſiecti. Hoc enim

513 845 859 71 planè furioſum eſſet, & μανιῶδες: ſed religionem

514 899 856 64 propter loca vllam animis noſtris inhęrere vetat

516 941 854 69 quaſi locus ipſe ſanctiorem gratiorémque Deo

514 987 861 70 noſtram orationem efficiat. Quod ſuperſtitioſi

518 1037 856 71 homines, id eſt Papiſtæ etiam non hodie putant.

572 1085 805 67 Vnde ex hoc loco votiuæ illæ ad terram ſan¬

521 1132 854 71 ctam, & alia quædam Martyrum loca peregri¬

519 1187 860 63 nationes & precationes meritò dãnantur, quæ ea

523 1229 854 66 de cauſa ſuſcipiũtur à ſuperſtitioſis, quòd neſcio

523 1278 856 67 quid maioris ſanctitatis in illis locis, & ipſi quam

523 1323 857 65 Dominus pedibus ſuis calcauit, terræ ineſſe iudi¬

524 1373 856 67 cant. Quod falſiſsimum eſt. Si qua enim hodie

526 1418 856 68 eſt terra maledicta, eſt Iudæa: & huiuſmodi co¬

526 1467 859 69 gitatio plena eſt idololatriæ & blaſphemiæ. Nec

523 1518 861 62 iuuantur huiuſmodi ſuperſtitioſi homines exem¬

530 1562 855 71 plo Naamani Syri, qui, vt eſt 2.Reg.5.terræ ipſius

526 1613 858 68 ſanctæ glebas quaſdam & onera ſecum apporta¬

526 1662 861 61 uit. Illo enim tempore cæremoniæ locum adhuc

527 1703 860 98 habebant, & extra terram à ſe delectam ſibi ſa¬

1230 1753 162 71 crificari
