<?xml version="1.0" encoding="UTF-8"?>
<alto xmlns:xsi="http://www.w3.org/2001/XMLSchema-instance"
      xmlns="http://www.loc.gov/standards/alto/ns-v4#"
      xsi:schemaLocation="http://www.loc.gov/standards/alto/ns-v4# http://www.loc.gov/standards/alto/v4/alto-4-2.xsd">
  <Description>
    <MeasurementUnit>pixel</MeasurementUnit>
    <sourceImageInformation>
      <fileName>2012952.png</fileName>
    </sourceImageInformation>
  </Description>
  <Tags>
    <OtherTag ID="BT7" LABEL="CustomZone" DESCRIPTION="block type CustomZone"/><OtherTag ID="BT8" LABEL="DamageZone" DESCRIPTION="block type DamageZone"/><OtherTag ID="BT9" LABEL="DigitizationArtefactZone" DESCRIPTION="block type DigitizationArtefactZone"/><OtherTag ID="BT10" LABEL="DropCapitalZone" DESCRIPTION="block type DropCapitalZone"/><OtherTag ID="BT11" LABEL="GraphicZone" DESCRIPTION="block type GraphicZone"/><OtherTag ID="BT12" LABEL="MainZone" DESCRIPTION="block type MainZone"/><OtherTag ID="BT13" LABEL="MarginTextZone" DESCRIPTION="block type MarginTextZone"/><OtherTag ID="BT14" LABEL="MusicZone" DESCRIPTION="block type MusicZone"/><OtherTag ID="BT15" LABEL="NumberingZone" DESCRIPTION="block type NumberingZone"/><OtherTag ID="BT17" LABEL="QuireMarksZone" DESCRIPTION="block type QuireMarksZone"/><OtherTag ID="BT18" LABEL="RunningTitleZone" DESCRIPTION="block type RunningTitleZone"/><OtherTag ID="BT19" LABEL="SealZone" DESCRIPTION="block type SealZone"/><OtherTag ID="BT20" LABEL="StampZone" DESCRIPTION="block type StampZone"/><OtherTag ID="BT21" LABEL="TableZone" DESCRIPTION="block type TableZone"/><OtherTag ID="BT22" LABEL="TitlePageZone" DESCRIPTION="block type TitlePageZone"/><OtherTag ID="BT3211" LABEL="MainZone-Continued" DESCRIPTION="block type MainZone-Continued"/><OtherTag ID="BT3212" LABEL="MainZone-Head" DESCRIPTION="block type MainZone-Head"/><OtherTag ID="BT3213" LABEL="MainZone-P" DESCRIPTION="block type MainZone-P"/><OtherTag ID="BT3214" LABEL="MarginTextZone-ManuscriptAddendum" DESCRIPTION="block type MarginTextZone-ManuscriptAddendum"/><OtherTag ID="BT3215" LABEL="MarginTextZone-Notes" DESCRIPTION="block type MarginTextZone-Notes"/><OtherTag ID="BT3216" LABEL="MainZone-Entry" DESCRIPTION="block type MainZone-Entry"/>
    <OtherTag ID="LT7" LABEL="CustomLine" DESCRIPTION="line type CustomLine"/><OtherTag ID="LT8" LABEL="DefaultLine" DESCRIPTION="line type DefaultLine"/><OtherTag ID="LT9" LABEL="DropCapitalLine" DESCRIPTION="line type DropCapitalLine"/><OtherTag ID="LT10" LABEL="HeadingLine" DESCRIPTION="line type HeadingLine"/><OtherTag ID="LT11" LABEL="InterlinearLine" DESCRIPTION="line type InterlinearLine"/><OtherTag ID="LT12" LABEL="MusicLine" DESCRIPTION="line type MusicLine"/><OtherTag ID="LT63" LABEL="CustomLine : BiblicalText" DESCRIPTION="line type CustomLine : BiblicalText"/>
  </Tags>
  <Layout>
    <Page WIDTH="1482"
          HEIGHT="2195"
          PHYSICAL_IMG_NR="2"
          ID="eSc_dummypage_">
      <PrintSpace HPOS="0"
                  VPOS="0"
                  WIDTH="1482"
                  HEIGHT="2195">
        <TextBlock HPOS="506"
                   VPOS="139"
                   WIDTH="71"
                   HEIGHT="45"
                   ID="block_3"
                   TAGREFS="BT15">
          <Shape><Polygon POINTS="577 139 577 184 506 184 506 139"/></Shape>
          <TextLine ID="eSc_line_ef338e50"
                    TAGREFS="LT8"
                    BASELINE="516 168 559 166" 
                    HPOS="516"
                    VPOS="125"
                    WIDTH="88"
                    HEIGHT="65">
            <Shape><Polygon POINTS="544 125 524 129 516 136 516 168 516 188 542 190 544 190 544 190 563 181 574 176 604 176 604 168 604 144 582 144 579 140 559 125 552 125"/></Shape>
            <String CONTENT="33"
                    HPOS="516"
                    VPOS="125"
                    WIDTH="88"
                    HEIGHT="65"
                    ></String>
          </TextLine>
        </TextBlock>
        <TextBlock HPOS="654"
                   VPOS="125"
                   WIDTH="578"
                   HEIGHT="54"
                   ID="block_2"
                   TAGREFS="BT18">
          <Shape><Polygon POINTS="1232 125 1232 179 654 179 654 125"/></Shape>
          <TextLine ID="eSc_line_7add8348"
                    TAGREFS="LT10"
                    BASELINE="670 168 1227 158" 
                    HPOS="649"
                    VPOS="116"
                    WIDTH="578"
                    HEIGHT="67">
            <Shape><Polygon POINTS="1210 125 1197 124 1185 123 1173 121 1160 121 1157 123 1145 118 1137 118 1124 118 1115 116 1085 124 1073 116 1063 116 1051 116 1039 116 1027 118 1014 118 1005 118 990 126 937 121 936 121 908 128 899 119 892 119 880 121 868 121 856 121 844 121 831 121 822 121 812 121 807 121 804 121 802 121 784 131 706 131 680 123 672 124 666 124 649 131 649 168 649 175 719 184 720 184 722 184 749 175 751 175 757 175 804 181 804 181 806 181 807 181 815 175 818 174 822 175 837 181 839 181 840 181 892 180 894 180 895 180 900 175 904 173 912 175 932 180 932 180 934 180 965 175 990 171 1030 175 1062 178 1063 178 1064 178 1070 175 1084 169 1105 175 1112 176 1113 176 1114 176 1123 175 1144 171 1225 174 1227 158 1224 131 1222 128"/></Shape>
            <String CONTENT="AD I. PAVL. AD TIM."
                    HPOS="649"
                    VPOS="116"
                    WIDTH="578"
                    HEIGHT="67"
                    WC="0.976472857751344"></String>
          </TextLine>
        </TextBlock>
        <TextBlock HPOS="488"
                   VPOS="184"
                   WIDTH="898"
                   HEIGHT="583"
                   ID="block_0"
                   TAGREFS="BT3211">
          <Shape><Polygon POINTS="1377 184 1386 762 488 768 488 190"/></Shape>
          <TextLine ID="eSc_line_aa9f8757"
                    TAGREFS="LT8"
                    BASELINE="506 228 1369 216" 
                    HPOS="503"
                    VPOS="175"
                    WIDTH="866"
                    HEIGHT="69">
            <Shape><Polygon POINTS="1346 176 1342 175 1275 175 1274 175 1273 175 1269 176 1250 188 1173 189 1096 189 1067 179 1064 178 1063 178 1062 178 1060 178 1059 178 1059 179 1042 190 982 190 962 179 960 179 959 179 958 179 957 179 955 179 939 190 809 186 809 186 807 186 790 192 740 181 737 181 736 181 641 183 640 183 624 191 607 183 606 183 604 183 503 183 506 228 506 244 541 238 596 244 597 244 599 244 599 244 611 236 652 244 654 244 656 244 754 242 756 242 772 235 777 241 779 241 780 241 781 241 782 241 795 235 880 241 887 241 889 241 890 241 891 241 912 233 959 239 960 239 962 239 963 239 985 231 1032 238 1034 238 1087 230 1200 236 1200 236 1237 229 1270 236 1272 236 1273 236 1320 228 1330 235 1332 235 1332 235 1334 236 1368 236 1369 216 1365 181 1358 179"/></Shape>
            <String CONTENT="Paſtor eſt velut communis totius cœtus pater,"
                    HPOS="503"
                    VPOS="175"
                    WIDTH="866"
                    HEIGHT="69"
                    WC="0.986643042829302"></String>
          </TextLine>
          <TextLine ID="eSc_line_5eddfb7e"
                    TAGREFS="LT8"
                    BASELINE="501 278 1369 263" 
                    HPOS="499"
                    VPOS="224"
                    WIDTH="870"
                    HEIGHT="75">
            <Shape><Polygon POINTS="499 252 501 278 501 291 551 298 552 298 596 289 604 287 746 286 749 286 785 294 786 294 787 294 789 294 802 285 804 284 841 284 842 285 859 294 860 294 862 294 863 294 892 284 896 283 915 283 1077 289 1079 289 1080 289 1082 289 1097 279 1100 279 1150 289 1150 289 1205 287 1205 287 1224 278 1247 286 1248 286 1250 286 1250 286 1269 276 1332 281 1332 281 1369 273 1369 263 1367 235 1287 226 1285 226 1284 226 1258 235 1246 224 1245 224 1243 224 1224 224 1223 224 1222 224 1187 236 1153 226 1152 226 1150 226 1077 239 1036 239 1025 229 1025 228 1024 228 1023 228 1022 228 1020 228 991 238 809 231 807 231 806 231 774 244 759 238 758 238 757 238 714 246 691 246 669 234 668 234 667 234 604 236 604 236 602 236 589 246 527 236 526 236 526 236 501 247 499 252"/></Shape>
            <String CONTENT="qui omnium curam gerit.2. Quia eſt publicũ to¬"
                    HPOS="499"
                    VPOS="224"
                    WIDTH="870"
                    HEIGHT="75"
                    WC="0.973673798936479"></String>
          </TextLine>
          <TextLine ID="eSc_line_02e4f48c"
                    TAGREFS="LT8"
                    BASELINE="501 326 1370 312" 
                    HPOS="499"
                    VPOS="273"
                    WIDTH="871"
                    HEIGHT="71">
            <Shape><Polygon POINTS="501 326 501 344 551 339 563 344 564 344 566 344 567 344 581 336 622 344 626 344 627 344 632 342 667 335 718 341 729 342 730 342 731 342 732 342 734 341 746 334 768 339 772 341 772 341 774 341 780 339 818 333 902 337 919 339 920 339 932 337 985 330 1012 336 1020 337 1022 337 1032 336 1065 329 1077 335 1077 336 1079 336 1080 336 1082 336 1113 334 1212 326 1240 331 1252 334 1253 334 1277 331 1324 326 1369 329 1370 312 1368 276 1327 273 1325 273 1324 273 1323 273 1319 276 1312 280 1301 276 1291 273 1290 273 1289 273 1258 278 1210 285 1146 280 1092 276 1091 276 1090 276 1070 283 1051 287 1035 283 1014 278 1013 278 1012 278 1010 278 994 284 987 286 982 285 968 280 967 280 965 280 964 280 963 280 957 285 954 287 941 285 900 279 899 279 897 279 874 287 865 289 832 289 758 284 757 284 756 284 739 291 734 292 732 291 722 283 722 283 720 283 658 283 657 283 656 283 654 283 640 294 636 294 585 284 584 284 499 296 501 326"/></Shape>
            <String CONTENT="tius Eccleſię os, vt nos in doctrina, &amp; iis quę huic"
                    HPOS="499"
                    VPOS="273"
                    WIDTH="871"
                    HEIGHT="71"
                    ></String>
          </TextLine>
          <TextLine ID="eSc_line_8e4261e4"
                    TAGREFS="LT8"
                    BASELINE="502 374 1370 361" 
                    HPOS="501"
                    VPOS="321"
                    WIDTH="869"
                    HEIGHT="71">
            <Shape><Polygon POINTS="502 374 502 385 576 392 577 392 579 392 580 392 580 391 587 385 590 385 644 390 645 390 646 390 658 384 661 382 757 382 767 384 809 389 811 389 812 389 813 389 819 382 822 381 840 382 892 387 894 387 974 386 975 386 986 381 992 379 1004 381 1018 385 1019 385 1020 385 1077 381 1132 376 1148 380 1159 382 1160 382 1162 382 1163 382 1164 382 1168 380 1173 376 1187 380 1197 382 1198 382 1200 382 1200 382 1202 382 1205 380 1213 376 1242 379 1258 381 1260 381 1280 379 1320 374 1369 378 1370 361 1368 321 1323 321 1322 321 1320 321 1317 323 1287 331 1258 324 1250 323 1250 323 1248 323 1241 324 1210 333 1155 326 1147 326 1146 326 1145 326 1144 326 1130 334 1087 329 1058 326 1057 326 1055 326 1055 326 1055 326 1050 330 1044 335 1015 330 989 326 987 326 986 326 970 331 955 336 934 333 917 330 915 330 914 330 904 334 890 337 877 334 854 329 852 329 804 336 801 336 787 330 786 330 785 330 784 330 782 330 782 331 775 337 772 339 754 337 659 331 658 331 657 331 632 341 631 342 575 342 544 342 524 335 523 335 522 335 521 335 501 342 502 374"/></Shape>
            <String CONTENT="connexa ſunt, erudiat, qualis eſt oratio. Ergo &amp;"
                    HPOS="501"
                    VPOS="321"
                    WIDTH="869"
                    HEIGHT="71"
                    WC="0.992603213836749"></String>
          </TextLine>
          <TextLine ID="eSc_line_8b98c2b3"
                    TAGREFS="LT8"
                    BASELINE="508 423 1372 409" 
                    HPOS="507"
                    VPOS="371"
                    WIDTH="865"
                    HEIGHT="69">
            <Shape><Polygon POINTS="508 423 508 440 666 431 714 437 724 439 725 439 727 439 729 437 744 430 804 436 820 437 822 437 836 436 865 431 904 434 918 435 919 435 920 435 922 435 922 434 934 428 962 434 973 435 974 435 975 435 979 432 992 426 1096 426 1102 431 1103 432 1105 432 1105 432 1107 432 1203 431 1205 431 1205 431 1208 429 1215 424 1235 428 1246 430 1247 430 1315 429 1317 429 1318 429 1320 426 1329 421 1369 426 1372 409 1368 371 1290 378 1242 371 1234 371 1232 371 1225 373 1185 379 1147 374 1137 373 1135 373 1134 373 1130 374 1117 380 1017 376 982 376 980 376 979 376 974 376 959 382 865 379 822 378 820 378 801 380 768 386 507 386 508 423"/></Shape>
            <String CONTENT="precari debet, quia eo precãte tota Eccleſia orat."
                    HPOS="507"
                    VPOS="371"
                    WIDTH="865"
                    HEIGHT="69"
                    WC="0.967060972662533"></String>
          </TextLine>
          <TextLine ID="eSc_line_126868d5"
                    TAGREFS="LT8"
                    BASELINE="511 472 740 464 1369 457" 
                    HPOS="509"
                    VPOS="421"
                    WIDTH="860"
                    HEIGHT="68">
            <Shape><Polygon POINTS="511 472 511 489 601 479 727 479 744 485 745 485 746 486 746 485 747 485 763 479 831 484 839 484 840 484 841 484 842 484 870 476 930 482 940 482 941 482 963 481 1074 474 1368 474 1369 457 1365 426 1119 429 1118 429 1105 421 1103 421 1102 421 1063 421 1062 421 1060 421 1024 430 1013 421 1012 421 1010 421 1009 421 1008 421 992 428 945 421 944 421 942 421 910 431 882 424 882 424 880 424 879 424 852 431 837 424 836 424 835 424 834 424 804 432 772 424 770 424 769 424 768 424 737 434 604 426 602 426 509 437 511 472"/></Shape>
            <String CONTENT="3 Hoc fuit officium olim ſacrificatoris, in quo"
                    HPOS="509"
                    VPOS="421"
                    WIDTH="860"
                    HEIGHT="68"
                    ></String>
          </TextLine>
          <TextLine ID="eSc_line_e11010d6"
                    TAGREFS="LT8"
                    BASELINE="503 517 1370 508" 
                    HPOS="502"
                    VPOS="471"
                    WIDTH="868"
                    HEIGHT="59">
            <Shape><Polygon POINTS="503 517 503 530 1370 524 1370 508 1368 472 1278 471 1277 471 1275 471 1265 473 1239 480 1214 474 1213 474 1212 474 1208 474 1148 480 1137 476 1129 472 1128 472 1127 472 1125 472 1115 476 1109 477 1055 476 979 476 977 476 977 476 975 476 972 477 963 482 908 479 856 476 854 476 854 476 837 480 824 484 809 481 775 476 774 476 772 476 754 482 746 486 614 486 604 485 561 477 559 477 502 486 503 517"/></Shape>
            <String CONTENT="nulla cæremonia continetur. Hebr. 9. verſ. 24."
                    HPOS="502"
                    VPOS="471"
                    WIDTH="868"
                    HEIGHT="59"
                    WC="0.980121490748032"></String>
          </TextLine>
          <TextLine ID="eSc_line_39af2d09"
                    TAGREFS="LT8"
                    BASELINE="502 566 1368 554" 
                    HPOS="501"
                    VPOS="517"
                    WIDTH="867"
                    HEIGHT="68">
            <Shape><Polygon POINTS="502 566 502 576 572 585 573 585 574 585 601 576 604 575 621 576 714 582 716 582 717 582 737 575 740 574 852 574 868 581 869 581 870 581 872 581 872 581 885 572 887 572 904 572 963 580 964 580 1005 572 1077 579 1077 579 1112 572 1245 576 1246 576 1367 568 1368 554 1365 521 1264 518 1263 518 1262 518 1252 521 1234 525 1218 521 1205 517 1203 517 1202 517 1200 517 1189 521 1170 527 1069 527 1060 522 1059 521 1058 521 1057 521 982 519 980 519 979 519 977 519 975 522 965 529 894 523 879 522 877 522 877 522 875 522 874 523 865 530 852 523 851 523 790 522 789 522 787 522 786 522 786 523 785 523 777 531 727 523 720 523 719 523 718 523 716 524 687 534 641 534 624 524 622 524 622 524 621 524 619 524 585 532 501 525 502 566"/></Shape>
            <String CONTENT="Numeror. 6.verſ. 23. 4 Denique mos veteris"
                    HPOS="501"
                    VPOS="517"
                    WIDTH="867"
                    HEIGHT="68"
                    ></String>
          </TextLine>
          <TextLine ID="eSc_line_1b4354b7"
                    TAGREFS="LT8"
                    BASELINE="502 614 1370 604" 
                    HPOS="501"
                    VPOS="563"
                    WIDTH="869"
                    HEIGHT="71">
            <Shape><Polygon POINTS="502 614 502 634 695 634 695 632 696 632 707 629 722 624 745 629 756 630 757 630 769 627 792 622 819 626 842 630 844 630 887 625 927 622 965 624 1022 627 1023 627 1024 627 1025 627 1030 622 1032 620 1177 618 1210 619 1307 624 1308 624 1369 616 1370 604 1369 572 1346 563 1345 563 1343 563 1342 563 1328 572 1327 572 1322 572 1265 564 1264 564 1210 572 1198 572 1195 572 1179 566 1178 566 1177 566 1175 566 1174 566 1167 572 1163 575 1079 575 1069 572 1053 567 1052 567 1051 567 1050 567 1049 567 1042 572 1037 576 980 577 932 577 924 572 918 568 917 568 915 568 914 568 831 569 830 569 822 572 812 577 801 572 792 569 791 569 790 569 789 569 775 572 754 580 692 580 669 572 664 572 663 572 662 572 637 572 551 580 541 572 540 572 539 572 537 572 501 572 502 614"/></Shape>
            <String CONTENT="Eccleſiæ, quæ Dei ſpiritu regebatur, in qua pro"
                    HPOS="501"
                    VPOS="563"
                    WIDTH="869"
                    HEIGHT="71"
                    WC="0.983714387771931"></String>
          </TextLine>
          <TextLine ID="eSc_line_4c023b7a"
                    TAGREFS="LT8"
                    BASELINE="499 663 1368 652" 
                    HPOS="499"
                    VPOS="614"
                    WIDTH="869"
                    HEIGHT="66">
            <Shape><Polygon POINTS="499 663 499 672 542 672 544 672 559 680 561 680 562 680 563 680 590 672 597 672 616 672 690 679 691 679 809 676 809 676 819 672 824 669 834 672 852 676 854 676 854 676 856 676 872 672 886 667 968 667 970 670 975 675 977 675 977 675 979 675 980 675 996 670 1010 667 1027 670 1041 674 1042 674 1044 674 1045 674 1058 670 1073 667 1102 670 1129 672 1130 672 1147 670 1172 666 1365 667 1368 652 1364 620 1292 622 1287 620 1269 614 1268 614 1267 614 1265 614 1243 622 1234 624 1214 622 1173 616 1172 616 1122 622 1100 625 1094 622 1077 617 1075 617 1074 617 1014 624 977 629 862 629 832 625 786 620 785 620 756 626 740 630 732 626 724 622 722 622 722 622 720 622 704 627 687 631 640 627 601 625 599 625 599 625 597 625 597 626 594 629 590 634 564 634 556 629 547 624 546 624 544 624 544 624 542 624 534 629 530 631 499 630 499 663"/></Shape>
            <String CONTENT="toto cœtu, &amp; ipſius nomine Paſtores fundebant"
                    HPOS="499"
                    VPOS="614"
                    WIDTH="869"
                    HEIGHT="66"
                    WC="0.988838620980581"></String>
          </TextLine>
          <TextLine ID="eSc_line_bfe680fa"
                    TAGREFS="LT8"
                    BASELINE="501 711 1368 701" 
                    HPOS="499"
                    VPOS="663"
                    WIDTH="868"
                    HEIGHT="63">
            <Shape><Polygon POINTS="501 711 501 720 607 727 608 727 609 727 611 727 611 725 617 720 618 719 639 720 716 725 717 725 718 725 719 725 719 724 724 719 725 718 727 719 737 724 739 724 740 725 825 725 825 724 899 719 947 715 1365 715 1368 701 1365 663 1292 663 1291 663 1290 663 1287 664 1255 672 1202 666 1191 664 1190 664 1189 664 1187 664 1187 666 1177 672 1100 667 1069 666 1068 666 1067 666 1059 667 1040 674 1018 667 1010 667 1009 667 1008 667 1007 667 1005 667 1004 669 995 674 907 670 850 667 849 667 827 672 799 676 761 672 736 670 735 670 706 674 669 677 649 674 624 670 622 670 622 670 611 675 602 679 499 677 501 711"/></Shape>
            <String CONTENT="preces Deo, &amp; populo benedicebãt, vt ex variis"
                    HPOS="499"
                    VPOS="663"
                    WIDTH="868"
                    HEIGHT="63"
                    WC="0.99435530444409"></String>
          </TextLine>
          <TextLine ID="eSc_line_6930bd3f"
                    TAGREFS="LT8"
                    BASELINE="499 759 1370 749" 
                    HPOS="497"
                    VPOS="711"
                    WIDTH="873"
                    HEIGHT="66">
            <Shape><Polygon POINTS="499 759 499 777 594 769 634 775 635 775 694 768 722 774 725 774 727 774 731 774 795 767 896 772 919 772 920 772 934 770 986 764 1045 768 1077 770 1079 770 1094 768 1113 763 1125 767 1132 769 1132 769 1134 769 1370 762 1370 749 1368 717 1202 711 1200 711 1158 719 1148 720 1139 719 1089 712 1087 712 1086 712 1085 712 1074 720 1073 722 1040 722 1032 720 990 713 989 713 987 713 986 713 986 714 977 722 975 724 825 724 822 724 786 715 785 715 784 715 765 724 764 725 763 725 747 717 746 717 745 717 702 724 609 718 608 718 607 718 587 727 586 727 581 727 535 719 534 719 497 727 499 759"/></Shape>
            <String CONTENT="hiſtoriis conſtat, &amp; annotat Auguſtinus Epiſt.9o."
                    HPOS="497"
                    VPOS="711"
                    WIDTH="873"
                    HEIGHT="66"
                    ></String>
          </TextLine>
        </TextBlock>
        <TextBlock HPOS="485"
                   VPOS="778"
                   WIDTH="897"
                   HEIGHT="281"
                   ID="eSc_textblock_c3dd0e62"
                   TAGREFS="BT3213">
          <Shape><Polygon POINTS="1383 1059 1383 778 485 778 485 1059"/></Shape>
          <TextLine ID="eSc_line_d5d044ce"
                    TAGREFS="LT8"
                    BASELINE="542 804 1364 794" 
                    HPOS="541"
                    VPOS="758"
                    WIDTH="823"
                    HEIGHT="66">
            <Shape><Polygon POINTS="542 804 542 817 630 825 631 825 632 825 654 817 658 815 729 815 731 815 745 822 746 822 747 822 827 815 829 815 847 822 849 822 850 822 851 822 872 814 877 813 901 814 972 820 973 820 974 820 991 814 997 812 1046 812 1050 813 1055 819 1057 819 1058 819 1059 820 1150 820 1150 819 1150 819 1168 813 1174 811 1240 811 1243 812 1258 818 1260 818 1260 818 1287 812 1303 809 1308 812 1314 817 1315 817 1317 817 1318 817 1319 817 1332 812 1341 809 1362 811 1364 794 1360 768 1258 768 1257 768 1241 759 1240 759 1239 759 1237 759 1237 759 1224 768 1213 758 1212 758 1210 758 1182 758 1182 758 1180 758 1155 768 1150 769 1137 768 1110 764 1109 764 1030 768 969 770 959 768 939 762 937 762 936 762 935 762 920 768 910 772 895 768 887 767 886 767 877 768 849 772 836 768 824 763 822 763 822 763 820 763 809 768 799 772 782 768 765 763 764 763 763 763 684 764 682 764 681 764 681 765 677 768 670 775 644 775 626 768 619 765 618 765 617 765 541 768 542 804"/></Shape>
            <String CONTENT="Ergo cùm ſint hæc tria præcipua paſtoris mu¬"
                    HPOS="541"
                    VPOS="758"
                    WIDTH="823"
                    HEIGHT="66"
                    WC="0.97929501136144"></String>
          </TextLine>
          <TextLine ID="eSc_line_d797d74d"
                    TAGREFS="LT8"
                    BASELINE="499 857 1369 845" 
                    HPOS="497"
                    VPOS="804"
                    WIDTH="872"
                    HEIGHT="68">
            <Shape><Polygon POINTS="499 857 499 872 585 865 670 870 686 870 687 870 689 870 690 870 697 864 785 869 807 869 809 869 817 868 857 862 1046 865 1084 865 1085 865 1086 865 1090 864 1114 859 1137 864 1139 864 1140 864 1141 864 1150 864 1235 857 1248 863 1250 863 1250 863 1252 863 1369 860 1369 845 1365 804 1332 804 1332 804 1308 817 1248 817 1234 807 1234 806 1232 806 1232 806 1198 806 1197 806 1196 806 1189 809 1153 819 1008 820 991 813 982 809 980 809 979 809 977 809 963 814 941 820 890 815 877 815 877 815 875 815 874 815 872 817 864 822 854 817 839 812 837 812 800 812 799 812 797 812 796 812 786 819 781 822 769 819 758 817 757 817 756 817 754 817 745 820 734 824 727 820 712 813 711 813 677 813 676 813 675 813 674 813 663 822 662 824 657 822 636 815 635 815 585 815 584 815 582 815 581 815 571 825 552 818 551 818 549 818 497 827 499 857"/></Shape>
            <String CONTENT="nera &amp; officia, Docere, Corripere, &amp; Precari,"
                    HPOS="497"
                    VPOS="804"
                    WIDTH="872"
                    HEIGHT="68"
                    WC="0.982854892147912"></String>
          </TextLine>
          <TextLine ID="eSc_line_bdf18b61"
                    TAGREFS="LT8"
                    BASELINE="499 902 1364 890" 
                    HPOS="497"
                    VPOS="851"
                    WIDTH="868"
                    HEIGHT="69">
            <Shape><Polygon POINTS="499 902 499 913 568 920 569 920 571 920 601 913 606 912 613 912 669 919 670 919 672 919 686 912 687 910 757 909 779 910 852 915 854 915 854 915 870 909 874 908 877 909 897 915 899 915 900 915 901 915 913 909 915 908 927 909 985 914 986 914 1027 908 1041 906 1105 907 1275 910 1277 910 1278 910 1291 904 1295 904 1363 904 1364 890 1363 859 1346 851 1345 851 1343 851 1342 851 1341 851 1332 859 1330 859 1325 859 1300 852 1298 852 1190 852 1189 852 1187 852 1172 859 1103 854 1102 854 1100 854 1100 854 1086 862 1084 864 1057 864 1055 863 1046 854 1045 854 1044 854 1020 854 1019 854 1018 854 1017 854 1005 863 1004 865 929 865 925 864 908 857 907 857 906 857 868 865 867 865 865 865 842 859 841 859 840 859 761 865 692 859 691 859 690 859 670 868 668 869 656 869 573 862 572 862 497 870 499 902"/></Shape>
            <String CONTENT="cõplexus eſt Paulus, Docendi verbo etiã corre¬"
                    HPOS="497"
                    VPOS="851"
                    WIDTH="868"
                    HEIGHT="69"
                    WC="0.970749282588561"></String>
          </TextLine>
          <TextLine ID="eSc_line_7a4c0b5e"
                    TAGREFS="LT8"
                    BASELINE="499 951 1118 941 1368 942" 
                    HPOS="497"
                    VPOS="902"
                    WIDTH="871"
                    HEIGHT="68">
            <Shape><Polygon POINTS="499 951 499 970 622 960 647 968 649 968 649 968 697 959 734 965 735 965 763 959 772 967 772 967 774 967 775 967 777 967 807 958 880 964 882 964 977 955 1070 960 1072 960 1109 954 1132 960 1134 960 1135 960 1137 960 1165 954 1207 960 1208 960 1210 960 1212 960 1290 954 1365 958 1368 942 1367 910 1341 902 1340 902 1338 902 1252 913 1247 914 1215 914 1215 913 1205 904 1205 904 1203 904 1202 904 1200 904 1159 913 1135 904 1134 904 1132 904 1096 913 1068 904 1067 904 1065 904 970 915 927 908 927 908 870 918 869 918 786 908 785 908 784 908 749 919 707 909 706 909 649 919 587 913 586 913 585 913 584 913 573 922 526 917 524 917 523 917 497 922 499 951"/></Shape>
            <String CONTENT="ptionem. Precationem autem hîc ſeorſim perſe¬"
                    HPOS="497"
                    VPOS="902"
                    WIDTH="871"
                    HEIGHT="68"
                    WC="0.987006555432859"></String>
          </TextLine>
          <TextLine ID="eSc_line_3dd1bbd9"
                    TAGREFS="LT8"
                    BASELINE="499 1000 1368 989" 
                    HPOS="499"
                    VPOS="951"
                    WIDTH="869"
                    HEIGHT="71">
            <Shape><Polygon POINTS="499 1000 499 1014 522 1023 523 1023 524 1023 526 1023 526 1023 537 1014 541 1010 641 1010 647 1013 668 1022 669 1022 670 1022 672 1022 672 1022 689 1012 694 1009 745 1012 840 1015 841 1015 896 1009 920 1007 924 1009 939 1018 940 1018 941 1018 942 1018 991 1008 1004 1005 1012 1008 1035 1017 1036 1017 1037 1018 1077 1018 1077 1017 1120 1015 1122 1015 1123 1015 1137 1005 1139 1004 1140 1005 1150 1013 1150 1013 1152 1013 1153 1014 1235 1014 1235 1013 1237 1013 1237 1013 1246 1005 1268 1014 1269 1014 1270 1014 1313 1003 1322 1002 1328 1003 1352 1012 1353 1012 1355 1012 1355 1012 1357 1012 1368 1004 1368 989 1364 959 1242 959 1212 951 1210 951 1210 951 1208 951 1190 959 1115 952 1114 952 1113 952 1112 952 1100 962 1027 962 982 954 980 954 922 963 885 954 884 954 882 954 851 964 839 955 837 955 836 955 835 955 834 955 813 964 764 957 763 957 725 965 707 957 706 957 704 957 704 957 669 967 527 960 526 960 526 960 499 969 499 1000"/></Shape>
            <String CONTENT="quitur, quia eſt miniſterii Euangelici pars præ¬"
                    HPOS="499"
                    VPOS="951"
                    WIDTH="869"
                    HEIGHT="71"
                    WC="0.984813284128904"></String>
          </TextLine>
          <TextLine ID="eSc_line_8c7a5746"
                    TAGREFS="LT8"
                    BASELINE="499 1047 859 1041" 
                    HPOS="497"
                    VPOS="1004"
                    WIDTH="362"
                    HEIGHT="57">
            <Shape><Polygon POINTS="499 1047 499 1062 859 1058 859 1041 856 1014 813 1014 812 1014 787 1005 786 1005 785 1005 784 1005 767 1014 758 1005 758 1004 757 1004 756 1004 711 1004 709 1004 708 1004 707 1004 692 1014 629 1008 627 1008 626 1008 601 1018 599 1018 599 1018 534 1008 532 1008 531 1008 497 1018 499 1047"/></Shape>
            <String CONTENT="cipua, vti diximus."
                    HPOS="497"
                    VPOS="1004"
                    WIDTH="362"
                    HEIGHT="57"
                    WC="0.988780103231731"></String>
          </TextLine>
        </TextBlock>
        <TextBlock HPOS="476"
                   VPOS="1072"
                   WIDTH="906"
                   HEIGHT="721"
                   ID="eSc_textblock_6f26bdc2"
                   TAGREFS="BT3213">
          <Shape><Polygon POINTS="1383 1072 1383 1780 476 1793 485 1072"/></Shape>
          <TextLine ID="eSc_line_5f0e51a3"
                    TAGREFS="LT8"
                    BASELINE="541 1095 1369 1085" 
                    HPOS="540"
                    VPOS="1045"
                    WIDTH="830"
                    HEIGHT="70">
            <Shape><Polygon POINTS="541 1095 541 1107 642 1114 644 1114 707 1107 761 1112 762 1112 763 1112 764 1112 770 1105 772 1105 772 1105 804 1112 806 1112 854 1105 863 1105 865 1105 880 1110 882 1110 882 1112 927 1112 927 1110 929 1110 930 1110 936 1105 939 1103 946 1105 965 1108 967 1108 968 1108 969 1108 973 1105 975 1102 984 1105 1004 1109 1004 1109 1005 1109 1047 1103 1070 1100 1077 1103 1090 1108 1091 1108 1092 1108 1132 1103 1160 1100 1182 1103 1208 1107 1210 1108 1264 1108 1264 1107 1265 1107 1267 1107 1267 1105 1272 1102 1275 1098 1368 1100 1369 1085 1364 1046 1347 1055 1262 1057 1210 1057 1200 1050 1194 1045 1192 1045 1191 1045 1190 1045 1124 1052 1094 1055 1087 1052 1069 1046 1068 1046 1067 1046 954 1047 952 1047 915 1057 912 1057 908 1057 865 1049 864 1049 863 1049 834 1058 830 1059 825 1058 802 1055 801 1055 754 1060 739 1062 730 1060 690 1053 689 1053 687 1053 686 1053 686 1055 676 1062 676 1063 640 1063 636 1063 568 1052 567 1052 566 1052 540 1063 541 1095"/></Shape>
            <String CONTENT="Magnam autem vim eſſe huius publicæ preca¬"
                    HPOS="540"
                    VPOS="1045"
                    WIDTH="830"
                    HEIGHT="70"
                    WC="0.982069972015563"></String>
          </TextLine>
          <TextLine ID="eSc_line_bb58c004"
                    TAGREFS="LT8"
                    BASELINE="494 1145 1367 1132" 
                    HPOS="494"
                    VPOS="1092"
                    WIDTH="873"
                    HEIGHT="71">
            <Shape><Polygon POINTS="494 1145 494 1157 554 1157 554 1157 563 1163 564 1163 566 1163 567 1163 568 1163 569 1163 576 1157 577 1155 586 1157 631 1162 632 1162 634 1162 654 1155 658 1155 674 1155 730 1160 731 1160 732 1160 752 1155 758 1153 791 1155 889 1158 890 1158 891 1158 913 1153 922 1150 936 1152 968 1157 969 1157 994 1152 1007 1150 1020 1152 1047 1155 1049 1155 1050 1155 1051 1155 1055 1150 1059 1148 1086 1150 1125 1155 1127 1155 1128 1155 1129 1155 1134 1150 1139 1147 1150 1150 1162 1153 1163 1153 1164 1153 1222 1152 1223 1152 1224 1152 1227 1150 1230 1146 1237 1150 1243 1152 1245 1152 1246 1152 1270 1148 1301 1145 1365 1147 1367 1132 1364 1095 1338 1092 1337 1092 1337 1092 1335 1092 1332 1095 1323 1103 1205 1103 1180 1096 1174 1095 1173 1095 1172 1095 1170 1095 1169 1095 1169 1096 1168 1096 1158 1105 1123 1107 1087 1107 1077 1097 1075 1096 1074 1096 1073 1096 1072 1096 1058 1097 1012 1105 997 1098 995 1097 994 1097 992 1097 977 1098 920 1105 908 1100 906 1098 904 1098 904 1098 902 1098 899 1100 885 1105 840 1100 831 1100 830 1100 829 1100 827 1100 791 1110 718 1105 717 1105 716 1105 714 1105 706 1113 651 1113 644 1107 642 1107 641 1107 640 1107 611 1113 573 1103 572 1103 571 1103 569 1103 568 1103 552 1113 494 1105 494 1145"/></Shape>
            <String CONTENT="tionis, &amp; magnam illius habendam eſſe curam à"
                    HPOS="494"
                    VPOS="1092"
                    WIDTH="873"
                    HEIGHT="71"
                    WC="0.980236741511718"></String>
          </TextLine>
          <TextLine ID="eSc_line_955bc6c9"
                    TAGREFS="LT8"
                    BASELINE="496 1193 1365 1180" 
                    HPOS="494"
                    VPOS="1142"
                    WIDTH="871"
                    HEIGHT="70">
            <Shape><Polygon POINTS="496 1193 496 1212 580 1205 637 1210 649 1210 651 1210 652 1210 657 1210 681 1203 761 1208 779 1208 780 1208 787 1207 820 1200 870 1205 889 1207 890 1207 901 1205 920 1200 987 1203 1023 1205 1024 1205 1025 1205 1032 1202 1053 1197 1365 1197 1365 1180 1362 1142 1202 1150 1155 1147 1132 1145 1130 1145 1129 1145 1128 1145 1128 1146 1125 1147 1120 1152 1087 1148 1055 1145 1055 1145 1053 1145 1052 1145 1052 1146 1047 1150 1042 1153 1027 1150 1010 1146 1009 1146 955 1152 946 1152 940 1152 900 1147 899 1147 897 1147 872 1153 862 1155 839 1155 779 1150 777 1150 741 1157 730 1159 676 1159 675 1158 663 1150 662 1150 661 1150 659 1150 596 1159 536 1153 535 1153 494 1162 496 1193"/></Shape>
            <String CONTENT="paſtore, docent hæc verba Pauli &amp; commenda¬"
                    HPOS="494"
                    VPOS="1142"
                    WIDTH="871"
                    HEIGHT="70"
                    WC="0.986277451348859"></String>
          </TextLine>
          <TextLine ID="eSc_line_42939b4f"
                    TAGREFS="LT8"
                    BASELINE="492 1239 1364 1228" 
                    HPOS="491"
                    VPOS="1193"
                    WIDTH="873"
                    HEIGHT="64">
            <Shape><Polygon POINTS="492 1239 492 1250 562 1257 563 1257 594 1250 599 1250 599 1250 613 1255 614 1255 616 1255 732 1250 780 1255 781 1255 919 1246 927 1246 929 1246 975 1253 977 1253 1014 1252 1015 1252 1017 1252 1025 1245 1070 1252 1072 1252 1150 1243 1152 1243 1196 1250 1197 1250 1198 1250 1200 1250 1207 1242 1208 1242 1241 1250 1242 1250 1243 1250 1269 1242 1335 1248 1337 1248 1337 1248 1364 1240 1364 1228 1362 1200 1317 1193 1315 1193 1219 1200 1213 1200 1210 1200 1168 1193 1167 1193 1124 1202 1122 1202 1119 1202 1072 1195 1070 1195 1030 1203 1029 1203 1027 1203 1009 1197 1008 1197 919 1197 918 1197 917 1197 915 1197 907 1205 907 1205 877 1205 868 1205 809 1198 807 1198 806 1198 781 1207 777 1207 772 1207 734 1200 732 1200 731 1200 730 1200 722 1207 714 1207 575 1203 574 1203 491 1210 492 1239"/></Shape>
            <String CONTENT="tio, ante omnia πρῶτον πάντων. Eſt enim compa¬"
                    HPOS="491"
                    VPOS="1193"
                    WIDTH="873"
                    HEIGHT="64"
                    ></String>
          </TextLine>
          <TextLine ID="eSc_line_9ef9f116"
                    TAGREFS="LT8"
                    BASELINE="494 1287 1374 1277" 
                    HPOS="494"
                    VPOS="1241"
                    WIDTH="881"
                    HEIGHT="66">
            <Shape><Polygon POINTS="494 1287 494 1300 554 1307 554 1307 622 1300 625 1300 629 1300 742 1305 744 1305 787 1298 799 1296 1374 1293 1374 1277 1373 1250 1351 1242 1350 1242 1348 1242 1347 1242 1327 1248 1312 1241 1310 1241 1310 1241 1230 1250 1180 1242 1179 1242 1084 1243 1082 1243 1082 1243 1072 1250 1039 1245 1037 1245 982 1253 904 1246 902 1246 901 1246 900 1246 890 1252 818 1247 817 1247 815 1247 814 1247 801 1255 754 1255 711 1248 709 1248 708 1248 682 1257 613 1250 612 1250 571 1258 556 1250 554 1250 554 1250 494 1260 494 1287"/></Shape>
            <String CONTENT="ratio, &amp; commendatio huius exercitij, tanquam"
                    HPOS="494"
                    VPOS="1241"
                    WIDTH="881"
                    HEIGHT="66"
                    WC="0.991888105869293"></String>
          </TextLine>
          <TextLine ID="eSc_line_489c2d5c"
                    TAGREFS="LT8"
                    BASELINE="494 1335 1365 1324" 
                    HPOS="492"
                    VPOS="1287"
                    WIDTH="873"
                    HEIGHT="61">
            <Shape><Polygon POINTS="494 1335 494 1348 1364 1341 1365 1324 1364 1296 1337 1287 1337 1287 1280 1287 1279 1287 1278 1287 1260 1296 1190 1290 1189 1290 1187 1290 1168 1297 1137 1288 1135 1288 1134 1288 1089 1295 1075 1288 1074 1288 1073 1288 952 1296 937 1291 936 1291 935 1291 934 1291 932 1291 922 1300 882 1291 880 1291 879 1291 859 1301 802 1292 801 1292 800 1292 779 1302 749 1293 749 1293 747 1293 746 1293 745 1293 734 1302 592 1298 591 1298 590 1298 589 1298 589 1300 582 1305 492 1305 494 1335"/></Shape>
            <String CONTENT="omnino neceſſarij in Eccleſia Chriſti, &amp; vtiliſſi¬"
                    HPOS="492"
                    VPOS="1287"
                    WIDTH="873"
                    HEIGHT="61"
                    WC="0.985282200574875"></String>
          </TextLine>
          <TextLine ID="eSc_line_5c3d6dfa"
                    TAGREFS="LT8"
                    BASELINE="494 1385 1363 1373" 
                    HPOS="492"
                    VPOS="1336"
                    WIDTH="871"
                    HEIGHT="69">
            <Shape><Polygon POINTS="494 1385 494 1396 539 1405 540 1405 580 1396 584 1396 590 1396 666 1403 667 1403 668 1403 697 1396 702 1395 708 1396 746 1402 747 1402 749 1402 749 1402 759 1396 763 1393 794 1395 862 1400 863 1400 986 1398 1005 1395 1027 1390 1067 1393 1097 1397 1099 1397 1100 1397 1110 1393 1127 1388 1135 1393 1137 1396 1139 1396 1140 1396 1141 1396 1177 1393 1275 1386 1362 1392 1363 1373 1360 1346 1322 1336 1320 1336 1257 1346 1189 1337 1187 1337 1100 1348 1099 1350 1009 1350 974 1350 927 1341 927 1341 887 1347 851 1342 850 1342 849 1342 847 1342 835 1352 834 1353 785 1353 762 1353 752 1346 751 1346 749 1346 749 1346 656 1353 580 1346 579 1346 577 1346 557 1355 556 1357 492 1357 494 1385"/></Shape>
            <String CONTENT="mi, denique retinendi. Neque tamen hæc verba"
                    HPOS="492"
                    VPOS="1336"
                    WIDTH="871"
                    HEIGHT="69"
                    WC="0.987236514687538"></String>
          </TextLine>
          <TextLine ID="eSc_line_6d9e0619"
                    TAGREFS="LT8"
                    BASELINE="490 1431 1362 1420" 
                    HPOS="489"
                    VPOS="1383"
                    WIDTH="873"
                    HEIGHT="69">
            <Shape><Polygon POINTS="490 1431 490 1445 576 1452 577 1452 579 1452 580 1452 580 1451 587 1445 589 1443 597 1445 635 1450 636 1450 637 1450 659 1443 662 1443 663 1443 680 1451 681 1451 682 1451 684 1451 707 1443 713 1442 719 1443 747 1450 749 1450 781 1442 792 1441 811 1442 864 1448 865 1448 867 1448 882 1442 887 1440 907 1442 955 1447 957 1447 995 1441 1012 1438 1035 1441 1075 1445 1077 1445 1360 1437 1362 1420 1360 1392 1270 1383 1269 1383 1268 1383 1267 1383 1260 1390 1198 1385 1197 1385 1196 1385 1195 1385 1185 1393 1184 1393 1182 1393 1125 1386 1124 1386 1123 1386 1122 1386 1112 1395 1110 1396 1068 1396 1041 1395 974 1391 973 1391 972 1391 958 1396 954 1397 947 1396 920 1388 919 1388 918 1388 917 1388 915 1388 915 1390 908 1396 906 1397 902 1396 887 1392 886 1392 885 1392 884 1392 872 1396 864 1400 799 1400 795 1397 779 1390 777 1390 777 1390 734 1398 722 1401 609 1401 606 1400 586 1392 585 1392 584 1392 546 1400 531 1402 489 1401 490 1431"/></Shape>
            <String CONTENT="confirmant, vel iuuant Audæorum ſiue Meſſala¬"
                    HPOS="489"
                    VPOS="1383"
                    WIDTH="873"
                    HEIGHT="69"
                    WC="0.999504906601376"></String>
          </TextLine>
          <TextLine ID="eSc_line_a1a3abfc"
                    TAGREFS="LT8"
                    BASELINE="491 1479 1364 1469" 
                    HPOS="490"
                    VPOS="1435"
                    WIDTH="875"
                    HEIGHT="65">
            <Shape><Polygon POINTS="491 1479 491 1500 582 1500 582 1498 584 1498 587 1497 606 1491 674 1496 707 1497 708 1497 709 1497 719 1495 737 1490 781 1493 815 1496 817 1496 874 1491 927 1487 959 1490 1004 1493 1005 1493 1029 1488 1040 1486 1095 1487 1252 1491 1253 1491 1364 1481 1364 1469 1362 1442 1315 1435 1314 1435 1313 1435 1293 1442 1289 1443 1282 1442 1255 1435 1255 1435 1253 1435 1214 1441 1162 1436 1160 1436 1159 1436 1158 1436 1148 1443 1147 1443 1142 1443 1112 1437 1110 1437 1109 1437 1108 1437 1100 1443 1096 1447 490 1447 491 1479"/></Shape>
            <String CONTENT="niorum hæreticorum errorem, qui puppim &amp;"
                    HPOS="490"
                    VPOS="1435"
                    WIDTH="875"
                    HEIGHT="65"
                    WC="0.996465426683426"></String>
          </TextLine>
          <TextLine ID="eSc_line_df6fa848"
                    TAGREFS="LT8"
                    BASELINE="497 1528 1363 1517" 
                    HPOS="496"
                    VPOS="1480"
                    WIDTH="867"
                    HEIGHT="67">
            <Shape><Polygon POINTS="497 1528 497 1547 599 1538 687 1545 689 1545 690 1545 709 1538 730 1543 731 1543 732 1543 897 1535 945 1541 946 1541 992 1533 1072 1540 1073 1540 1178 1531 1212 1538 1213 1538 1284 1536 1285 1536 1287 1536 1293 1530 1360 1536 1363 1517 1362 1488 1330 1480 1329 1480 1328 1480 1250 1488 1207 1481 1205 1481 1205 1481 1185 1490 1158 1490 1146 1483 1145 1483 1144 1483 1142 1483 1141 1483 1140 1483 1129 1491 1060 1491 1020 1483 1019 1483 1018 1483 1017 1483 1008 1491 951 1485 950 1485 949 1485 947 1485 939 1493 912 1493 896 1485 895 1485 894 1485 892 1485 891 1485 877 1493 837 1486 836 1486 762 1495 689 1487 687 1487 640 1496 608 1491 607 1491 496 1498 497 1528"/></Shape>
            <String CONTENT="proram ſalutis in precationibus, id eſt, certis"
                    HPOS="496"
                    VPOS="1480"
                    WIDTH="867"
                    HEIGHT="67"
                    WC="0.987990022973811"></String>
          </TextLine>
          <TextLine ID="eSc_line_e12a3805"
                    TAGREFS="LT8"
                    BASELINE="492 1575 1372 1567" 
                    HPOS="491"
                    VPOS="1530"
                    WIDTH="881"
                    HEIGHT="63">
            <Shape><Polygon POINTS="492 1575 492 1593 742 1593 742 1592 804 1588 869 1583 918 1586 980 1590 982 1590 982 1590 997 1585 1007 1583 1027 1585 1059 1588 1060 1588 1092 1583 1102 1583 1105 1583 1117 1588 1118 1588 1119 1588 1120 1588 1142 1583 1150 1581 1173 1583 1243 1588 1245 1588 1246 1588 1247 1588 1255 1581 1257 1580 1258 1581 1269 1586 1270 1586 1272 1586 1372 1578 1372 1567 1370 1538 1338 1530 1337 1530 1337 1530 1335 1530 1319 1538 1257 1538 1165 1530 1164 1530 1163 1530 1162 1530 1152 1538 1150 1538 1120 1533 1119 1533 1118 1533 1117 1533 1107 1538 1105 1540 1092 1538 1022 1531 1020 1531 1019 1531 999 1538 992 1541 986 1538 964 1533 963 1533 962 1533 960 1533 959 1533 950 1540 945 1542 837 1542 834 1540 827 1533 825 1533 824 1533 822 1533 822 1533 807 1540 801 1542 796 1540 787 1533 786 1533 785 1533 784 1533 782 1533 763 1540 762 1540 759 1540 730 1535 729 1535 727 1535 727 1535 719 1540 714 1543 699 1540 676 1535 675 1535 649 1540 631 1543 612 1540 589 1536 559 1536 558 1536 557 1536 556 1536 551 1540 544 1545 535 1540 524 1536 523 1536 522 1536 491 1540 492 1575"/></Shape>
            <String CONTENT="ſtatíſque horis factis orationibus &amp; de murmu¬"
                    HPOS="491"
                    VPOS="1530"
                    WIDTH="881"
                    HEIGHT="63"
                    ></String>
          </TextLine>
          <TextLine ID="eSc_line_69411581"
                    TAGREFS="LT8"
                    BASELINE="494 1624 1364 1612" 
                    HPOS="494"
                    VPOS="1575"
                    WIDTH="871"
                    HEIGHT="68">
            <Shape><Polygon POINTS="494 1624 494 1636 580 1643 581 1643 582 1643 606 1636 609 1635 612 1636 636 1642 637 1642 639 1642 675 1635 684 1633 694 1635 739 1641 740 1641 741 1641 742 1641 754 1633 756 1633 769 1633 809 1640 811 1640 846 1633 859 1631 904 1633 996 1636 997 1636 999 1636 1009 1631 1018 1629 1363 1629 1364 1612 1363 1585 1337 1576 1335 1576 1248 1575 1247 1575 1246 1575 1245 1575 1237 1581 1200 1575 1200 1575 1198 1575 1197 1575 1180 1586 1074 1578 1073 1578 1072 1578 1052 1588 974 1588 962 1578 960 1578 959 1578 929 1578 927 1578 927 1578 925 1578 912 1590 875 1580 874 1580 872 1580 872 1580 841 1591 829 1581 827 1581 827 1581 794 1581 792 1581 791 1581 749 1592 697 1583 696 1583 695 1583 657 1593 631 1583 630 1583 629 1583 627 1583 599 1593 535 1588 534 1588 494 1596 494 1624"/></Shape>
            <String CONTENT="rationibus (quod hodie faciunt Monachi Papi¬"
                    HPOS="494"
                    VPOS="1575"
                    WIDTH="871"
                    HEIGHT="68"
                    WC="0.994226215915246"></String>
          </TextLine>
          <TextLine ID="eSc_line_3ae906b8"
                    TAGREFS="LT8"
                    BASELINE="492 1673 1363 1660" 
                    HPOS="491"
                    VPOS="1623"
                    WIDTH="872"
                    HEIGHT="68">
            <Shape><Polygon POINTS="492 1673 492 1686 630 1691 631 1691 691 1683 699 1683 702 1683 719 1690 720 1690 722 1690 802 1683 812 1683 814 1683 837 1688 839 1688 840 1688 841 1688 864 1683 869 1681 877 1683 925 1688 927 1688 973 1681 980 1680 982 1680 1000 1686 1001 1686 1002 1686 1363 1675 1363 1660 1360 1628 1328 1623 1327 1623 1325 1623 1324 1623 1317 1628 1312 1631 1273 1631 1268 1629 1262 1624 1260 1624 1260 1624 1258 1624 1257 1624 1255 1624 1250 1629 1246 1633 1187 1633 1182 1630 1174 1624 1173 1624 1172 1624 1118 1624 1117 1624 1062 1631 1047 1633 1035 1633 999 1626 997 1626 996 1626 995 1626 995 1628 987 1633 985 1636 944 1636 940 1633 927 1626 925 1626 924 1626 877 1635 869 1636 864 1635 840 1628 839 1628 837 1628 765 1636 746 1640 708 1640 707 1638 699 1631 699 1630 697 1630 696 1630 695 1630 622 1638 616 1633 614 1633 613 1633 612 1633 611 1633 596 1638 506 1633 504 1633 503 1633 502 1633 491 1638 492 1673"/></Shape>
            <String CONTENT="ſtici) ponebant: ſed tantùm docet Paulus, quàm"
                    HPOS="491"
                    VPOS="1623"
                    WIDTH="872"
                    HEIGHT="68"
                    WC="0.995548841853937"></String>
          </TextLine>
          <TextLine ID="eSc_line_19692270"
                    TAGREFS="LT8"
                    BASELINE="491 1718 1362 1710" 
                    HPOS="490"
                    VPOS="1673"
                    WIDTH="872"
                    HEIGHT="65">
            <Shape><Polygon POINTS="491 1718 491 1731 737 1738 739 1738 740 1738 741 1738 751 1730 752 1730 763 1736 764 1736 765 1738 862 1738 862 1736 863 1736 877 1730 884 1728 890 1730 906 1735 907 1735 908 1735 1100 1731 1100 1731 1107 1729 1114 1725 1178 1725 1185 1728 1194 1733 1195 1733 1196 1733 1219 1728 1239 1724 1360 1726 1362 1710 1355 1674 1347 1680 1332 1675 1328 1673 1327 1673 1325 1673 1324 1673 1323 1673 1320 1675 1310 1683 1246 1683 1239 1676 1237 1674 1235 1674 1234 1674 1150 1673 1150 1673 1148 1673 1128 1678 1105 1685 982 1686 942 1686 932 1681 914 1675 913 1675 863 1675 862 1675 860 1675 859 1675 850 1683 781 1676 780 1676 779 1676 754 1683 681 1678 680 1678 679 1678 677 1678 669 1686 654 1686 611 1688 596 1688 517 1679 516 1679 514 1679 490 1688 491 1718"/></Shape>
            <String CONTENT="debeamus ſedulò &amp; diligenter precari Deum: &amp;"
                    HPOS="490"
                    VPOS="1673"
                    WIDTH="872"
                    HEIGHT="65"
                    WC="0.987857005331251"></String>
          </TextLine>
          <TextLine ID="eSc_line_3b9f900c"
                    TAGREFS="LT8"
                    BASELINE="486 1770 1360 1760" 
                    HPOS="486"
                    VPOS="1721"
                    WIDTH="873"
                    HEIGHT="82">
            <Shape><Polygon POINTS="486 1770 486 1803 563 1803 563 1802 564 1802 566 1802 567 1801 586 1786 649 1798 662 1801 663 1801 664 1801 672 1798 685 1795 744 1796 806 1798 807 1798 809 1798 809 1798 814 1795 829 1786 840 1795 844 1797 845 1797 846 1797 847 1797 849 1797 856 1793 882 1783 917 1793 934 1797 935 1797 936 1797 963 1791 1001 1783 1023 1790 1041 1796 1042 1796 1044 1796 1045 1796 1063 1788 1085 1780 1108 1785 1109 1785 1170 1779 1196 1786 1198 1786 1200 1786 1200 1786 1210 1785 1252 1779 1273 1784 1287 1788 1289 1788 1290 1788 1291 1788 1292 1788 1297 1784 1307 1778 1357 1781 1360 1760 1357 1730 1289 1723 1287 1723 1287 1723 1275 1729 1263 1721 1262 1721 1260 1721 1260 1721 1165 1731 1163 1733 1141 1733 1095 1733 1069 1724 1068 1724 1067 1724 1030 1731 896 1726 895 1726 894 1726 892 1726 879 1735 835 1735 825 1735 791 1728 790 1728 789 1728 774 1736 772 1738 706 1738 681 1729 680 1729 679 1729 491 1738 486 1756"/></Shape>
            <String CONTENT="quàm ſolicitum de eo debeat eſſe non modo pa¬"
                    HPOS="486"
                    VPOS="1721"
                    WIDTH="873"
                    HEIGHT="82"
                    WC="0.983066578274188"></String>
          </TextLine>
        </TextBlock>
        <TextBlock HPOS="1210"
                   VPOS="1779"
                   WIDTH="148"
                   HEIGHT="49"
                   ID="block_1"
                   TAGREFS="BT17">
          <Shape><Polygon POINTS="1357 1779 1357 1829 1210 1829 1210 1779"/></Shape>
          <TextLine ID="eSc_line_69fa66e9"
                    TAGREFS="LT8"
                    BASELINE="1225 1808 1346 1811" 
                    HPOS="1224"
                    VPOS="1770"
                    WIDTH="121"
                    HEIGHT="70">
            <Shape><Polygon POINTS="1225 1808 1224 1833 1245 1838 1246 1838 1247 1838 1278 1833 1284 1831 1287 1833 1310 1840 1310 1840 1312 1840 1313 1840 1345 1831 1346 1811 1346 1780 1308 1771 1307 1771 1268 1778 1258 1770 1257 1770 1255 1770 1255 1770 1225 1776 1225 1808"/></Shape>
            <String CONTENT="ſtoris,"
                    HPOS="1224"
                    VPOS="1770"
                    WIDTH="121"
                    HEIGHT="70"
                    WC="0.959843848432813"></String>
          </TextLine>
        </TextBlock>
      </PrintSpace>
    </Page>
  </Layout>
</alto>
