<?xml version="1.0" encoding="UTF-8"?>
<alto xmlns:xsi="http://www.w3.org/2001/XMLSchema-instance"
      xmlns="http://www.loc.gov/standards/alto/ns-v4#"
      xsi:schemaLocation="http://www.loc.gov/standards/alto/ns-v4# http://www.loc.gov/standards/alto/v4/alto-4-2.xsd">
  <Description>
    <MeasurementUnit>pixel</MeasurementUnit>
    <sourceImageInformation>
      <fileName>2012943.png</fileName>
    </sourceImageInformation>
  </Description>
  <Tags>
    <OtherTag ID="BT10" LABEL="DropCapitalZone" DESCRIPTION="block type DropCapitalZone"/><OtherTag ID="BT11" LABEL="GraphicZone" DESCRIPTION="block type GraphicZone"/><OtherTag ID="BT12" LABEL="MainZone" DESCRIPTION="block type MainZone"/><OtherTag ID="BT13" LABEL="MarginTextZone" DESCRIPTION="block type MarginTextZone"/><OtherTag ID="BT15" LABEL="NumberingZone" DESCRIPTION="block type NumberingZone"/><OtherTag ID="BT17" LABEL="QuireMarksZone" DESCRIPTION="block type QuireMarksZone"/><OtherTag ID="BT18" LABEL="RunningTitleZone" DESCRIPTION="block type RunningTitleZone"/><OtherTag ID="BT22" LABEL="TitlePageZone" DESCRIPTION="block type TitlePageZone"/><OtherTag ID="BT3206" LABEL="MainZone-Head" DESCRIPTION="block type MainZone-Head"/><OtherTag ID="BT3207" LABEL="MainZone-P" DESCRIPTION="block type MainZone-P"/><OtherTag ID="BT3208" LABEL="MainZone-Continued" DESCRIPTION="block type MainZone-Continued"/><OtherTag ID="BT3209" LABEL="MarginTextZone-ManuscriptAddendum" DESCRIPTION="block type MarginTextZone-ManuscriptAddendum"/><OtherTag ID="BT3210" LABEL="MainZone-Entry" DESCRIPTION="block type MainZone-Entry"/>
    <OtherTag ID="LT7" LABEL="CustomLine" DESCRIPTION="line type CustomLine"/><OtherTag ID="LT8" LABEL="DefaultLine" DESCRIPTION="line type DefaultLine"/><OtherTag ID="LT9" LABEL="DropCapitalLine" DESCRIPTION="line type DropCapitalLine"/><OtherTag ID="LT10" LABEL="HeadingLine" DESCRIPTION="line type HeadingLine"/><OtherTag ID="LT62" LABEL="CustomLine : BiblicalText" DESCRIPTION="line type CustomLine : BiblicalText"/>
  </Tags>
  <Layout>
    <Page WIDTH="1482"
          HEIGHT="2195"
          PHYSICAL_IMG_NR="56"
          ID="eSc_dummypage_">
      <PrintSpace HPOS="0"
                  VPOS="0"
                  WIDTH="1482"
                  HEIGHT="2195">
        <TextBlock HPOS="336"
                   VPOS="134"
                   WIDTH="275"
                   HEIGHT="52"
                   ID="block_1"
                   TAGREFS="BT18">
          <Shape><Polygon POINTS="611 134 611 186 336 186 336 134"/></Shape>
          <TextLine ID="eSc_line_e1a48635"
                    TAGREFS="LT10"
                    BASELINE="337 173 604 173" 
                    HPOS="337"
                    VPOS="133"
                    WIDTH="267"
                    HEIGHT="56">
            <Shape><Polygon POINTS="581 140 569 140 557 139 549 144 454 144 432 135 429 134 428 134 426 134 426 134 421 135 401 143 389 134 387 133 386 133 385 133 344 133 337 134 337 173 337 184 604 189 604 173 604 144 594 143"/></Shape>
            <String CONTENT="CAPVT I."
                    HPOS="337"
                    VPOS="133"
                    WIDTH="267"
                    HEIGHT="56"
                    WC="0.998732902109623"></String>
          </TextLine>
        </TextBlock>
        <TextBlock HPOS="891"
                   VPOS="149"
                   WIDTH="55"
                   HEIGHT="48"
                   ID="block_0"
                   TAGREFS="BT15">
          <Shape><Polygon POINTS="946 149 946 197 891 197 891 149"/></Shape>
          <TextLine ID="eSc_line_0b7d23a7"
                    TAGREFS="LT8"
                    BASELINE="899 181 932 179" 
                    HPOS="894"
                    VPOS="149"
                    WIDTH="39"
                    HEIGHT="55">
            <Shape><Polygon POINTS="894 149 898 180 900 204 932 204 931 177 925 149 913 149"/></Shape>
            <String CONTENT="25"
                    HPOS="894"
                    VPOS="149"
                    WIDTH="39"
                    HEIGHT="55"
                    ></String>
          </TextLine>
        </TextBlock>
        <TextBlock HPOS="60"
                   VPOS="196"
                   WIDTH="888"
                   HEIGHT="783"
                   ID="block_2"
                   TAGREFS="BT3208">
          <Shape><Polygon POINTS="948 196 945 979 63 973 60 196"/></Shape>
          <TextLine ID="eSc_line_6ff38b00"
                    TAGREFS="LT8"
                    BASELINE="84 231 945 238" 
                    HPOS="83"
                    VPOS="188"
                    WIDTH="862"
                    HEIGHT="68">
            <Shape><Polygon POINTS="198 190 197 190 196 190 186 194 176 199 131 199 119 194 109 190 108 190 96 190 84 198 84 231 83 242 152 251 153 251 194 244 203 252 204 252 206 252 207 252 331 246 352 246 361 247 399 253 401 253 436 248 442 247 446 248 464 254 466 254 467 254 468 254 485 248 490 247 513 248 574 254 575 254 602 251 614 248 626 251 649 256 651 256 944 254 945 238 944 204 896 204 895 203 886 196 885 196 884 196 882 196 882 196 880 196 870 203 868 204 827 204 825 202 813 192 812 192 811 192 809 192 781 198 764 191 763 191 702 191 701 191 699 191 682 201 668 191 667 191 666 191 596 191 594 191 594 191 592 191 592 192 584 199 581 202 549 202 544 198 532 190 531 190 530 190 529 190 486 196 456 190 454 190 419 197 407 199 394 197 351 189 349 189 348 189 326 196 314 201 269 201 263 196 254 188 253 188 252 188 251 188 249 188 229 194 221 197 214 194 199 190 198 190"/></Shape>
            <String CONTENT="tionem, ſi modo nobis liceat bona Peripateti¬"
                    HPOS="83"
                    VPOS="188"
                    WIDTH="862"
                    HEIGHT="68"
                    WC="0.989907020992703"></String>
          </TextLine>
          <TextLine ID="eSc_line_08b62e65"
                    TAGREFS="LT8"
                    BASELINE="84 279 944 286" 
                    HPOS="83"
                    VPOS="241"
                    WIDTH="861"
                    HEIGHT="62">
            <Shape><Polygon POINTS="84 279 83 289 106 297 107 297 108 297 262 294 271 299 271 299 273 299 274 299 301 294 302 294 303 294 323 299 324 299 326 299 461 296 508 294 512 296 517 301 518 301 519 301 521 301 554 297 567 296 573 297 589 302 590 302 591 303 942 303 944 286 942 257 914 257 914 256 902 246 901 246 900 246 899 246 897 246 862 256 859 256 852 256 775 248 774 248 716 253 701 246 699 246 699 246 661 254 657 254 654 253 622 244 622 244 621 244 539 251 497 244 496 244 494 244 472 252 449 242 449 242 447 242 394 252 390 252 387 252 357 241 356 241 354 241 239 251 228 251 218 249 156 242 154 242 153 242 140 249 139 249 84 249 84 279"/></Shape>
            <String CONTENT="corum veniâ illam durationem tempus appella¬"
                    HPOS="83"
                    VPOS="241"
                    WIDTH="861"
                    HEIGHT="62"
                    WC="0.982428713639577"></String>
          </TextLine>
          <TextLine ID="eSc_line_97c14140"
                    TAGREFS="LT8"
                    BASELINE="83 326 945 335" 
                    HPOS="81"
                    VPOS="287"
                    WIDTH="863"
                    HEIGHT="66">
            <Shape><Polygon POINTS="83 326 81 339 134 347 135 347 202 342 208 347 208 348 209 348 211 348 212 348 266 344 452 351 453 352 554 352 554 351 556 351 557 351 566 344 614 352 616 352 649 346 713 352 714 352 791 347 806 353 807 353 809 353 944 347 945 335 944 303 837 303 834 302 824 294 822 294 822 294 820 294 749 301 745 301 742 301 699 292 637 292 636 292 635 292 609 299 606 301 601 299 575 291 574 291 573 291 479 298 462 299 458 298 436 289 435 289 434 289 373 291 371 291 371 291 362 297 361 298 356 297 308 289 307 289 230 297 221 297 218 296 207 287 206 287 204 287 203 287 202 287 178 296 176 296 83 296 83 326"/></Shape>
            <String CONTENT="re, vt docet Auguſtinus in lib. Confe.11. Eſt enim"
                    HPOS="81"
                    VPOS="287"
                    WIDTH="863"
                    HEIGHT="66"
                    WC="0.989431750774384"></String>
          </TextLine>
          <TextLine ID="eSc_line_d58f158c"
                    TAGREFS="LT8"
                    BASELINE="84 376 942 382" 
                    HPOS="83"
                    VPOS="337"
                    WIDTH="859"
                    HEIGHT="60">
            <Shape><Polygon POINTS="84 376 83 386 108 394 109 394 111 394 201 389 226 394 228 394 229 394 342 390 349 390 353 390 394 396 396 397 941 397 942 382 940 352 872 353 863 349 851 344 850 344 849 344 822 349 800 353 785 348 769 344 768 344 767 344 765 344 764 344 764 344 759 348 754 352 729 348 716 346 714 346 704 347 679 352 649 346 624 342 622 342 622 342 621 342 616 346 607 352 546 352 509 344 492 341 491 341 451 344 379 347 344 341 341 341 339 341 336 341 286 348 224 339 216 339 216 339 214 339 213 339 194 347 84 337 84 376"/></Shape>
            <String CONTENT="Deus ante omnem temporis non tantùm dura¬"
                    HPOS="83"
                    VPOS="337"
                    WIDTH="859"
                    HEIGHT="60"
                    WC="0.99698094243095"></String>
          </TextLine>
          <TextLine ID="eSc_line_a895b009"
                    TAGREFS="LT8"
                    BASELINE="83 421 944 429" 
                    HPOS="81"
                    VPOS="384"
                    WIDTH="863"
                    HEIGHT="63">
            <Shape><Polygon POINTS="83 421 81 434 93 441 95 441 96 441 301 437 326 437 334 437 374 444 376 444 458 440 494 439 501 441 512 444 513 444 514 444 641 444 769 441 941 447 944 429 944 399 907 390 906 390 904 390 812 399 802 399 799 399 770 390 769 390 768 390 720 396 691 389 690 389 689 389 687 389 661 397 657 397 654 397 619 387 618 387 617 387 616 387 614 387 606 394 534 387 532 387 499 394 480 386 479 386 477 386 476 386 459 394 459 396 399 396 394 394 344 385 342 385 341 385 318 394 294 385 294 385 292 385 291 385 264 391 211 384 209 384 208 384 188 392 116 384 114 384 113 384 83 391 83 421"/></Shape>
            <String CONTENT="tionem: ſed etiam cogitationem. lſtud tamen E¬"
                    HPOS="81"
                    VPOS="384"
                    WIDTH="863"
                    HEIGHT="63"
                    WC="0.986779719591141"></String>
          </TextLine>
          <TextLine ID="eSc_line_3d8b4f9d"
                    TAGREFS="LT8"
                    BASELINE="81 472 940 477" 
                    HPOS="81"
                    VPOS="432"
                    WIDTH="859"
                    HEIGHT="65">
            <Shape><Polygon POINTS="81 472 81 491 409 487 421 491 428 494 429 494 430 494 471 491 509 489 513 491 518 494 519 494 521 494 522 494 558 491 574 490 599 491 680 496 681 496 725 491 735 490 741 491 769 497 770 497 772 497 790 491 791 491 880 497 882 497 939 490 940 477 940 446 924 437 922 437 922 437 859 444 857 444 856 444 820 437 819 437 780 444 765 436 764 436 763 436 704 444 699 444 687 444 564 435 563 435 517 441 516 441 514 441 490 435 489 435 487 435 486 435 468 441 462 442 454 441 424 434 423 434 421 434 421 434 409 440 408 441 394 440 323 434 321 434 289 439 276 441 242 439 198 435 197 435 175 437 161 440 157 437 152 432 151 432 149 432 148 432 81 436 81 472"/></Shape>
            <String CONTENT="pitheton quidam de Chriſto propriè ſcribi pu¬"
                    HPOS="81"
                    VPOS="432"
                    WIDTH="859"
                    HEIGHT="65"
                    WC="0.979383804227995"></String>
          </TextLine>
          <TextLine ID="eSc_line_2ea64ac2"
                    TAGREFS="LT8"
                    BASELINE="81 519 945 526" 
                    HPOS="80"
                    VPOS="481"
                    WIDTH="864"
                    HEIGHT="63">
            <Shape><Polygon POINTS="80 535 184 537 185 537 186 537 194 536 209 531 308 536 406 540 407 540 449 536 471 534 487 536 527 541 529 541 530 541 531 541 537 536 539 535 654 535 657 536 674 542 675 542 676 544 789 544 789 542 790 542 791 542 801 536 856 544 857 544 934 544 934 544 935 544 936 544 944 536 945 526 944 494 811 487 809 487 809 487 807 487 800 492 796 494 699 494 686 491 658 486 657 486 656 486 646 491 642 494 547 494 521 491 437 484 436 484 435 484 411 490 404 491 399 490 371 482 369 482 368 482 279 489 264 490 262 489 247 482 246 482 244 482 244 482 221 489 213 481 212 481 211 481 209 481 81 487 81 519"/></Shape>
            <String CONTENT="tãt, quia Pater ſeculi nominatur Iſai.9. verſ. 6.ſed"
                    HPOS="80"
                    VPOS="481"
                    WIDTH="864"
                    HEIGHT="63"
                    WC="0.985692101829457"></String>
          </TextLine>
          <TextLine ID="eSc_line_7f57f504"
                    TAGREFS="LT8"
                    BASELINE="81 568 937 575" 
                    HPOS="81"
                    VPOS="527"
                    WIDTH="856"
                    HEIGHT="64">
            <Shape><Polygon POINTS="81 568 81 581 357 581 359 582 367 587 368 587 369 587 371 587 459 582 476 582 480 582 509 589 511 589 752 585 761 585 762 585 796 591 797 591 936 585 937 575 937 544 917 534 915 534 914 534 913 534 894 541 789 534 787 534 786 534 785 534 774 541 774 542 652 542 644 540 584 531 531 531 530 531 529 531 527 531 519 539 481 530 387 530 386 530 385 530 363 537 362 537 344 529 342 529 341 529 294 536 289 537 287 536 278 529 276 529 276 529 274 529 234 534 219 527 218 527 216 527 176 535 169 537 136 537 133 535 123 527 121 527 121 527 119 527 81 534 81 568"/></Shape>
            <String CONTENT="alius eſt illius loci ſenſus. Idcirco autem Deus. i."
                    HPOS="81"
                    VPOS="527"
                    WIDTH="856"
                    HEIGHT="64"
                    WC="0.985463277651713"></String>
          </TextLine>
          <TextLine ID="eSc_line_ec1574e1"
                    TAGREFS="LT8"
                    BASELINE="88 616 942 622" 
                    HPOS="86"
                    VPOS="575"
                    WIDTH="856"
                    HEIGHT="65">
            <Shape><Polygon POINTS="88 616 86 627 111 635 112 635 113 635 251 630 266 636 266 636 268 636 326 630 329 630 342 636 344 636 344 636 346 636 358 630 371 637 373 637 374 637 501 631 508 631 509 631 534 639 535 639 536 639 647 632 651 632 654 632 702 640 704 640 704 640 706 640 714 634 754 640 756 640 757 640 772 634 940 634 942 622 940 587 874 592 854 585 844 582 842 582 841 582 840 582 829 585 801 592 752 584 740 582 739 582 737 582 734 584 720 591 708 584 706 581 704 581 704 581 677 581 676 581 675 581 670 582 654 591 611 591 597 581 594 580 594 580 592 580 554 580 554 580 552 580 549 581 526 590 506 580 504 580 503 580 429 579 428 579 421 579 373 589 280 577 278 577 276 577 276 577 256 589 231 589 88 575 88 616"/></Shape>
            <String CONTENT="Trinitas ipſa appellatur Rex ſeculorum. vt"
                    HPOS="86"
                    VPOS="575"
                    WIDTH="856"
                    HEIGHT="65"
                    WC="0.998858656202044"></String>
          </TextLine>
          <TextLine ID="eSc_line_57c3362b"
                    TAGREFS="LT8"
                    BASELINE="80 663 939 669" 
                    HPOS="79"
                    VPOS="625"
                    WIDTH="860"
                    HEIGHT="62">
            <Shape><Polygon POINTS="80 663 79 674 139 682 140 682 239 676 262 684 263 684 264 684 353 677 409 684 411 684 777 681 809 687 811 687 937 681 939 669 936 632 832 639 785 631 784 631 782 631 768 639 742 630 741 630 740 630 739 630 737 630 736 630 727 639 692 639 661 630 659 630 658 630 657 630 656 630 645 639 597 639 544 629 542 629 541 629 534 629 357 635 336 627 335 627 334 627 291 635 274 627 273 627 162 626 161 626 121 634 80 625 80 663"/></Shape>
            <String CONTENT="immutabilis &amp; æternus Deus eſſe intelligatur,"
                    HPOS="79"
                    VPOS="625"
                    WIDTH="860"
                    HEIGHT="62"
                    WC="0.992850453323788"></String>
          </TextLine>
          <TextLine ID="eSc_line_9fe46b24"
                    TAGREFS="LT8"
                    BASELINE="81 713 940 719" 
                    HPOS="80"
                    VPOS="672"
                    WIDTH="859"
                    HEIGHT="64">
            <Shape><Polygon POINTS="81 713 80 729 937 736 940 719 936 677 902 687 877 677 877 677 875 677 874 677 872 677 856 689 787 689 770 679 768 676 767 676 765 676 764 676 736 679 642 687 629 679 624 676 622 676 622 676 621 676 619 676 611 680 597 685 589 680 584 676 582 676 581 676 580 676 579 676 577 676 574 680 566 686 557 680 551 675 549 675 549 675 435 675 434 675 432 675 431 675 424 681 418 686 334 686 326 681 321 677 319 677 318 677 317 677 279 681 259 684 256 682 241 672 239 672 239 672 211 672 209 672 208 672 207 672 191 682 180 676 179 676 178 676 176 676 159 682 157 684 154 682 139 675 138 675 136 675 135 675 121 682 118 684 81 684 81 713"/></Shape>
            <String CONTENT="qui nullum temporis principium habeat: Cui"
                    HPOS="80"
                    VPOS="672"
                    WIDTH="859"
                    HEIGHT="64"
                    WC="0.988264755124137"></String>
          </TextLine>
          <TextLine ID="eSc_line_e95fda4d"
                    TAGREFS="LT8"
                    BASELINE="78 759 939 764" 
                    HPOS="76"
                    VPOS="727"
                    WIDTH="863"
                    HEIGHT="56">
            <Shape><Polygon POINTS="78 759 76 772 121 780 123 780 162 774 173 772 175 774 183 780 184 780 185 780 186 780 366 777 479 774 491 777 507 782 508 782 509 782 531 777 544 775 571 777 604 782 606 782 607 782 608 782 614 779 622 775 936 781 939 764 937 732 78 727 78 759"/></Shape>
            <String CONTENT="ſubſequens eſt, vt ſit immortalis. Hoc enim ſigni¬"
                    HPOS="76"
                    VPOS="727"
                    WIDTH="863"
                    HEIGHT="56"
                    WC="0.981647228002548"></String>
          </TextLine>
          <TextLine ID="eSc_line_b6c5675a"
                    TAGREFS="LT8"
                    BASELINE="78 807 941 815" 
                    HPOS="76"
                    VPOS="770"
                    WIDTH="865"
                    HEIGHT="64">
            <Shape><Polygon POINTS="78 807 76 818 97 827 98 827 348 829 349 829 394 822 449 830 451 830 452 830 453 830 463 824 666 824 672 831 674 831 675 831 676 831 712 827 720 832 722 832 722 832 724 832 812 827 835 834 836 834 837 834 940 827 941 815 940 789 854 789 849 786 813 777 812 777 811 777 809 777 780 784 717 777 716 777 714 777 713 777 706 784 704 785 597 785 590 781 573 774 572 774 571 774 569 774 544 781 531 784 521 780 508 777 507 777 506 777 485 780 459 784 417 784 407 777 394 772 394 772 392 772 319 777 234 781 221 775 219 772 218 772 216 772 216 772 214 772 213 772 211 775 199 781 149 781 136 772 130 770 129 770 128 770 78 772 78 807"/></Shape>
            <String CONTENT="ficat ἄφθαρτος. Nec enim ad mores incorruptos"
                    HPOS="76"
                    VPOS="770"
                    WIDTH="865"
                    HEIGHT="64"
                    ></String>
          </TextLine>
          <TextLine ID="eSc_line_76915405"
                    TAGREFS="LT8"
                    BASELINE="79 857 942 862" 
                    HPOS="79"
                    VPOS="822"
                    WIDTH="863"
                    HEIGHT="60">
            <Shape><Polygon POINTS="942 862 942 832 870 827 869 827 868 827 857 831 850 834 842 831 831 827 830 827 829 827 827 827 819 830 811 835 731 835 718 829 706 825 704 825 627 825 626 825 625 825 614 827 597 832 556 827 537 825 536 825 535 825 529 827 511 832 449 827 437 825 436 825 428 825 376 831 366 825 364 825 363 825 362 825 359 825 296 831 257 824 249 822 248 822 229 822 98 830 80 822 79 857 79 875 509 872 544 874 599 879 599 879 649 874 664 872 677 874 727 880 729 882 922 882 922 880 922 880 941 872 942 862"/></Shape>
            <String CONTENT="pertinet hæc vox, vt nonnunquam accipitur, ſed"
                    HPOS="79"
                    VPOS="822"
                    WIDTH="863"
                    HEIGHT="60"
                    ></String>
          </TextLine>
          <TextLine ID="eSc_line_f85c16c4"
                    TAGREFS="LT8"
                    BASELINE="78 904 936 912" 
                    HPOS="76"
                    VPOS="867"
                    WIDTH="860"
                    HEIGHT="66">
            <Shape><Polygon POINTS="78 904 76 917 251 927 252 927 301 927 301 927 302 927 316 919 317 919 527 920 527 922 547 929 549 929 691 932 692 932 751 925 859 932 860 932 862 932 882 925 900 932 901 932 902 932 904 932 935 924 936 912 935 877 844 874 842 874 841 874 840 874 836 877 827 882 791 877 768 872 767 872 765 872 752 877 737 880 732 877 729 872 727 872 727 872 725 872 704 877 687 879 676 877 662 872 661 872 659 872 658 872 649 877 640 882 586 882 579 875 577 874 576 874 575 874 574 874 561 875 539 879 534 875 529 872 529 870 527 870 526 870 423 869 421 869 421 869 419 869 413 875 408 879 352 879 341 875 324 869 323 869 321 869 321 869 319 869 311 874 306 877 201 877 178 874 147 870 146 870 126 874 118 875 116 874 108 868 108 867 107 867 106 867 104 867 103 867 78 872 78 904"/></Shape>
            <String CONTENT="finem temporis excludit, que madmodum æter¬"
                    HPOS="76"
                    VPOS="867"
                    WIDTH="860"
                    HEIGHT="66"
                    WC="0.979683820591416"></String>
          </TextLine>
          <TextLine ID="eSc_line_c4e552e8"
                    TAGREFS="LT8"
                    BASELINE="76 954 932 955" 
                    HPOS="75"
                    VPOS="918"
                    WIDTH="857"
                    HEIGHT="57">
            <Shape><Polygon POINTS="76 954 75 963 111 973 112 973 113 973 263 967 309 973 311 973 312 973 342 964 428 973 429 973 547 964 695 972 696 972 697 972 717 964 765 970 767 970 825 964 850 974 851 974 852 974 932 963 932 955 932 934 757 934 747 932 708 922 707 922 706 922 685 930 677 934 616 934 609 930 606 927 604 927 604 927 602 927 581 929 563 932 507 930 506 929 494 918 492 918 491 918 406 918 404 918 403 918 382 927 380 927 371 927 299 918 298 918 297 918 281 925 271 930 258 925 236 918 235 918 234 918 203 925 199 925 192 925 138 918 136 918 76 922 76 954"/></Shape>
            <String CONTENT="nitas principium ὑπάρξεως."
                    HPOS="75"
                    VPOS="918"
                    WIDTH="857"
                    HEIGHT="57"
                    ></String>
          </TextLine>
        </TextBlock>
        <TextBlock HPOS="60"
                   VPOS="974"
                   WIDTH="883"
                   HEIGHT="676"
                   ID="eSc_textblock_dba71814"
                   TAGREFS="BT3207">
          <Shape><Polygon POINTS="68 974 60 1650 943 1650 943 983"/></Shape>
          <TextLine ID="eSc_line_107c7089"
                    TAGREFS="LT8"
                    BASELINE="113 1001 941 1009" 
                    HPOS="113"
                    VPOS="959"
                    WIDTH="828"
                    HEIGHT="68">
            <Shape><Polygon POINTS="113 1001 113 1017 585 1017 625 1023 626 1023 711 1019 727 1025 731 1027 732 1027 734 1027 741 1025 768 1019 784 1027 785 1027 786 1027 787 1027 789 1027 791 1027 812 1020 939 1027 941 1009 941 977 851 977 850 977 824 965 822 965 822 965 820 965 799 975 769 965 768 965 699 964 630 964 629 964 627 964 626 964 613 974 612 975 597 975 596 974 586 964 586 963 585 963 584 963 582 963 519 970 482 967 481 967 480 967 479 967 472 973 471 973 458 973 379 967 378 967 354 972 352 972 351 972 336 965 335 965 334 965 289 970 289 970 276 960 274 960 273 960 271 960 164 969 162 969 138 959 136 959 135 959 134 959 113 968 113 1001"/></Shape>
            <String CONTENT="Inuiſibilem) vocat iuxta illud Chriſti, Deum"
                    HPOS="113"
                    VPOS="959"
                    WIDTH="828"
                    HEIGHT="68"
                    ></String>
          </TextLine>
          <TextLine ID="eSc_line_49abc2ff"
                    TAGREFS="LT8"
                    BASELINE="75 1052 344 1050 937 1057" 
                    HPOS="75"
                    VPOS="1010"
                    WIDTH="862"
                    HEIGHT="66">
            <Shape><Polygon POINTS="75 1052 75 1068 234 1063 357 1070 376 1072 376 1072 391 1072 487 1065 509 1072 511 1072 512 1072 616 1067 720 1074 727 1074 729 1074 731 1074 769 1068 794 1075 796 1075 797 1075 799 1077 936 1077 937 1057 937 1027 656 1014 654 1014 549 1023 539 1023 535 1023 499 1013 499 1013 497 1013 399 1022 390 1022 333 1022 331 1020 316 1012 314 1012 313 1012 312 1012 291 1020 281 1012 280 1012 279 1012 278 1012 238 1017 226 1010 224 1010 223 1010 221 1010 201 1019 75 1019 75 1052"/></Shape>
            <String CONTENT="nemo vidit vnquam Ioan. 1.verſ.18.id eſt, huma¬"
                    HPOS="75"
                    VPOS="1010"
                    WIDTH="862"
                    HEIGHT="66"
                    WC="0.96775787941953"></String>
          </TextLine>
          <TextLine ID="eSc_line_66225efa"
                    TAGREFS="LT8"
                    BASELINE="75 1097 941 1105" 
                    HPOS="74"
                    VPOS="1059"
                    WIDTH="868"
                    HEIGHT="62">
            <Shape><Polygon POINTS="75 1097 74 1107 93 1115 95 1115 96 1115 161 1109 211 1117 212 1117 307 1110 321 1110 334 1112 404 1118 406 1118 480 1114 499 1113 514 1114 574 1120 575 1122 940 1122 941 1105 941 1077 877 1077 874 1075 863 1067 862 1067 860 1067 859 1067 859 1067 834 1074 829 1075 812 1074 761 1068 759 1068 727 1073 720 1073 717 1072 695 1064 694 1064 692 1064 614 1070 581 1073 575 1069 567 1063 566 1063 564 1063 563 1063 562 1063 540 1069 529 1073 449 1073 444 1068 437 1063 437 1062 436 1062 435 1062 434 1062 403 1067 389 1069 378 1067 363 1062 362 1062 361 1062 359 1062 349 1065 339 1070 319 1065 302 1062 301 1062 299 1062 289 1064 281 1068 278 1064 274 1060 273 1060 271 1060 271 1060 234 1064 214 1065 194 1063 166 1059 164 1059 163 1059 162 1059 158 1063 151 1068 75 1062 75 1097"/></Shape>
            <String CONTENT="no viſu Deus conſpici non poteſt, vt explicat"
                    HPOS="74"
                    VPOS="1059"
                    WIDTH="868"
                    HEIGHT="62"
                    WC="0.992441503206889"></String>
          </TextLine>
          <TextLine ID="eSc_line_0d9d7611"
                    TAGREFS="LT8"
                    BASELINE="76 1144 939 1153" 
                    HPOS="75"
                    VPOS="1105"
                    WIDTH="863"
                    HEIGHT="65">
            <Shape><Polygon POINTS="76 1144 75 1159 936 1170 939 1153 936 1113 831 1122 744 1113 732 1112 731 1112 722 1113 670 1119 634 1113 614 1109 613 1109 612 1109 606 1113 597 1117 587 1113 582 1110 581 1110 580 1110 542 1113 509 1114 506 1113 501 1108 499 1108 499 1108 441 1108 440 1108 439 1108 437 1108 432 1113 428 1117 414 1113 399 1108 399 1108 397 1108 396 1108 378 1113 366 1115 356 1113 339 1107 339 1107 337 1107 301 1113 287 1114 269 1113 207 1105 206 1105 173 1113 168 1114 112 1114 111 1113 102 1105 101 1105 99 1105 98 1105 97 1105 76 1112 76 1144"/></Shape>
            <String CONTENT="Auguſtinus lib. I.de Trinitate cap.6. Beati quidẽ"
                    HPOS="75"
                    VPOS="1105"
                    WIDTH="863"
                    HEIGHT="65"
                    WC="0.979495393037796"></String>
          </TextLine>
          <TextLine ID="eSc_line_2715c351"
                    TAGREFS="LT8"
                    BASELINE="75 1193 929 1202" 
                    HPOS="74"
                    VPOS="1153"
                    WIDTH="855"
                    HEIGHT="61">
            <Shape><Polygon POINTS="75 1193 74 1205 101 1212 102 1212 103 1212 185 1207 194 1213 196 1213 197 1213 198 1213 254 1208 318 1214 319 1214 927 1213 929 1202 927 1173 884 1162 882 1162 836 1170 825 1172 756 1172 751 1168 736 1160 735 1160 734 1160 732 1160 731 1160 722 1168 716 1170 664 1170 657 1167 642 1159 641 1159 640 1159 542 1163 463 1167 452 1162 442 1157 441 1157 389 1157 387 1157 386 1157 381 1159 371 1165 349 1159 342 1157 341 1157 339 1157 317 1158 268 1162 257 1157 253 1155 252 1155 251 1155 244 1157 202 1165 75 1153 75 1193"/></Shape>
            <String CONTENT="Deum vident &amp; videbunt, ſed alia ratione &amp; vi¬"
                    HPOS="74"
                    VPOS="1153"
                    WIDTH="855"
                    HEIGHT="61"
                    WC="0.997726801944816"></String>
          </TextLine>
          <TextLine ID="eSc_line_a17848ec"
                    TAGREFS="LT8"
                    BASELINE="74 1242 934 1250" 
                    HPOS="73"
                    VPOS="1203"
                    WIDTH="861"
                    HEIGHT="61">
            <Shape><Polygon POINTS="74 1242 73 1255 216 1263 218 1264 932 1264 934 1250 932 1210 874 1215 829 1208 827 1208 825 1208 822 1208 792 1215 758 1208 754 1207 752 1207 751 1207 749 1207 735 1214 699 1208 699 1208 663 1214 626 1207 619 1205 618 1205 601 1207 506 1213 473 1205 467 1205 466 1205 452 1205 390 1212 334 1205 329 1205 328 1205 314 1205 159 1210 74 1203 74 1242"/></Shape>
            <String CONTENT="ſione, quàm hæc noſtra eſt. Hoc de ſolo Patre"
                    HPOS="73"
                    VPOS="1203"
                    WIDTH="861"
                    HEIGHT="61"
                    WC="0.990116968103077"></String>
          </TextLine>
          <TextLine ID="eSc_line_ac61ac67"
                    TAGREFS="LT8"
                    BASELINE="75 1291 934 1298" 
                    HPOS="74"
                    VPOS="1252"
                    WIDTH="860"
                    HEIGHT="65">
            <Shape><Polygon POINTS="75 1291 74 1302 91 1310 93 1310 93 1312 203 1312 203 1310 204 1310 218 1305 289 1312 289 1312 484 1308 503 1314 504 1314 506 1314 539 1308 649 1315 649 1315 790 1310 831 1317 832 1317 932 1310 934 1298 932 1258 895 1258 894 1258 892 1258 877 1267 840 1262 839 1262 837 1262 836 1262 827 1269 804 1269 784 1258 781 1257 780 1257 779 1257 777 1257 774 1258 746 1267 609 1267 597 1258 594 1255 592 1255 591 1255 532 1255 531 1255 530 1255 523 1258 511 1264 499 1260 489 1255 487 1255 486 1255 462 1260 431 1264 363 1260 285 1253 284 1253 214 1260 212 1260 211 1260 180 1253 179 1253 178 1253 176 1253 168 1260 121 1252 121 1252 119 1252 118 1252 106 1260 102 1262 75 1260 75 1291"/></Shape>
            <String CONTENT="quidam dici putant, quia Filius per carnem aſ¬"
                    HPOS="74"
                    VPOS="1252"
                    WIDTH="860"
                    HEIGHT="65"
                    WC="0.981417789407398"></String>
          </TextLine>
          <TextLine ID="eSc_line_ca86baaf"
                    TAGREFS="LT8"
                    BASELINE="73 1337 932 1346" 
                    HPOS="71"
                    VPOS="1300"
                    WIDTH="861"
                    HEIGHT="66">
            <Shape><Polygon POINTS="71 1348 213 1360 214 1360 317 1352 344 1360 344 1360 413 1360 414 1360 416 1360 441 1353 492 1362 494 1362 552 1355 618 1363 619 1363 621 1363 622 1363 631 1355 685 1355 897 1365 899 1365 900 1365 932 1357 932 1346 932 1317 891 1307 890 1307 889 1307 872 1315 872 1317 813 1317 809 1314 804 1310 804 1310 802 1310 801 1310 782 1313 777 1314 777 1313 765 1305 764 1305 763 1305 762 1305 711 1312 687 1314 667 1310 629 1305 627 1305 581 1310 564 1310 556 1308 536 1303 535 1303 534 1303 532 1303 524 1308 516 1313 487 1313 477 1307 469 1303 468 1303 467 1303 466 1303 456 1307 442 1312 431 1305 423 1302 421 1302 347 1302 346 1302 344 1302 337 1305 318 1310 296 1303 287 1301 286 1301 285 1301 266 1303 219 1310 174 1301 169 1301 168 1301 162 1301 103 1307 74 1300 73 1337 71 1348"/></Shape>
            <String CONTENT="ſumptam factus eſt nobis conſpicuus Deus, quẽ¬"
                    HPOS="71"
                    VPOS="1300"
                    WIDTH="861"
                    HEIGHT="66"
                    WC="0.984103139410628"></String>
          </TextLine>
          <TextLine ID="eSc_line_3456952c"
                    TAGREFS="LT8"
                    BASELINE="73 1385 935 1395" 
                    HPOS="71"
                    VPOS="1347"
                    WIDTH="863"
                    HEIGHT="61">
            <Shape><Polygon POINTS="73 1385 71 1402 932 1408 935 1395 935 1364 900 1355 899 1355 772 1362 746 1363 741 1362 716 1353 714 1353 713 1353 712 1353 684 1362 681 1362 677 1360 656 1353 654 1353 654 1353 652 1353 627 1360 624 1362 619 1360 599 1355 599 1355 597 1355 561 1360 554 1360 549 1360 502 1351 501 1351 428 1358 417 1360 414 1358 392 1350 391 1350 302 1350 301 1350 299 1350 284 1357 254 1348 253 1348 252 1348 251 1348 234 1355 194 1348 194 1348 146 1355 144 1355 143 1355 111 1347 109 1347 108 1347 107 1347 106 1347 96 1355 95 1355 73 1355 73 1385"/></Shape>
            <String CONTENT="admodum etiam loquitur Paulus infra 3. verſ.16."
                    HPOS="71"
                    VPOS="1347"
                    WIDTH="863"
                    HEIGHT="61"
                    WC="0.997169667101921"></String>
          </TextLine>
          <TextLine ID="eSc_line_d6b641eb"
                    TAGREFS="LT8"
                    BASELINE="74 1433 937 1441" 
                    HPOS="73"
                    VPOS="1396"
                    WIDTH="864"
                    HEIGHT="66">
            <Shape><Polygon POINTS="74 1433 73 1448 244 1455 244 1455 316 1450 344 1448 361 1450 408 1457 409 1457 476 1451 490 1450 492 1451 503 1458 504 1458 506 1458 507 1458 634 1451 649 1451 680 1451 717 1452 724 1460 725 1460 727 1460 727 1460 780 1460 780 1460 781 1460 782 1460 794 1452 806 1460 807 1460 809 1460 809 1462 915 1462 915 1460 917 1460 936 1452 937 1441 937 1412 908 1402 907 1402 906 1402 862 1410 851 1403 850 1403 849 1403 847 1403 846 1403 820 1412 819 1412 794 1402 792 1402 791 1402 790 1402 789 1402 777 1412 757 1412 745 1401 744 1401 742 1401 741 1401 666 1410 661 1410 658 1410 626 1400 625 1400 624 1400 516 1410 508 1410 507 1410 490 1398 489 1398 487 1398 441 1398 440 1398 439 1398 437 1398 424 1408 407 1398 406 1398 404 1398 403 1398 371 1408 371 1408 359 1398 359 1397 358 1397 357 1397 356 1397 130 1405 124 1405 96 1396 95 1396 93 1396 93 1396 74 1405 74 1433"/></Shape>
            <String CONTENT="At nec in Chriſto ipſa deitas fuit conſpecta, imò"
                    HPOS="73"
                    VPOS="1396"
                    WIDTH="864"
                    HEIGHT="66"
                    WC="0.973302707672119"></String>
          </TextLine>
          <TextLine ID="eSc_line_a9993faa"
                    TAGREFS="LT8"
                    BASELINE="73 1483 942 1491" 
                    HPOS="71"
                    VPOS="1443"
                    WIDTH="871"
                    HEIGHT="66">
            <Shape><Polygon POINTS="73 1483 71 1493 96 1502 97 1502 98 1502 168 1496 171 1496 185 1502 186 1502 188 1502 323 1498 347 1498 351 1500 366 1505 367 1505 368 1505 416 1501 428 1500 444 1501 494 1506 494 1506 534 1502 571 1500 940 1510 942 1491 941 1460 877 1451 877 1451 875 1451 874 1451 864 1458 859 1460 735 1460 727 1457 699 1448 697 1448 696 1448 695 1448 676 1457 675 1458 674 1457 664 1448 663 1448 662 1448 573 1447 572 1447 571 1447 547 1456 544 1457 540 1456 513 1447 512 1447 511 1447 509 1447 485 1456 481 1457 480 1456 469 1447 468 1447 467 1447 466 1447 464 1447 436 1456 434 1456 431 1456 408 1446 407 1446 406 1446 349 1455 341 1456 336 1455 304 1445 303 1445 302 1445 226 1453 218 1455 216 1453 199 1443 198 1443 197 1443 196 1443 194 1443 175 1453 174 1453 123 1443 121 1443 73 1452 73 1483"/></Shape>
            <String CONTENT="velo carnis fuit obducta &amp; obtecta. Præterea di¬"
                    HPOS="71"
                    VPOS="1443"
                    WIDTH="871"
                    HEIGHT="66"
                    WC="0.988942614446084"></String>
          </TextLine>
          <TextLine ID="eSc_line_42c34a45"
                    TAGREFS="LT8"
                    BASELINE="71 1530 939 1538" 
                    HPOS="69"
                    VPOS="1491"
                    WIDTH="870"
                    HEIGHT="69">
            <Shape><Polygon POINTS="71 1530 69 1548 779 1550 781 1551 814 1560 815 1560 817 1560 937 1551 939 1538 939 1508 892 1498 891 1498 890 1498 872 1507 870 1507 830 1507 829 1506 817 1497 815 1497 814 1497 813 1497 757 1505 754 1505 701 1505 699 1503 690 1496 689 1496 687 1496 686 1496 542 1501 467 1503 456 1500 440 1493 439 1493 437 1493 391 1498 356 1502 349 1497 346 1495 346 1493 344 1493 344 1493 342 1493 323 1497 303 1501 292 1497 284 1493 283 1493 281 1493 266 1496 246 1500 235 1496 226 1492 224 1492 223 1492 221 1492 211 1495 194 1500 163 1495 141 1491 140 1491 139 1491 131 1493 116 1500 107 1493 106 1492 104 1492 103 1492 102 1492 71 1492 71 1530"/></Shape>
            <String CONTENT="cit Chriſtus ipſe, qui me videt, videt &amp; Patrem"
                    HPOS="69"
                    VPOS="1491"
                    WIDTH="870"
                    HEIGHT="69"
                    WC="0.984068838839835"></String>
          </TextLine>
          <TextLine ID="eSc_line_f3aa31ff"
                    TAGREFS="LT8"
                    BASELINE="71 1578 939 1586" 
                    HPOS="69"
                    VPOS="1540"
                    WIDTH="870"
                    HEIGHT="70">
            <Shape><Polygon POINTS="71 1578 69 1591 151 1592 171 1602 171 1602 173 1602 174 1602 208 1593 221 1603 221 1603 223 1603 224 1603 226 1603 252 1595 413 1595 441 1603 442 1603 444 1603 444 1603 464 1596 466 1596 503 1606 504 1606 506 1606 507 1606 540 1597 572 1606 573 1606 574 1606 575 1606 607 1598 649 1607 651 1607 777 1606 777 1606 791 1600 815 1608 817 1608 818 1610 925 1610 925 1608 927 1608 927 1608 937 1601 939 1586 937 1547 895 1547 894 1547 892 1547 891 1547 879 1555 844 1547 842 1547 841 1547 809 1556 646 1545 645 1545 644 1545 614 1555 589 1555 580 1546 579 1546 577 1546 576 1546 575 1546 574 1546 561 1555 506 1555 477 1543 476 1543 476 1543 431 1552 424 1546 423 1546 421 1546 347 1542 346 1542 344 1542 316 1551 216 1551 71 1540 71 1578"/></Shape>
            <String CONTENT="Ioa. 1a v.9 vt ad Filium quoque hic locus referri"
                    HPOS="69"
                    VPOS="1540"
                    WIDTH="870"
                    HEIGHT="70"
                    WC="0.991703490821683"></String>
          </TextLine>
          <TextLine ID="eSc_line_c74508be"
                    TAGREFS="LT8"
                    BASELINE="71 1631 576 1633" 
                    HPOS="67"
                    VPOS="1588"
                    WIDTH="508"
                    HEIGHT="64">
            <Shape><Polygon POINTS="69 1629 67 1642 572 1651 576 1631 576 1600 552 1588 550 1588 549 1588 547 1588 512 1598 433 1588 431 1588 430 1588 393 1598 360 1589 358 1589 357 1589 354 1589 326 1598 311 1588 309 1588 307 1588 305 1588 303 1588 274 1598 272 1600 148 1600 146 1598 137 1589 137 1588 135 1588 133 1588 131 1588 69 1597 69 1629"/></Shape>
            <String CONTENT="debeat, quatenus Deus eſt."
                    HPOS="67"
                    VPOS="1588"
                    WIDTH="508"
                    HEIGHT="64"
                    WC="0.991026821044775"></String>
          </TextLine>
        </TextBlock>
        <TextBlock HPOS="57"
                   VPOS="1656"
                   WIDTH="917"
                   HEIGHT="146"
                   ID="eSc_textblock_9d6a8e04"
                   TAGREFS="BT3207">
          <Shape><Polygon POINTS="57 1656 57 1802 973 1802 973 1665"/></Shape>
          <TextLine ID="eSc_line_49dc183b"
                    TAGREFS="LT8"
                    BASELINE="99 1675 939 1683" 
                    HPOS="98"
                    VPOS="1636"
                    WIDTH="840"
                    HEIGHT="64">
            <Shape><Polygon POINTS="99 1675 98 1691 936 1700 939 1683 939 1655 869 1655 867 1653 854 1646 852 1646 851 1646 850 1646 832 1653 830 1653 829 1653 802 1642 801 1642 714 1642 713 1642 712 1642 711 1642 699 1652 699 1652 672 1641 672 1641 634 1641 632 1641 631 1641 630 1641 630 1642 621 1651 619 1651 611 1651 467 1640 466 1640 464 1640 441 1648 413 1641 412 1641 411 1641 347 1648 339 1648 336 1648 299 1638 298 1638 297 1638 254 1647 251 1647 213 1647 198 1638 197 1638 196 1638 194 1638 157 1643 146 1636 144 1636 144 1636 143 1636 99 1645 99 1675"/></Shape>
            <String CONTENT="Sapientem) vocat non eo modo, quo nos ho¬"
                    HPOS="98"
                    VPOS="1636"
                    WIDTH="840"
                    HEIGHT="64"
                    WC="0.986238556664164"></String>
          </TextLine>
          <TextLine ID="eSc_line_d7b64bcf"
                    TAGREFS="LT8"
                    BASELINE="66 1724 930 1731" 
                    HPOS="66"
                    VPOS="1686"
                    WIDTH="864"
                    HEIGHT="66">
            <Shape><Polygon POINTS="66 1724 66 1741 196 1738 216 1742 246 1747 247 1747 273 1742 286 1740 298 1742 318 1747 319 1747 321 1747 321 1747 331 1742 336 1740 341 1742 352 1748 353 1748 354 1748 451 1742 467 1742 472 1742 499 1750 499 1750 501 1750 604 1743 625 1742 627 1743 641 1751 642 1751 644 1751 739 1745 786 1752 787 1752 929 1743 930 1731 927 1693 786 1701 751 1693 744 1692 742 1692 732 1693 697 1700 689 1693 687 1692 686 1692 685 1692 599 1690 599 1690 580 1693 562 1698 547 1693 537 1691 536 1691 535 1691 534 1691 526 1693 517 1698 476 1695 421 1688 421 1688 419 1688 418 1688 412 1695 407 1698 351 1698 346 1695 337 1688 336 1688 335 1688 334 1688 333 1688 308 1695 303 1696 302 1695 294 1688 294 1688 294 1688 292 1688 291 1688 289 1688 266 1693 190 1686 189 1686 138 1695 112 1686 111 1686 109 1686 108 1686 107 1686 93 1695 93 1696 66 1696 66 1724"/></Shape>
            <String CONTENT="mines ſæpe ſapientes dicimur, ſed incomprehen¬"
                    HPOS="66"
                    VPOS="1686"
                    WIDTH="864"
                    HEIGHT="66"
                    WC="0.972986730544463"></String>
          </TextLine>
          <TextLine ID="eSc_line_f50a29d9"
                    TAGREFS="LT8"
                    BASELINE="64 1773 951 1784" 
                    HPOS="63"
                    VPOS="1731"
                    WIDTH="888"
                    HEIGHT="85">
            <Shape><Polygon POINTS="64 1773 63 1793 144 1795 146 1796 163 1808 164 1808 166 1808 166 1808 229 1802 244 1808 246 1808 247 1808 248 1808 266 1800 269 1798 304 1801 317 1801 326 1810 326 1810 328 1810 329 1810 380 1802 394 1801 403 1803 419 1808 421 1808 421 1808 452 1805 480 1801 512 1806 527 1808 529 1808 530 1808 536 1807 557 1801 582 1808 585 1808 586 1808 587 1808 591 1808 626 1802 637 1810 642 1813 644 1813 645 1813 646 1813 662 1810 689 1803 707 1811 708 1811 709 1811 711 1811 735 1805 749 1812 752 1813 754 1813 754 1813 756 1813 758 1812 770 1806 819 1814 831 1815 949 1816 951 1784 951 1748 939 1741 937 1741 936 1741 847 1740 846 1740 845 1740 829 1747 822 1752 756 1752 747 1746 741 1741 740 1741 739 1741 737 1741 716 1746 709 1747 707 1746 699 1740 699 1738 699 1738 697 1738 696 1738 573 1743 459 1747 447 1741 446 1741 444 1741 441 1741 394 1746 382 1740 380 1738 379 1738 378 1738 376 1738 376 1738 369 1740 363 1742 357 1740 344 1733 344 1733 342 1733 341 1733 326 1738 307 1746 279 1746 271 1738 268 1736 268 1735 266 1735 266 1735 264 1735 239 1738 186 1743 171 1736 162 1731 161 1731 159 1731 158 1731 143 1736 123 1741 114 1735 111 1733 109 1733 108 1733 107 1733 64 1733 64 1773"/></Shape>
            <String CONTENT="ſibili prorſus ſapientia, qua ſolus ſapiens eſt &amp;"
                    HPOS="63"
                    VPOS="1731"
                    WIDTH="888"
                    HEIGHT="85"
                    WC="0.972907346122119"></String>
          </TextLine>
        </TextBlock>
      </PrintSpace>
    </Page>
  </Layout>
</alto>
