1482 2195
432 153 257 61 CAPVT I.

945 148 36 75 29

116 202 871 75 ſeribunt cano. Qui Epiſcopus ordinandus diſt.25.

118 257 869 66 tamen cùm munus Epiſcopi deſcribunt & defi¬

116 304 869 67 niunt eo modo illi loquuntur, vt nihil planè cum

114 353 868 65 hoc Pauli loco cõueniat in cano. Perlectis diſt.25

116 401 865 67 Ad Epiſcopum pertinet Baſilicarum conſecrati o

124 451 859 57 Vnctio altaris, conſecratio Chriſmatis: ipſe præ¬

118 494 856 65 dicta officia & ordines Eccleſiaſticos diſtribuit:

116 546 869 66 ipſe ſacras virgines benedicit, &c. Quæ mera

114 594 866 62 ſunt tam ſanctæ dignitatis ludibria, nimirum tam

114 641 868 72 procul à vero Epiſcopatus ſine in Papatu receſ¬

109 686 153 68 lum eſt.

164 736 813 65 Commendat autem Paulus hanc ſuam, quan¬

114 786 865 66 quam breuem paſtoralis muneris deſcriptionem

113 834 868 67 duplici argumento, Generali, & Speciali, quo di¬

112 882 868 61 ligentiùs & à nobis omnibus, & à Timotheo ex¬

111 932 867 65 cipiatur & obſeruetur diligentiùs. Generalis qui¬

111 977 866 67 dem ratio eſt quæ à genere ſumpta eſt, dum Præ¬

113 1029 864 65 ceptum appellat, ergo non negligendum impu¬

111 1075 864 69 nè, & Depoſitũ. Specialis ratio commendationis

111 1124 864 62 ſpectat Timotheũ, & tũ à ſuo in eum amore, tum

112 1173 863 64 ab ipſius officio ducitur, qui Prophetias de ſe hà

112 1217 863 67 beat plures Præcedentes, vt certus ſit de Dei au¬

107 1268 865 70 xilio, & ſua vocatione, Quod ad Prophetias, qui¬

108 1318 866 66 dam, vt Chriſoſtomus, eas accipit de ordinaria

111 1365 857 66 via & electione, quam obſeruatam eſſe vult in

112 1414 856 66 Timothei electione: alij de extraordinaria acci¬

109 1465 858 61 piunt, qualis illa, quæ clara Dei voce facta eſt

108 1510 859 62 Actor. 13. Tale de Timotheo extitiſſe Dei te¬

107 1557 859 71 ſtimonium volunt. Actor. 16 verſ. 2. Ego extraor¬

107 1608 710 63 dinariam electionem accipio hoc loco.

154 1653 811 72 Vt milites per eas) Explicat Paulus qui modus

104 1701 863 67 ſit Euangelici miniſterij fideliter exequendi, ni¬

108 1751 859 84 nimirum, durum ſæpe certamen ſubeundum eſſe

732 1816 79 71 C. ij
