1482 2195
539 136 67 66 62

692 136 566 58 AD I. PAVL. AD TIM.

530 189 863 63 mnibus penè diei horis preces publicæ fieri de¬

535 239 860 62 cernerentur, diluculo, deinde tertia diei, id eſt, à

527 287 868 65 luce ſolis exorta ſupra horizontem hora, pòſt

527 336 863 62 ſexta, præterea nona. Denique ſub veſperti¬

527 384 863 61 num diei tempus, Vnde illæ horæ inter Papiſtas

530 435 866 61 dictæ ſunt Canonicæ nempe 1.3.6.9. de quibus

530 481 863 60 etiam meminit Clemens Stromat.lib.7. Sedu¬

529 526 867 63 lius, Caſſianus, Beda & alij. Atque hæc tota res

531 579 861 60 magnam ſecum fuperſtitionem primùm traxit,

529 625 863 61 & verum finem orationis, atque vim extinxit: at¬

531 674 864 61 que in opinionem meriti, & ſatisfactionis cõuer¬

531 722 862 53 tit. Denique Euchitarum errorem in Eccleſiam

530 765 863 60 induxit, qui nihil, niſi precari, id eſt, demurmura¬

530 818 863 61 re certa verba ſolebant, & in eo prorã & puppim

529 863 866 62 ſalutis collocabant, vti diximus. Hæc nos omnia

530 912 863 63 breuiter hîc complecti voluimus, vt tanquam lo¬

529 960 867 59 cus communis haberetur. Sequitur iam vt de de¬

529 1007 864 63 coro, quod nõ tantùm in precibus, ſed in congreſ¬

529 1055 868 66 ſionibus publicis & Eccleſiaſticis ſeruandum ſit

535 1105 860 66 videamus, quod ſequentibus verſiculis explica¬

536 1157 80 60 tur.

594 1197 798 68 9 Itidem & mulieres amictu honesto,

529 1260 871 68 cum verecundia & modeſtia ornare ſeſe, non,

529 1319 866 71 cincinnis, vel auro, vel margaritis, vel pre¬

535 1374 267 73 tioſo veſtitu.

575 1441 826 65 Μεριςμὸς eſt, ſupra enim de viris egit, nunc autẽ

532 1493 868 61 de fœminis Chriſtianis, quales eas in Eccleſia

532 1542 868 53 Dei eſſe & conuenire oporteat, vt ad ritè orandũ

531 1590 869 61 ſint comparatæ. Quo fit, vt hîc de Chriſtianarũ

532 1636 868 62 mulierum officio & decoro duplici ratione & re¬

532 1683 868 66 ſpectu Paulus agat. Nimirum quatenus ſunt ſpe¬

536 1733 868 72 ctandæ tum In ſeſe, tum in totius Eccleſiæ cœtu.

1296 1781 112 75 Ac in
