1482 2195
517 164 48 59 30

658 136 554 71 AD I. PAVL. AD TIM.

508 183 869 89 ſed in eo debere Timotheum ſuſtentari bona ſpe

509 239 865 75 quæ Dei promiſſionibus generalibus, & præce¬

511 292 862 75 dẽtibus illis Prophetijs incumbat. Miniſterij ve¬

512 334 863 75 rò Euangelici curſum cõparat militari certami¬

513 386 863 75 ni, nec hîc modò, ſed in 2 Timoth. 2.verſ.3 4.v.

519 434 853 75 7. vti & Deus ipſe ſe comparat duci. Exod.15.V.5.

514 479 863 77 vt intelligatur qualis ſit Miniſtrorum conditio,

511 529 866 75 nimirum dura & certaminum aduerſus hæreſes

514 576 879 80 & vitia hominum plena. Neque verò hoc facit,

518 626 862 78 vt Epiſcopi militaribus ſe negotijs immiſceant.

519 672 865 76 Iure enim damnantur, qui arma tractant, Epiſco¬

519 722 868 78 pi. Nam nemo militans Deo, ſe implicare debet

521 770 862 77 illis negotijs 2 Timoth.2. verſ.4 Hoc enim genus

522 817 861 77 militiæ eſt ſpirituale, non carnale, & arma Epi¬

522 865 855 81 ſcoporum ſunt ſpiritualia:nempe, preces, lachry¬

523 913 862 79 mæ, verbum Dei:non autem carnalia, qualis eſt

526 972 445 70 gladius bombarda, &c.

542 1055 845 87 19. Retinens fidem & bonam conſcien¬

526 1113 864 95 tiam: qua repulſa, nonnulli fidei naufragium

530 1196 207 74 fecerunt.

579 1253 813 83 Continuatio eſt: ſi militudine enim docet quã¬

526 1312 862 74 tum ſit erroris huius, qui in miniſterio Euangeli¬

526 1362 867 68 co committitur, imprimis autẽ in bonæ conſcien¬

530 1407 865 71 tiæ deſertione periculum. Eſt enim fidei naufra¬

531 1462 867 71 gium. In quo& magnitudo periculi, quia fit iactu¬

531 1507 868 71 ra fidei: & terror oſtenditur atque metus, quia

531 1553 869 75 naufragium appellatur. Eſt igitur bona cõſcientia

532 1603 868 70 velut arca fidei & ſanæ doctrinæ, ac intelligentiæ

532 1647 870 78 theſaurus: tanquam illius cynoſura, à qua qui de¬

532 1698 875 73 flectunt, ſe & nauem, id eſt, intelligentiam illam

531 1743 877 99 ſanam perdũt, iuſto Dei iudicio in eos graſſante

1275 1795 133 73 perciti
