1482 2195
732 171 345 57 EPISTOLA.

487 229 843 70 temus, quantum ea nos ad ſe rapiunt, quę

487 279 845 77 cõmoda, |propriáque ratione|, & diſpoſi¬

486 335 850 76 tione diſtinguũtur. Hoc in Regno, hoc in

490 391 847 77 Rep. hoc in oppidis, hoc in pagis, hoc in

490 447 847 77 priuatorũ ædibus, hoc in hortis, & cultis

490 503 845 74 ſedibus, hoc in ſolitudine, hoc in rebus

494 562 841 73 que natura gignũtur, hoc in artificijs quę

490 614 849 73 hominũ induſtria efficiũtur, verũeſſe ipſa

490 672 849 76 rerum experientia, & publica mortalium

491 730 849 71 omnium, non tantum piorum, ſed etiam

494 780 845 79 profanorum hominũ vox teſtatur: deni¬

494 839 842 76 que Mundus ipſe, pulcherrimũ Dei opus,

492 895 845 77 ab ordine κόσμος nominatur. Quò magis

492 952 849 73 deteſtanda eſt eorum ſentẽtia, qui rerum

492 1004 853 78 confuſione non tantum apud ſe delectã¬

494 1065 851 74 tur: ſed omnia publica priuatáque euerte¬

494 1115 852 83 re, & perturbationem (iuſto ordine ſubla¬

492 1185 854 65 to) in res omnes inducere conantur, quos

492 1229 855 76 homines ἀτακτους & Ἀναρχικους, tanquã mõ¬

494 1287 854 76 ſtra, & generis humani ἀλάςτορας, iam pri¬

496 1341 852 81 dem veteres appellarũt. Cæterũ ſi qua in

497 1400 853 73 re alia ordinis obſeruatio diligens non

496 1450 854 77 tãtũ vtilis, ſed etiã omninò neceſſaria eſt,

496 1510 856 71 maximè in Eccleſia Dei locum habere ex

497 1563 859 80 Pauli Apoſtoli præcepto debet. Eſt enim

499 1620 854 77 Eccleſia domus Dei, id eſt ſummi illius

499 1675 854 84 regum Regis, in qua idcirco omnia circũ¬

497 1731 854 95 ſpectè, aptè, decenter, &, vt Paulus ipſe lo¬

1250 1788 96 78 qui¬
