1482 2195
809 128 311 51 EPISTOLA.

522 180 855 63 municati dicuntur, cum eadem Eccleſia¬

519 241 851 63 reconciliationẽ. Cùm igitur de hoc quæ¬

521 294 851 64 rimus, vtrũ omniũ horũ capitũ ſingula ſic

522 348 854 65 præcepta tradita ſint, vt his nihil addi

523 404 850 69 poſſit, reſpondeo, in quaque re quædam

519 459 853 70 eſſe οὐσιώδη, quædam verò συμβεβηκότα.

518 519 851 63 Sunt οὐσιώδη id eſt eſſentialia, quæ rei ip¬

516 576 859 62 ſius vel tota natura ſunt, aut illius pars: ve

516 631 862 68 Iuti in hoc ipſo argumento, Si quis neget

516 689 857 65 in paſtorum aut eligendorum vocatione

514 742 859 60 Iegitima eorum vitam & doctrinam exa¬

512 795 854 71 minandam, vel approbationem à populo

513 854 859 68 expectandam eſſe, ille ea negat, quæ ſunt

512 909 861 63 Electionis legitimæ οὐσιώδη. Si quis item

513 960 861 70 hoc examen non ab Eccleſia, non à pluri

513 1023 861 66 bus, ſed ab vno quopiam ſolo fieri & me¬

513 1079 854 65 ro vnius arbitratu ſtare debere doceat, is

511 1132 863 61 οὐσιώδη electionis tollit. Sed ſi quis hoc vel

512 1190 859 66 illo loco, hoc vel illo tẽpore, hoc vel illo

511 1246 857 64 modo examẽ à plurib. fieri debere diſpu¬

513 1303 857 66 tet, is περί συμβεβηκότων tantũ diſputat, ve¬

513 1360 859 57 luti, exẽpli gratia vetus electio & examen

516 1414 857 65 paſtorũ olim à tribus vicinioribus epiſco¬

517 1473 855 65 pis ſeu paſtoribus cõuocatis cũ presbyte¬

513 1525 862 66 rio & Eccleſia (cui dãdus erat Paſtor) fie¬

512 1581 861 64 bat: itẽ in metropolitana tantũ vrbe, certo

516 1638 859 70 tẽpore, nẽpe ieiunii publici tempore. De¬

518 1695 852 81 nique manuũ eleuatione (quæ χειροτονία

1256 1765 106 53 dice.
