1482 2195
535 121 77 68 66

532 166 858 80 pſo corpore noſtro velut cincinni, vel Circa cor¬

532 221 859 75 pus, qualis eſt veſtitus: cultus noſter nimius quem

532 266 858 72 damnat, ſiue ille ſit nimius ratione Materie, velu¬

534 313 859 74 ti quia ſumptuoſior, vel Additæ exquiſitæque

532 366 860 64 lautit iæ, venuſtatis, aut operæ manus. Ad primum

536 411 857 71 pertinet ἰματισμὸς πολυτελής. Palliola enim illa fe¬

537 461 856 69 re eſle ſolebant ſumptuoſiſſima, magnique pre¬

537 509 858 72 tij, vt ex diſputatione Hieronym. aduerſ. Iouinia.

536 554 859 75 intelligitur, purpurea ſcilicet. Ad ſecundum mẽ¬

536 606 861 74 brum, & ad exquiſitas lautitias veſtitus pertinent

536 656 859 71 ornamenta margaritarum, auri, & phrygionicæ

539 702 859 70 operæ quæ adduntur. Irẽ torques, armillæ, annu¬

541 747 857 72 li, &c. huiuſmodi de quibus Tertullianus lib. de

539 794 859 74 Habitu mulierum: & Cyprianus quoque. Et pul¬

540 845 859 75 chra eſt veráque illa Plauti ſententia in Moſtell.

541 902 248 65 ſcen.3.Act.1.

689 106 556 77 AD I. PAVL. AD TIM.

587 935 813 75 Poſtea nequaquam exornata eſt benè, ſi mo¬

541 996 253 64 rata eſt malé.

589 1034 813 76 Pulchrum ornatum turpes mores peius cœno

544 1097 192 62 collinunt.

592 1128 813 78 Sed tamen, nequa hîc ſuperſtitio naſcatur, auri

546 1182 859 71 vſum prorſus non damnat Paulus, quemadmodũ

546 1230 859 68 nec margaritarum: vti nec Petrus Palliorum. ſed

547 1282 858 66 tantum nimiam in iis laſciuiam, arrogantiam,

549 1327 856 69 ſumptum, faſtum, immodoſtiæque plenam cultus

549 1374 857 71 muliebris rationem & Chriſtianis indecoram.

549 1424 859 68 Quanquam enim longè potius animi in muliere

549 1469 859 69 diſſoluti aut ſuperbi ratio habenda eſt, quàm ex¬

549 1520 859 67 terni ornatus: tamen nec externus iſte cultus, qui

549 1565 863 73 impudicitiam aut proteruiam redolet, maléque

551 1618 861 65 modeſtæ mulieri & probæ conuenit, tolerandus

552 1662 860 71 eſt. Ac de ea ipſa re ſunt leges ſumptuariæ à Ma¬

557 1710 858 84 giſtratibus Chriſtianis ferendæ. Quæ luxu etiam

1310 1763 111 73 vetus
