1482 2195
376 141 266 63 CAPVT I.

927 147 35 54 19

111 189 862 78 tantùm benedictum, ſed beatum. Definit deni¬

113 246 859 68 que illud Euangelium eſſe eam doctrinam, quæ

112 294 858 76 ab ipſo & collegis prædicatur Chriſti mandato.

113 344 859 68 Itaque videri poteſt argumentum ab enumera¬

114 390 861 74 tione partium ſcripturæ ſumptum. Habet enim

116 440 857 75 Legem & Euangelium, cui vtrique hæ quæſtio¬

114 490 861 72 nes inutiles repugnant. Opponit igitur Euange¬

114 535 863 74 lium Dei iſti Matæologiæ, quam & à Lege & ab

114 585 865 72 Euangelio damnari docet. Quo ipſo demonſtrat

118 634 862 70 Paulus conſentire inter ſe vtranque doctrinam

121 681 861 72 contra Manichæos. Sanam quoque doctrinam

116 727 868 73 hãc vocat, quia æd’ficat ad pietatẽ. Denique Deũ

118 777 866 67 illius authorem μακάριον dicit & quòd in ſe felix

116 820 867 72 ſit & beatus, & quòd aliis felicitatẽ donet & affe¬

118 869 867 72 rat. Benedictum alibi vocat eadẽ ſcriprura Deũ

119 919 865 73 id eſt dignum omni laude & inuocatione. Paulus

119 969 861 72 autem appellat hoc idem Euangeliũ 2 Timot 2.

121 1015 861 76 verſ. 8.ſuum Euangelium, id eſt, quod ipſi credi¬

123 1070 626 67 tum erat, non cuius ipſe ſit author.

175 1157 811 80 12 Gratiam igitur ei habeo, qui me ro¬

121 1219 863 84 bustum effecit, id eſt, Christo Ieſu Domino

123 1285 867 80 noſtro, quod me fidelem duxerit, vt qui me

125 1345 526 66 in miniſterio constituerit.

125 1396 866 74 E’'κβασις ſiue digreſſio ex iniecta mentione ſui mi¬

125 1448 867 71 niſterii & Apoſtolatus, quem tuetur & commẽ¬

126 1498 868 70 dat hoc loco. Cur autem excurrat Paulus duplex

126 1545 865 75 ratio eſt. Prima, vt hæc ſit hypophora contra ca¬

129 1595 870 67 lumnias, quas inuidi homines illi obiiciebant

133 1643 863 72 propter ſuperiorem vitam. Quomodo enim vi¬

133 1693 866 69 deri poteſt Euangelij præco, qui tam atrociter il¬

134 1738 866 82 lud antea fuit inſectatus. Captatas autem fuiſſe

734 1786 108 72 b.iiij.
