1482 2195
81 196 632 70 quenti verſiculo ſubiicit, & explicat.

137 298 788 75 7 Cuius conſtitutus ſum ego præco &

79 359 858 66 Apostolus (veritatem dico per Chriſtum,

76 416 861 68 non mentior) doctor, inquam, Gentium

79 471 416 64 cum fide ac veritate.

124 537 818 66 Α’πτιολoyια eſt & conſirmatio proximè ſupe¬

74 596 865 55 rioris ſententiæ ab effectu vel à cõſequente, Deũ

75 640 863 59 n.id decreuiſſe dubitari nõ poteſt, cùm executus

75 691 863 62 ſit, & propterea Paulũ miſerit, qui per Euangelij

79 740 861 54 prædicationem quoſuis vocaret ad agnitionem

74 787 868 60 veritatis. Itaque ſuum apoſtolatum, qui à Deo e¬

75 834 867 58 rat, pro iuſta huius teſtimonij & voluntatis Deĩ

76 880 863 61 de vocandis Gentibus probatione affert Paulus.

81 927 859 57 Vocat autem ſe Κήρυκα, id eſt, Præconem & Aʹπό¬

79 974 861 65 στολον, quæ duo ita inter ſe videntur differre, quòd

75 1025 859 54 illud eſt generalius: hoc ſpecialius. Plures enim

78 1073 859 62 ſunt verbi Dei κήρυκες & præcones, quàm Apo¬

76 1119 863 63 ſtoli: tum deinde, quod κήρυξ dicitur Paulus ratio¬

76 1170 861 61 ne executionis ipſius miniſterij, & prædicationis

78 1217 862 60 verbi Dei: Α’πόςτολος autem ratione vocationis &

80 1267 859 61 gradus, in quem à Deo collocatus & aſſumptus

75 1314 863 61 erat. Hoc autem ipſum poſtea definit cùm ait δι¬

76 1363 863 62 δάσκαλος ἐθνῶν. Quæ & ſuperiorem noſtram ſen¬

78 1408 861 62 tentiam & interpretationem confir mant, & finẽ

78 1458 857 65 miniſterij Apoſtolici, imprimis autem Paulini,

80 1508 198 52 oſtendunt.

124 1553 815 65 Obſtat quod Romanor.1. ſe Iudæorum quo¬

80 1602 857 66 que debitorem appellat. Reſp. Gentium præſer¬

78 1651 859 66 tim cauſa deſignatus erat Apoſtolus Actor.13, &

78 1697 857 69 Galat.1.verſ.16.2.verſ.8. quanquam Iudæis Euan¬

79 1750 695 75 gelium quoque pro re nata annuntiauit.

397 146 273 60 CAPVT II.
