<?xml version='1.0' encoding='UTF-8'?>
<alto xmlns:xsi="http://www.w3.org/2001/XMLSchema-instance" xmlns="http://www.loc.gov/standards/alto/ns-v4#" xsi:schemaLocation="http://www.loc.gov/standards/alto/ns-v4# http://www.loc.gov/standards/alto/v4/alto-4-2.xsd">
  <Description>
    <MeasurementUnit>pixel</MeasurementUnit>
    <sourceImageInformation>
      <fileName>2013136.jpeg</fileName>
    </sourceImageInformation>
  </Description>
  <Tags>
    <OtherTag ID="BT7" LABEL="CustomZone" DESCRIPTION="block type CustomZone"/><OtherTag ID="BT8" LABEL="DamageZone" DESCRIPTION="block type DamageZone"/><OtherTag ID="BT9" LABEL="DigitizationArtefactZone" DESCRIPTION="block type DigitizationArtefactZone"/><OtherTag ID="BT10" LABEL="DropCapitalZone" DESCRIPTION="block type DropCapitalZone"/><OtherTag ID="BT11" LABEL="GraphicZone" DESCRIPTION="block type GraphicZone"/><OtherTag ID="BT12" LABEL="MainZone" DESCRIPTION="block type MainZone"/><OtherTag ID="BT13" LABEL="MarginTextZone" DESCRIPTION="block type MarginTextZone"/><OtherTag ID="BT14" LABEL="MusicZone" DESCRIPTION="block type MusicZone"/><OtherTag ID="BT15" LABEL="NumberingZone" DESCRIPTION="block type NumberingZone"/><OtherTag ID="BT17" LABEL="QuireMarksZone" DESCRIPTION="block type QuireMarksZone"/><OtherTag ID="BT18" LABEL="RunningTitleZone" DESCRIPTION="block type RunningTitleZone"/><OtherTag ID="BT19" LABEL="SealZone" DESCRIPTION="block type SealZone"/><OtherTag ID="BT20" LABEL="StampZone" DESCRIPTION="block type StampZone"/><OtherTag ID="BT21" LABEL="TableZone" DESCRIPTION="block type TableZone"/><OtherTag ID="BT22" LABEL="TitlePageZone" DESCRIPTION="block type TitlePageZone"/><OtherTag ID="BT3407" LABEL="MainZone-Continued" DESCRIPTION="block type MainZone-Continued"/><OtherTag ID="BT3408" LABEL="MainZone-P" DESCRIPTION="block type MainZone-P"/><OtherTag ID="BT3409" LABEL="MainZone-Head" DESCRIPTION="block type MainZone-Head"/><OtherTag ID="BT3410" LABEL="MainZone-Other" DESCRIPTION="block type MainZone-Other"/><OtherTag ID="BT3411" LABEL="MainZone-Sp" DESCRIPTION="block type MainZone-Sp"/><OtherTag ID="BT3417" LABEL="MainZone-Sp-Continued" DESCRIPTION="block type MainZone-Sp-Continued"/><OtherTag ID="BT3418" LABEL="GraphicZone-Decoration" DESCRIPTION="block type GraphicZone-Decoration"/><OtherTag ID="BT3419" LABEL="MainZone-Entry" DESCRIPTION="block type MainZone-Entry"/><OtherTag ID="BT3420" LABEL="MainZone-Lg" DESCRIPTION="block type MainZone-Lg"/><OtherTag ID="BT3421" LABEL="MainZone-Entry-Continued" DESCRIPTION="block type MainZone-Entry-Continued"/><OtherTag ID="BT3422" LABEL="MarginTextZone-ManuscriptAddendum" DESCRIPTION="block type MarginTextZone-ManuscriptAddendum"/><OtherTag ID="BT3423" LABEL="MainZone-List" DESCRIPTION="block type MainZone-List"/>
    <OtherTag ID="LT7" LABEL="CustomLine" DESCRIPTION="line type CustomLine"/><OtherTag ID="LT8" LABEL="DefaultLine" DESCRIPTION="line type DefaultLine"/><OtherTag ID="LT9" LABEL="DropCapitalLine" DESCRIPTION="line type DropCapitalLine"/><OtherTag ID="LT10" LABEL="HeadingLine" DESCRIPTION="line type HeadingLine"/><OtherTag ID="LT11" LABEL="InterlinearLine" DESCRIPTION="line type InterlinearLine"/><OtherTag ID="LT12" LABEL="MusicLine" DESCRIPTION="line type MusicLine"/>
  </Tags>
  <Layout>
    <Page WIDTH="1500" HEIGHT="2172" PHYSICAL_IMG_NR="132" ID="eSc_dummypage_">
      <PrintSpace HPOS="0" VPOS="0" WIDTH="1500" HEIGHT="2172">
        <TextBlock HPOS="717" VPOS="126" WIDTH="564" HEIGHT="54" ID="block_1" TAGREFS="BT18">
          <Shape><Polygon POINTS="717 126 1281 126 1281 180 717 180 717 126"/></Shape>
          <TextLine ID="line_1" TAGREFS="LT8" BASELINE="718 172 1282 160" HPOS="717" VPOS="129" WIDTH="566" HEIGHT="62">
            <Shape><Polygon POINTS="1152 153 1140 153 1128 153 1116 153 1104 153 1092 153 1080 153 1066 153 1054 153 1042 153 1030 153 1018 153 1006 153 994 153 982 153 970 153 958 153 946 153 934 153 922 153 910 153 898 153 886 153 874 153 862 153 850 153 838 153 831 153 826 153 814 153 801 153 789 153 777 153 765 153 758 153 754 156 746 153 741 153 729 153 724 153 717 156 718 172 718 190 831 178 858 184 870 188 870 188 872 188 873 188 876 184 888 178 904 184 909 184 910 184 912 184 1112 183 1113 183 1126 176 1131 172 1148 174 1174 178 1176 178 1178 178 1190 172 1194 172 1202 172 1233 178 1234 178 1281 170 1282 160 1278 129 1168 129 1167 129 1166 129 1160 135 1152 140 1152 153"/></Shape>
            <String CONTENT="AD I. PAVL. AD TIM." HPOS="717" VPOS="129" WIDTH="566" HEIGHT="62" WC="0.9854271443266618"/>
          </TextLine>
        </TextBlock>
        <TextBlock HPOS="559" VPOS="145" WIDTH="75" HEIGHT="50" ID="block_2" TAGREFS="BT15">
          <Shape><Polygon POINTS="559 145 635 145 635 195 559 195 559 145"/></Shape>
          <TextLine ID="line_2" TAGREFS="LT8" BASELINE="561 176 660 174" HPOS="560" VPOS="153" WIDTH="100" HEIGHT="46">
            <Shape><Polygon POINTS="620 153 608 153 596 153 584 153 572 153 567 153 560 156 561 176 561 198 620 200 621 200 622 200 660 186 660 174 658 158 624 153 620 153"/></Shape>
            <String CONTENT="336" HPOS="560" VPOS="153" WIDTH="100" HEIGHT="46" WC="0.9999866882960001"/>
          </TextLine>
        </TextBlock>
        <TextBlock HPOS="561" VPOS="191" WIDTH="878" HEIGHT="1019" ID="block_3" TAGREFS="BT3407">
          <Shape><Polygon POINTS="561 191 1440 191 1440 1209 561 1209 561 191"/></Shape>
          <TextLine ID="line_3" TAGREFS="LT8" BASELINE="560 234 1416 214" HPOS="556" VPOS="172" WIDTH="860" HEIGHT="81">
            <Shape><Polygon POINTS="560 234 560 254 608 254 608 252 609 252 610 252 628 244 819 246 956 246 957 246 1130 234 1185 232 1188 234 1197 240 1197 240 1198 240 1200 240 1266 231 1269 231 1286 238 1287 238 1288 238 1322 231 1356 237 1358 237 1358 237 1359 237 1372 228 1398 236 1400 236 1401 236 1401 236 1402 236 1416 228 1416 214 1412 172 1382 183 1335 183 1228 176 1215 176 1214 176 1212 176 1209 177 1185 186 1150 178 1144 177 1143 177 1142 177 1138 178 1116 188 1082 180 1080 180 1080 180 1060 190 1012 190 932 190 918 183 914 182 914 182 912 182 910 182 909 182 906 184 896 192 858 184 844 183 843 183 786 184 784 184 783 184 780 186 765 196 740 196 728 188 728 186 726 186 724 186 723 186 702 189 615 198 556 192 560 234"/></Shape>
            <String CONTENT="pi, &amp; curionis, in cuius parœcia iſta agit. Ex quo" HPOS="556" VPOS="172" WIDTH="860" HEIGHT="81" WC="0.9911805927753449"/>
          </TextLine>
          <TextLine ID="line_4" TAGREFS="LT8" BASELINE="560 282 1419 264" HPOS="558" VPOS="228" WIDTH="861" HEIGHT="70">
            <Shape><Polygon POINTS="560 282 560 298 698 291 723 296 740 296 741 296 742 296 744 296 746 294 753 290 765 294 771 296 772 296 774 296 795 292 830 288 838 291 844 294 846 294 848 294 920 292 921 292 934 290 944 285 950 288 957 291 958 291 960 291 962 291 975 288 982 285 994 286 1020 290 1022 290 1046 285 1056 284 1064 285 1076 290 1077 290 1078 290 1122 284 1134 282 1140 284 1160 288 1161 288 1162 288 1224 280 1234 279 1246 279 1330 284 1332 284 1377 278 1401 284 1401 284 1402 284 1404 284 1419 274 1419 264 1416 232 1365 228 1364 228 1364 228 1362 228 1354 234 1348 238 1342 234 1336 228 1335 228 1334 228 1332 228 1244 230 1242 230 1240 230 1232 236 1222 240 1116 238 1068 238 1066 238 1041 240 990 246 972 242 939 236 938 236 938 236 936 236 926 243 921 246 906 244 868 237 867 237 866 237 848 246 840 248 826 246 792 240 790 240 704 240 704 240 686 249 681 252 648 252 642 250 622 242 621 242 620 242 618 242 598 252 592 252 558 252 560 282"/></Shape>
            <String CONTENT="poſtea factum eſt, vt in maximas Eccleſiæ" HPOS="558" VPOS="228" WIDTH="861" HEIGHT="70" WC="0.9921818390125181"/>
          </TextLine>
          <TextLine ID="line_5" TAGREFS="LT8" BASELINE="560 332 1420 314" HPOS="558" VPOS="273" WIDTH="862" HEIGHT="75">
            <Shape><Polygon POINTS="560 332 560 348 1420 327 1420 314 1419 284 1372 273 1371 273 1250 286 1248 288 1236 288 1137 288 1104 279 1102 279 1101 279 1100 279 1084 288 1020 280 1018 280 1018 280 1017 280 1017 282 1005 291 969 282 969 282 968 282 966 282 948 291 928 285 927 285 926 285 886 294 885 294 826 285 825 285 824 285 784 296 756 286 754 286 753 286 753 286 724 297 723 298 696 298 693 298 678 288 678 288 676 288 675 288 628 290 627 290 626 290 616 296 585 290 584 290 582 290 558 300 560 332"/></Shape>
            <String CONTENT="Papiſticæ dignitates, veluti Epiſcopatus, Archie¬" HPOS="558" VPOS="273" WIDTH="862" HEIGHT="75" WC="0.9974226331224247"/>
          </TextLine>
          <TextLine ID="line_6" TAGREFS="LT8" BASELINE="561 378 1422 362" HPOS="560" VPOS="326" WIDTH="862" HEIGHT="72">
            <Shape><Polygon POINTS="561 378 561 398 597 390 612 396 615 398 616 398 616 398 648 394 753 387 768 392 774 394 776 394 777 394 790 392 818 386 830 390 837 393 838 393 838 393 914 388 950 386 958 387 988 390 990 390 1034 384 1044 382 1053 382 1089 388 1090 388 1092 388 1110 382 1118 380 1130 382 1161 387 1162 387 1164 387 1178 380 1180 378 1191 380 1220 384 1221 384 1221 384 1233 378 1234 378 1238 378 1276 382 1278 382 1280 382 1298 376 1300 375 1302 375 1314 382 1314 382 1316 382 1422 372 1422 362 1419 334 1359 327 1358 327 1358 327 1334 334 1323 326 1322 326 1320 326 1298 326 1296 326 1296 326 1262 338 1208 338 1178 327 1176 327 1174 327 1173 327 1172 327 1161 338 1146 328 1144 328 1143 328 1142 328 1118 339 1106 332 1104 332 1104 332 1102 332 1101 332 1100 332 1086 339 1042 332 1042 332 1041 332 1040 332 1024 340 992 332 990 332 988 332 987 332 987 332 972 342 938 333 936 333 934 333 933 333 921 339 807 334 806 334 804 334 778 346 742 348 616 350 604 339 604 339 603 339 579 339 579 339 578 339 576 339 560 350 561 378"/></Shape>
            <String CONTENT="piſcopatus, Papatum denique ipſum, iſti cra¬" HPOS="560" VPOS="326" WIDTH="862" HEIGHT="72" WC="0.9900344461202621"/>
          </TextLine>
          <TextLine ID="line_7" TAGREFS="LT8" BASELINE="561 426 1422 408" HPOS="561" VPOS="374" WIDTH="861" HEIGHT="68">
            <Shape><Polygon POINTS="561 426 561 440 902 441 903 441 904 441 921 436 938 432 1012 435 1074 438 1076 438 1092 435 1114 430 1125 434 1131 436 1132 436 1134 436 1152 434 1200 426 1209 432 1209 434 1210 434 1212 434 1214 434 1220 432 1254 424 1298 430 1299 430 1300 430 1302 430 1308 424 1419 430 1422 408 1419 382 1347 382 1326 374 1326 374 1324 374 1248 375 1246 375 1246 375 1234 384 1234 386 1158 386 1156 386 1142 376 1140 376 1138 376 1137 376 1136 376 1136 378 1130 386 1113 386 1074 388 992 388 987 388 963 381 962 381 962 381 960 381 938 388 934 388 932 388 906 382 904 382 903 382 819 388 714 387 712 387 711 387 688 393 672 396 561 394 561 426"/></Shape>
            <String CONTENT="brones &amp; locuſtæ inuolarent, &amp; iam ipſius Papi¬" HPOS="561" VPOS="374" WIDTH="861" HEIGHT="68" WC="0.9880423875565224"/>
          </TextLine>
          <TextLine ID="line_8" TAGREFS="LT8" BASELINE="562 474 1420 456" HPOS="561" VPOS="422" WIDTH="860" HEIGHT="69">
            <Shape><Polygon POINTS="562 474 562 486 688 484 724 490 726 490 728 490 753 484 774 490 776 490 777 490 838 482 915 488 916 488 996 478 1022 486 1023 486 1024 486 1174 483 1238 474 1400 478 1401 478 1401 478 1420 468 1420 456 1418 430 1281 430 1280 430 1264 422 1264 422 1263 422 1262 422 1260 422 1234 430 1233 432 1227 432 1185 424 1184 424 1182 424 1162 432 1160 434 1148 432 1098 429 1098 429 1020 435 980 438 969 435 936 428 934 428 933 428 915 436 914 438 910 436 900 430 900 430 898 430 843 430 842 430 790 438 789 438 788 438 771 430 770 430 768 430 740 438 722 444 704 444 699 438 692 432 690 432 690 432 688 432 561 440 562 474"/></Shape>
            <String CONTENT="ſmi ſolæ columnæ reſtarent. Quo hominum ge¬" HPOS="561" VPOS="422" WIDTH="860" HEIGHT="69" WC="0.9989603064781012"/>
          </TextLine>
          <TextLine ID="line_9" TAGREFS="LT8" BASELINE="562 524 1426 508" HPOS="561" VPOS="470" WIDTH="866" HEIGHT="68">
            <Shape><Polygon POINTS="562 524 562 537 705 531 738 534 764 536 765 536 765 536 771 534 778 530 801 532 844 537 844 537 846 537 848 537 858 531 861 530 868 531 884 536 885 536 886 536 921 530 934 528 944 530 962 536 963 536 964 536 1066 534 1066 534 1068 534 1080 526 1082 525 1086 526 1110 532 1112 532 1113 532 1209 531 1281 522 1287 522 1296 522 1389 525 1390 525 1426 518 1426 508 1425 478 1347 470 1346 470 1346 470 1326 480 1262 480 1248 471 1246 471 1246 471 1215 471 1214 471 1212 471 1173 482 1102 482 1076 474 1074 474 1074 474 1072 474 1071 474 1058 484 1034 484 999 474 999 474 998 474 936 482 862 480 861 480 860 480 843 486 790 478 789 478 789 478 788 478 788 480 778 486 770 480 768 480 766 480 729 480 728 480 728 480 726 480 716 486 692 480 690 480 690 480 688 480 670 489 640 483 640 483 639 483 638 483 630 490 561 492 562 524"/></Shape>
            <String CONTENT="nere nihil habet vniuerſus orbis peſtilentioſius," HPOS="561" VPOS="470" WIDTH="866" HEIGHT="68" WC="0.9903107297663786"/>
          </TextLine>
          <TextLine ID="line_10" TAGREFS="LT8" BASELINE="564 570 1428 555" HPOS="562" VPOS="518" WIDTH="866" HEIGHT="74">
            <Shape><Polygon POINTS="564 570 564 584 618 591 620 591 621 591 622 591 633 584 636 580 652 584 684 588 684 588 742 582 783 579 798 582 820 586 822 586 858 580 870 579 884 580 920 585 921 585 922 585 932 580 940 576 957 580 972 585 974 585 975 585 1060 584 1062 584 1074 579 1089 573 1104 579 1112 582 1113 582 1114 582 1210 580 1212 580 1220 579 1240 570 1292 570 1340 578 1350 579 1352 579 1352 579 1356 578 1376 568 1426 576 1428 555 1425 528 1388 528 1384 528 1358 518 1356 518 1354 518 1306 519 1305 519 1280 530 1275 530 1251 530 1191 526 1191 526 1155 530 1136 532 1131 531 1114 524 1113 524 1112 524 1110 524 1080 531 1080 532 1044 532 1024 532 1016 525 1014 525 1012 525 1011 525 972 531 938 525 938 525 936 525 912 534 910 534 906 534 850 526 850 526 849 526 826 536 818 537 801 536 765 530 764 530 762 530 746 536 740 538 728 536 700 530 699 530 660 537 634 542 620 537 598 531 597 531 596 531 562 537 564 570"/></Shape>
            <String CONTENT="ſuperſtitioſius, impudentius, audacius, crudelius," HPOS="562" VPOS="518" WIDTH="866" HEIGHT="74" WC="0.9945417630672455"/>
          </TextLine>
          <TextLine ID="line_11" TAGREFS="LT8" BASELINE="566 618 1428 604" HPOS="564" VPOS="568" WIDTH="864" HEIGHT="69">
            <Shape><Polygon POINTS="1155 602 1148 574 1092 573 1092 573 1090 573 1074 579 1070 580 1054 579 998 574 996 574 945 582 922 585 906 582 876 578 874 578 873 578 856 584 848 585 804 584 722 579 722 579 720 579 718 579 710 585 705 588 700 585 690 580 690 580 688 580 564 586 566 618 566 632 698 632 723 638 724 638 726 638 765 630 777 638 777 638 778 638 780 638 782 638 810 628 981 634 982 634 1030 626 1066 633 1066 633 1228 628 1230 628 1248 622 1282 628 1282 628 1284 628 1300 621 1353 628 1354 628 1356 628 1374 618 1428 616 1428 604 1425 574 1356 568 1354 568 1322 576 1314 578 1308 576 1286 570 1284 570 1282 570 1282 570 1281 570 1274 576 1270 579 1221 578 1162 574 1155 602"/></Shape>
            <String CONTENT="ambitioſius, aut denique magis auarum &amp; rapax." HPOS="564" VPOS="568" WIDTH="864" HEIGHT="69" WC="0.9993916335313217"/>
          </TextLine>
          <TextLine ID="line_12" TAGREFS="LT8" BASELINE="567 668 1431 654" HPOS="566" VPOS="620" WIDTH="866" HEIGHT="64">
            <Shape><Polygon POINTS="567 668 567 678 740 678 754 684 756 684 758 684 759 684 759 684 771 678 1142 678 1142 678 1176 670 1178 670 1214 676 1215 676 1431 666 1431 654 1428 620 1359 628 1252 622 1230 621 1228 621 1227 621 1224 622 1208 628 1148 626 1146 626 1144 626 1143 626 1136 632 1098 624 1098 624 1096 624 1095 624 1072 633 1026 626 1018 624 1018 624 1017 624 1016 624 1014 626 999 634 858 636 808 628 801 628 801 628 800 628 796 628 766 638 722 630 714 628 712 628 711 628 710 630 686 640 628 640 616 632 615 632 614 632 612 632 566 632 567 668"/></Shape>
            <String CONTENT="Hoc autem omne vitæ inſtitutum quàm procul" HPOS="566" VPOS="620" WIDTH="866" HEIGHT="64" WC="0.9964432425277178"/>
          </TextLine>
          <TextLine ID="line_13" TAGREFS="LT8" BASELINE="567 717 1431 699" HPOS="566" VPOS="664" WIDTH="866" HEIGHT="70">
            <Shape><Polygon POINTS="567 717 567 729 660 729 674 735 675 735 676 735 678 735 678 735 686 728 774 728 794 734 795 734 795 734 860 726 909 732 910 732 912 732 930 723 952 730 954 730 956 730 956 730 982 723 1312 723 1314 723 1431 711 1431 699 1426 674 1308 674 1292 664 1290 664 1290 664 1288 664 1212 675 1197 678 1179 676 1094 668 1092 668 1092 668 1072 678 1070 678 1024 681 1014 678 990 670 988 670 987 670 987 670 986 670 974 678 966 682 951 678 930 672 928 672 927 672 926 672 909 678 897 684 844 680 825 678 824 678 822 678 816 680 800 684 792 680 784 675 783 675 783 675 756 675 754 675 753 675 753 675 744 681 735 687 728 681 722 676 720 676 718 676 717 676 566 682 567 717"/></Shape>
            <String CONTENT="abſit à Pauli præcepto, &amp; ἀσκύσει, cuius hîc men¬" HPOS="566" VPOS="664" WIDTH="866" HEIGHT="70" WC="0.9848739459829511"/>
          </TextLine>
          <TextLine ID="line_14" TAGREFS="LT8" BASELINE="567 766 1434 752" HPOS="567" VPOS="714" WIDTH="867" HEIGHT="66">
            <Shape><Polygon POINTS="1158 750 1152 729 1120 729 1112 723 1108 720 1107 720 1106 720 1104 720 1104 720 1102 720 1098 723 1089 730 939 732 933 728 926 724 924 724 922 724 921 724 909 729 900 734 894 729 882 723 880 723 834 723 832 723 832 723 810 732 806 735 766 735 759 734 734 726 732 726 730 726 672 735 660 729 660 729 658 729 616 735 600 728 598 728 598 728 597 728 567 740 567 766 567 780 1432 764 1434 752 1431 714 1366 714 1365 714 1364 714 1360 716 1348 722 1338 716 1335 716 1334 716 1332 716 1323 716 1284 724 1268 718 1262 716 1260 716 1258 716 1226 717 1224 717 1218 720 1203 728 1166 729 1162 729 1158 750"/></Shape>
            <String CONTENT="tionem facit, vident omnes: imo verò vt nihil" HPOS="567" VPOS="714" WIDTH="867" HEIGHT="66" WC="0.9885024311749832"/>
          </TextLine>
          <TextLine ID="line_15" TAGREFS="LT8" BASELINE="572 814 1437 800" HPOS="570" VPOS="764" WIDTH="867" HEIGHT="70">
            <Shape><Polygon POINTS="572 814 572 834 615 832 616 832 632 825 684 832 690 832 690 832 692 832 693 832 717 822 780 822 792 828 792 830 794 830 795 830 795 830 796 830 798 830 800 828 810 822 864 826 866 826 932 819 951 825 962 826 963 826 964 826 999 824 1042 818 1058 820 1074 826 1074 826 1076 826 1113 820 1136 816 1149 819 1172 824 1173 824 1292 822 1437 810 1437 800 1436 771 1371 764 1370 764 1252 772 1232 766 1230 766 1228 766 1110 768 1108 768 1080 777 1053 770 1052 770 1050 770 1048 770 1024 777 1011 770 1011 770 1010 770 1008 770 1006 770 976 778 891 778 866 771 864 771 864 771 862 771 832 780 658 777 657 777 656 777 640 783 626 777 624 777 622 777 570 784 572 814"/></Shape>
            <String CONTENT="quicquam cum Dei verbo conſentaneum habeat" HPOS="570" VPOS="764" WIDTH="867" HEIGHT="70" WC="0.9995566166582561"/>
          </TextLine>
          <TextLine ID="line_16" TAGREFS="LT8" BASELINE="570 862 1434 848" HPOS="568" VPOS="808" WIDTH="866" HEIGHT="72">
            <Shape><Polygon POINTS="570 862 570 880 669 874 699 879 704 879 704 879 705 879 706 879 722 872 900 874 938 874 939 874 956 873 1010 867 1046 870 1068 873 1070 873 1071 873 1080 870 1088 867 1142 868 1216 870 1218 870 1432 861 1434 848 1431 816 1359 808 1358 808 1358 808 1336 818 1335 818 1332 818 1299 810 1298 810 1215 812 1215 812 1214 812 1202 820 1200 820 1196 820 1144 813 1143 813 1082 820 1080 820 1080 820 1000 814 999 814 962 824 958 824 954 824 864 818 864 818 862 818 861 818 850 826 850 826 734 826 714 820 712 820 711 820 710 820 693 828 692 830 568 830 570 862"/></Shape>
            <String CONTENT="ſed potius mortis Chriſti beneficium, &amp; noſtræ" HPOS="568" VPOS="808" WIDTH="866" HEIGHT="72" WC="0.9942161790702654"/>
          </TextLine>
          <TextLine ID="line_17" TAGREFS="LT8" BASELINE="573 910 1437 894" HPOS="572" VPOS="858" WIDTH="866" HEIGHT="69">
            <Shape><Polygon POINTS="573 910 573 921 632 927 633 927 634 927 654 920 656 920 664 920 734 924 735 924 806 918 820 916 879 916 1251 916 1251 915 1437 904 1437 894 1434 862 1322 858 1320 858 1320 858 1318 858 1310 866 1242 866 1192 860 1191 860 1191 860 1161 867 1131 861 1130 861 1130 861 1128 861 1128 862 1120 868 944 864 942 864 792 873 758 868 756 868 693 876 604 872 603 872 602 872 572 879 573 910"/></Shape>
            <String CONTENT="coram Deo iuſtificationis cauſam (quæ in vno" HPOS="572" VPOS="858" WIDTH="866" HEIGHT="69" WC="0.9970527941530402"/>
          </TextLine>
          <TextLine ID="line_18" TAGREFS="LT8" BASELINE="573 957 1437 942" HPOS="572" VPOS="904" WIDTH="866" HEIGHT="72">
            <Shape><Polygon POINTS="573 957 573 968 636 976 638 976 702 968 706 968 710 968 771 974 771 974 837 966 848 964 864 964 957 970 958 970 1054 962 1080 962 1084 962 1101 968 1102 968 1104 968 1104 968 1119 962 1125 960 1143 962 1182 966 1184 966 1208 962 1220 958 1226 962 1234 964 1236 964 1238 966 1302 966 1302 964 1302 964 1316 960 1326 956 1341 958 1364 963 1365 963 1366 963 1377 958 1388 956 1437 957 1437 942 1434 909 1388 912 1365 909 1334 904 1332 904 1332 904 1314 910 1299 915 1269 910 1264 910 1263 910 1256 910 1212 916 1202 912 1194 908 1192 908 1191 908 1167 912 1136 918 1128 912 1120 908 1119 908 1118 908 1116 908 1116 908 1106 912 1094 918 1029 914 984 910 982 910 981 910 981 910 975 914 966 921 928 915 906 912 906 912 904 912 903 912 900 915 890 924 844 924 825 916 818 914 816 914 814 914 814 914 813 914 813 915 810 916 801 926 770 926 742 918 735 915 734 915 734 915 645 916 644 916 642 916 642 918 640 918 633 926 620 918 618 918 616 918 616 918 615 918 572 918 573 957"/></Shape>
            <String CONTENT="Chriſti ſanguine eſt) ad cibos &amp; colores veſtium" HPOS="572" VPOS="904" WIDTH="866" HEIGHT="72" WC="0.9915763313571612"/>
          </TextLine>
          <TextLine ID="line_19" TAGREFS="LT8" BASELINE="572 1008 1440 993" HPOS="570" VPOS="957" WIDTH="870" HEIGHT="66">
            <Shape><Polygon POINTS="1161 981 1149 981 1137 981 1125 981 1113 981 1101 981 1089 981 1077 981 1065 981 1053 981 1041 981 1029 981 1017 981 1005 981 993 981 981 981 969 981 956 981 944 981 932 981 920 981 908 981 896 981 884 981 872 981 860 981 848 981 836 981 824 981 812 981 800 981 788 981 776 981 764 981 752 981 740 981 728 981 716 981 704 981 690 981 678 981 666 981 654 981 642 981 630 981 618 981 606 981 594 981 582 981 570 981 572 1008 572 1023 1440 1006 1440 993 1437 957 1203 962 1203 962 1202 962 1200 962 1196 968 1182 963 1179 962 1178 962 1176 962 1174 962 1173 962 1172 963 1166 968 1161 981"/></Shape>
            <String CONTENT="meráſque ſuperſtitiones &amp; blaſphemias transfe¬" HPOS="570" VPOS="957" WIDTH="870" HEIGHT="66" WC="0.9979364745160366"/>
          </TextLine>
          <TextLine ID="line_20" TAGREFS="LT8" BASELINE="573 1054 1443 1041" HPOS="572" VPOS="1004" WIDTH="872" HEIGHT="69">
            <Shape><Polygon POINTS="573 1054 573 1072 746 1072 746 1072 747 1072 750 1070 756 1065 777 1068 783 1070 783 1070 784 1070 786 1070 786 1068 794 1064 858 1066 908 1070 909 1070 910 1070 912 1070 916 1066 921 1062 926 1066 930 1070 932 1070 932 1070 933 1070 934 1070 946 1065 956 1060 1107 1059 1120 1060 1149 1066 1150 1066 1206 1059 1228 1056 1245 1058 1290 1064 1292 1064 1293 1064 1294 1064 1304 1056 1308 1054 1322 1056 1377 1060 1378 1060 1380 1060 1382 1060 1392 1054 1395 1054 1443 1054 1443 1041 1440 1011 1407 1004 1406 1004 1368 1011 1298 1005 1296 1005 1296 1005 1276 1011 1154 1006 1152 1006 1113 1016 1095 1008 1094 1008 1092 1008 1092 1008 1070 1016 1052 1010 1050 1010 1048 1010 1048 1010 1047 1010 1038 1017 1006 1017 966 1011 964 1011 861 1020 780 1014 778 1014 777 1014 777 1014 766 1022 718 1014 717 1014 716 1014 716 1014 702 1023 666 1016 664 1016 572 1024 573 1054"/></Shape>
            <String CONTENT="rant, in hac Euangelij luce intelligunt omnes, vt" HPOS="572" VPOS="1004" WIDTH="872" HEIGHT="69" WC="0.9977375524384635"/>
          </TextLine>
          <TextLine ID="line_21" TAGREFS="LT8" BASELINE="574 1104 1443 1090" HPOS="573" VPOS="1054" WIDTH="870" HEIGHT="68">
            <Shape><Polygon POINTS="1166 1082 1154 1082 1142 1082 1130 1082 1116 1082 1104 1082 1092 1082 1080 1082 1068 1082 1056 1082 1044 1082 1032 1082 1020 1082 1008 1082 996 1082 984 1082 972 1082 960 1082 948 1082 936 1082 924 1082 912 1082 900 1082 888 1082 876 1082 864 1082 850 1082 838 1082 826 1082 814 1082 802 1082 790 1082 778 1082 766 1082 754 1082 742 1082 730 1082 718 1082 706 1082 694 1082 682 1082 670 1082 658 1082 646 1082 634 1082 622 1082 610 1082 598 1082 585 1082 573 1082 574 1104 574 1122 1084 1108 1142 1110 1236 1112 1238 1112 1239 1112 1252 1107 1256 1106 1263 1107 1296 1112 1296 1112 1298 1112 1316 1106 1320 1104 1328 1106 1364 1110 1364 1110 1443 1102 1443 1090 1440 1066 1383 1054 1382 1054 1300 1056 1299 1056 1258 1070 1258 1070 1256 1070 1227 1058 1226 1058 1224 1058 1182 1060 1180 1060 1170 1064 1166 1082"/></Shape>
            <String CONTENT="mihi non duxerim neceſſe diutius iſta refellere," HPOS="573" VPOS="1054" WIDTH="870" HEIGHT="68" WC="0.9957861291865507"/>
          </TextLine>
          <TextLine ID="line_22" TAGREFS="LT8" BASELINE="576 1154 1444 1137" HPOS="574" VPOS="1096" WIDTH="870" HEIGHT="75">
            <Shape><Polygon POINTS="576 1154 576 1172 704 1170 705 1170 706 1170 706 1168 712 1164 802 1168 806 1168 807 1168 808 1168 844 1161 890 1167 892 1167 894 1167 894 1167 910 1160 927 1166 928 1166 930 1166 978 1160 1296 1160 1296 1160 1298 1160 1314 1154 1443 1158 1444 1137 1442 1096 1376 1098 1376 1098 1374 1098 1360 1104 1336 1098 1335 1098 1334 1098 1332 1098 1332 1098 1330 1098 1308 1107 1274 1101 1262 1098 1260 1098 1246 1101 1232 1104 1208 1102 1178 1100 1176 1100 1174 1100 1173 1100 1173 1101 1170 1104 1164 1110 1132 1104 1114 1102 1113 1102 1090 1106 1062 1110 1054 1107 1047 1104 1046 1104 1044 1104 1042 1104 1042 1104 1036 1107 1029 1112 1006 1108 978 1104 976 1104 975 1104 952 1110 950 1110 950 1110 944 1104 942 1104 940 1104 939 1104 874 1106 873 1106 850 1113 840 1116 828 1113 792 1107 790 1107 789 1107 770 1116 765 1116 762 1116 746 1108 746 1108 744 1108 742 1108 726 1116 712 1108 711 1108 710 1108 710 1108 708 1108 690 1118 688 1119 574 1120 576 1154"/></Shape>
            <String CONTENT="quæ vel indicaſſe ſatis eſt ad refutaſſe. Redi¬" HPOS="574" VPOS="1096" WIDTH="870" HEIGHT="75" WC="0.9832721213076977"/>
          </TextLine>
          <TextLine ID="line_23" TAGREFS="LT8" BASELINE="579 1203 1148 1191" HPOS="578" VPOS="1154" WIDTH="570" HEIGHT="72">
            <Shape><Polygon POINTS="579 1203 579 1215 640 1221 640 1221 642 1221 666 1215 676 1222 676 1224 678 1224 678 1224 680 1226 704 1226 704 1224 798 1215 892 1221 894 1221 894 1221 916 1215 990 1218 992 1218 993 1218 1014 1210 1024 1208 1148 1209 1148 1191 1144 1164 1062 1164 1048 1154 1048 1154 1047 1154 1020 1154 1018 1154 1018 1154 1017 1154 1002 1166 920 1166 897 1155 896 1155 894 1155 894 1155 861 1166 832 1156 831 1156 830 1156 828 1156 788 1167 772 1160 771 1160 771 1160 770 1160 741 1167 732 1160 730 1160 729 1160 728 1160 698 1166 669 1160 668 1160 578 1173 579 1203"/></Shape>
            <String CONTENT="mus igitur ad Paulum noſtrum." HPOS="578" VPOS="1154" WIDTH="570" HEIGHT="72" WC="0.987035465651545"/>
          </TextLine>
        </TextBlock>
        <TextBlock HPOS="584" VPOS="1218" WIDTH="865" HEIGHT="120" ID="block_4" TAGREFS="BT3409">
          <Shape><Polygon POINTS="584 1218 1449 1218 1449 1338 584 1338 584 1218"/></Shape>
          <TextLine ID="line_24" TAGREFS="LT8" BASELINE="646 1264 686 1263" HPOS="644" VPOS="1228" WIDTH="42" HEIGHT="48">
            <Shape><Polygon POINTS="646 1264 646 1276 684 1272 686 1263 684 1236 644 1228 646 1264"/></Shape>
            <String CONTENT="14" HPOS="644" VPOS="1228" WIDTH="42" HEIGHT="48" WC="0.9999988079071045"/>
          </TextLine>
          <TextLine ID="line_25" TAGREFS="LT8" BASELINE="698 1263 1442 1250" HPOS="698" VPOS="1208" WIDTH="744" HEIGHT="76">
            <Shape><Polygon POINTS="698 1263 698 1275 722 1284 723 1284 724 1284 792 1275 822 1280 824 1280 825 1280 826 1280 838 1272 838 1272 874 1281 876 1281 904 1276 966 1282 968 1282 1058 1272 1136 1280 1136 1280 1137 1280 1138 1280 1154 1266 1174 1266 1176 1266 1188 1276 1188 1278 1190 1278 1191 1278 1191 1280 1238 1280 1238 1278 1239 1278 1240 1278 1260 1264 1352 1276 1353 1276 1354 1276 1356 1276 1356 1275 1370 1264 1413 1268 1414 1268 1416 1268 1442 1260 1442 1250 1437 1209 1284 1216 1278 1214 1275 1209 1274 1209 1272 1209 1270 1209 1240 1215 1230 1215 1227 1215 1210 1208 1209 1208 1209 1208 1208 1208 1206 1208 1206 1209 1198 1215 1196 1220 1162 1220 1156 1216 1144 1209 1143 1209 1142 1209 1142 1209 1140 1209 1112 1218 1101 1221 1072 1221 1070 1218 1059 1209 1058 1209 1056 1209 1054 1209 1054 1209 1053 1209 1042 1216 974 1212 972 1212 970 1212 969 1212 969 1214 969 1214 963 1220 956 1214 956 1212 956 1212 954 1212 915 1212 914 1212 856 1224 854 1224 850 1224 765 1215 765 1215 698 1227 698 1263"/></Shape>
            <String CONTENT="Fidus eſt hic ſermo, &amp; dignus qui o¬" HPOS="698" VPOS="1208" WIDTH="744" HEIGHT="76" WC="0.9843126899666257"/>
          </TextLine>
          <TextLine ID="line_26" TAGREFS="LT8" BASELINE="585 1322 1088 1316" HPOS="584" VPOS="1270" WIDTH="504" HEIGHT="75">
            <Shape><Polygon POINTS="585 1322 585 1344 614 1335 640 1342 656 1346 657 1346 658 1346 660 1346 660 1346 660 1344 664 1341 668 1338 672 1341 676 1346 678 1346 678 1346 680 1346 705 1344 706 1344 716 1340 729 1334 765 1338 798 1344 800 1344 870 1344 870 1344 872 1344 873 1344 886 1335 888 1334 900 1335 962 1342 963 1342 980 1341 981 1341 981 1341 981 1340 982 1340 988 1332 990 1330 1086 1330 1088 1316 1086 1282 994 1276 993 1276 993 1276 992 1276 982 1282 980 1282 950 1282 939 1270 939 1270 938 1270 938 1270 936 1270 934 1270 933 1270 926 1276 920 1270 918 1270 916 1270 884 1270 882 1270 843 1276 795 1270 795 1270 794 1270 792 1270 780 1282 774 1286 718 1284 714 1282 696 1272 694 1272 693 1272 584 1281 585 1322"/></Shape>
            <String CONTENT="mnibus modis recipiatur." HPOS="584" VPOS="1270" WIDTH="504" HEIGHT="75" WC="0.9865334356824557"/>
          </TextLine>
        </TextBlock>
        <TextBlock HPOS="587" VPOS="1345" WIDTH="874" HEIGHT="441" ID="block_5" TAGREFS="BT3408">
          <Shape><Polygon POINTS="587 1345 1462 1345 1462 1787 587 1787 587 1345"/></Shape>
          <TextLine ID="line_27" TAGREFS="LT8" BASELINE="628 1384 1449 1370" HPOS="627" VPOS="1330" WIDTH="822" HEIGHT="72">
            <Shape><Polygon POINTS="628 1384 628 1396 694 1402 696 1402 786 1395 831 1400 832 1400 832 1400 844 1394 846 1394 964 1398 966 1398 968 1398 969 1398 975 1392 976 1392 1032 1396 1034 1396 1449 1383 1449 1370 1446 1341 1350 1330 1348 1330 1258 1341 1236 1344 1230 1341 1209 1332 1209 1332 1208 1332 1206 1332 1178 1340 1152 1335 1150 1335 1149 1335 1148 1335 1140 1341 1136 1344 1128 1341 1108 1334 1107 1334 1106 1334 1104 1334 1086 1341 1074 1346 1068 1341 1066 1340 1066 1340 1065 1340 1064 1340 1062 1340 1054 1341 1036 1347 1017 1342 1010 1340 1008 1340 1006 1340 993 1342 956 1348 932 1342 916 1338 915 1338 914 1338 914 1338 903 1342 891 1348 878 1342 870 1338 870 1338 832 1338 832 1338 814 1342 796 1346 780 1342 777 1342 776 1342 774 1342 772 1342 760 1353 675 1353 657 1342 656 1342 654 1342 654 1342 627 1342 628 1384"/></Shape>
            <String CONTENT="Commendatio ſuperioris doctrinæ ab vtilita¬" HPOS="627" VPOS="1330" WIDTH="822" HEIGHT="72" WC="0.9920389915621558"/>
          </TextLine>
          <TextLine ID="line_28" TAGREFS="LT8" BASELINE="584 1434 1452 1419" HPOS="582" VPOS="1382" WIDTH="870" HEIGHT="72">
            <Shape><Polygon POINTS="1173 1394 1170 1388 1160 1392 1160 1392 1136 1384 1136 1384 1134 1384 1132 1384 1107 1392 1089 1386 1088 1386 1086 1386 1044 1392 1011 1388 1010 1388 1008 1388 1006 1388 999 1394 966 1388 964 1388 963 1388 962 1388 951 1395 950 1395 933 1395 746 1390 744 1390 742 1390 741 1390 732 1398 692 1392 690 1392 690 1392 664 1400 662 1400 660 1400 646 1394 645 1394 644 1394 582 1400 584 1434 584 1444 658 1444 678 1454 680 1454 681 1454 682 1454 684 1454 684 1452 693 1444 741 1444 753 1452 753 1452 754 1452 756 1454 790 1454 790 1452 850 1449 852 1449 867 1443 891 1449 892 1449 894 1449 956 1449 957 1449 978 1440 1011 1449 1012 1449 1014 1449 1144 1437 1160 1444 1160 1444 1161 1446 1215 1446 1215 1444 1215 1444 1234 1436 1286 1436 1304 1443 1305 1443 1306 1443 1364 1443 1365 1443 1366 1443 1382 1432 1434 1438 1436 1438 1437 1438 1452 1431 1452 1419 1450 1388 1252 1382 1252 1382 1251 1382 1250 1382 1240 1390 1239 1390 1196 1383 1194 1383 1192 1383 1178 1388 1173 1394"/></Shape>
            <String CONTENT="te &amp; illius præſtantia. Tũ enim fidelis eſt hæc do¬" HPOS="582" VPOS="1382" WIDTH="870" HEIGHT="72" WC="0.9899150946965585"/>
          </TextLine>
          <TextLine ID="line_29" TAGREFS="LT8" BASELINE="585 1482 1455 1468" HPOS="584" VPOS="1431" WIDTH="872" HEIGHT="72">
            <Shape><Polygon POINTS="585 1482 585 1494 654 1503 656 1503 657 1503 675 1494 676 1492 729 1492 772 1492 776 1492 789 1500 789 1500 790 1500 792 1500 794 1500 804 1492 807 1492 820 1492 868 1498 870 1498 938 1492 948 1492 1018 1492 1234 1492 1236 1492 1238 1492 1239 1492 1242 1491 1252 1485 1310 1490 1311 1490 1312 1490 1314 1490 1362 1484 1371 1490 1372 1490 1374 1490 1376 1490 1376 1490 1377 1490 1386 1482 1413 1482 1422 1490 1424 1490 1425 1490 1425 1490 1455 1488 1455 1468 1452 1440 1414 1431 1413 1431 1312 1440 1296 1431 1296 1431 1294 1431 1248 1431 1246 1431 1172 1443 1167 1443 1162 1443 1106 1432 1104 1432 1104 1432 1076 1444 1074 1444 1066 1444 990 1436 988 1436 924 1446 915 1449 882 1449 878 1448 858 1437 856 1437 855 1437 854 1437 819 1448 812 1449 808 1448 795 1442 795 1442 794 1442 792 1442 790 1442 783 1449 780 1450 740 1450 735 1449 728 1443 726 1443 724 1443 723 1443 722 1443 722 1443 714 1449 710 1452 666 1452 660 1449 651 1443 650 1443 648 1443 648 1443 646 1443 645 1443 636 1449 606 1442 604 1442 604 1442 603 1442 584 1449 585 1482"/></Shape>
            <String CONTENT="ctrina: tum verò omnibus vtilis, qui illã audiũt," HPOS="584" VPOS="1431" WIDTH="872" HEIGHT="72" WC="0.9742404428812174"/>
          </TextLine>
          <TextLine ID="line_30" TAGREFS="LT8" BASELINE="585 1530 1456 1516" HPOS="585" VPOS="1480" WIDTH="872" HEIGHT="69">
            <Shape><Polygon POINTS="585 1530 585 1550 628 1542 660 1550 663 1550 664 1550 666 1550 666 1550 681 1542 768 1548 782 1548 783 1548 783 1548 784 1548 784 1546 794 1540 819 1545 820 1545 862 1539 888 1544 900 1546 902 1546 903 1546 904 1546 908 1544 914 1540 975 1542 1047 1544 1048 1544 1086 1539 1118 1536 1124 1538 1134 1542 1136 1542 1136 1542 1172 1536 1178 1536 1180 1536 1216 1542 1218 1542 1252 1536 1264 1533 1269 1534 1282 1540 1284 1540 1286 1540 1287 1540 1308 1534 1314 1532 1320 1533 1340 1539 1341 1539 1342 1539 1344 1539 1346 1539 1354 1533 1358 1530 1455 1530 1456 1516 1454 1486 1408 1480 1407 1480 1407 1480 1406 1480 1400 1486 1396 1486 1294 1486 1160 1486 1158 1486 1156 1486 1149 1488 1136 1492 1108 1488 1080 1485 1080 1485 992 1486 990 1486 982 1490 975 1492 834 1491 768 1490 766 1490 765 1490 765 1490 764 1491 756 1498 663 1498 652 1492 651 1492 650 1492 648 1492 585 1492 585 1530"/></Shape>
            <String CONTENT="illíq; credunt. Præcautio quoq; &amp; præmunitio" HPOS="585" VPOS="1480" WIDTH="872" HEIGHT="69" WC="0.9992028064197964"/>
          </TextLine>
          <TextLine ID="line_31" TAGREFS="LT8" BASELINE="588 1576 1458 1566" HPOS="586" VPOS="1528" WIDTH="872" HEIGHT="69">
            <Shape><Polygon POINTS="588 1576 588 1592 682 1598 684 1598 932 1587 974 1593 975 1593 1018 1586 1070 1592 1071 1592 1185 1584 1186 1584 1188 1584 1227 1590 1228 1590 1264 1582 1264 1582 1266 1582 1335 1588 1336 1588 1458 1580 1458 1566 1456 1538 1410 1528 1408 1528 1407 1528 1368 1538 1317 1530 1316 1530 1314 1530 1314 1530 1302 1538 1203 1534 1203 1534 1164 1540 1102 1532 1101 1532 1100 1532 1078 1542 1042 1534 1041 1534 1000 1542 975 1534 974 1534 972 1534 970 1534 946 1540 891 1534 890 1534 789 1545 789 1545 708 1536 706 1536 705 1536 669 1548 586 1548 588 1576"/></Shape>
            <String CONTENT="quædã hæc eſſe videtur aduerſus varias animi du¬" HPOS="586" VPOS="1528" WIDTH="872" HEIGHT="69" WC="0.9991324507460302"/>
          </TextLine>
          <TextLine ID="line_32" TAGREFS="LT8" BASELINE="590 1626 1456 1612" HPOS="588" VPOS="1581" WIDTH="868" HEIGHT="64">
            <Shape><Polygon POINTS="590 1626 590 1638 640 1646 642 1646 690 1636 693 1636 696 1636 746 1644 746 1644 747 1644 748 1644 748 1642 756 1635 758 1635 789 1635 789 1635 824 1642 825 1642 826 1642 848 1635 920 1640 921 1640 922 1640 938 1634 974 1641 975 1641 975 1641 976 1641 984 1635 1034 1640 1035 1640 1036 1640 1066 1630 1068 1630 1072 1630 1138 1638 1140 1638 1191 1630 1216 1635 1218 1635 1220 1635 1238 1629 1257 1635 1258 1635 1258 1635 1320 1635 1320 1635 1336 1628 1440 1634 1442 1634 1443 1634 1443 1634 1456 1624 1456 1612 1454 1581 1146 1581 1144 1581 1098 1586 1032 1590 956 1586 920 1586 918 1586 892 1587 824 1593 753 1588 746 1588 746 1588 744 1588 742 1588 726 1594 690 1590 682 1588 681 1588 680 1588 678 1590 664 1596 588 1592 590 1626"/></Shape>
            <String CONTENT="bitationes, quæ ex ſuperiori doctrina ſolẽt oriri." HPOS="588" VPOS="1581" WIDTH="868" HEIGHT="64" WC="0.9921994478094811"/>
          </TextLine>
          <TextLine ID="line_33" TAGREFS="LT8" BASELINE="594 1676 1460 1664" HPOS="592" VPOS="1623" WIDTH="867" HEIGHT="74">
            <Shape><Polygon POINTS="594 1676 594 1696 644 1688 662 1694 663 1694 664 1694 666 1694 681 1686 864 1690 866 1690 867 1690 868 1690 876 1683 988 1683 1017 1690 1018 1690 1018 1690 1020 1690 1022 1690 1023 1690 1034 1683 1050 1689 1052 1689 1053 1689 1054 1689 1074 1683 1107 1689 1110 1689 1112 1689 1113 1689 1114 1689 1136 1680 1164 1688 1166 1688 1166 1688 1168 1688 1240 1678 1344 1684 1353 1684 1354 1684 1356 1684 1358 1684 1372 1677 1458 1683 1460 1664 1458 1634 1424 1623 1422 1623 1420 1623 1419 1623 1402 1634 1382 1634 1364 1635 1240 1635 1238 1635 1215 1628 1215 1628 1214 1628 1212 1628 1186 1635 1182 1635 1172 1635 1113 1628 1112 1628 1036 1629 1035 1629 1034 1629 1024 1635 1023 1635 986 1629 984 1629 982 1629 969 1635 969 1636 964 1635 940 1629 939 1629 938 1629 898 1636 888 1638 880 1636 852 1630 850 1630 822 1636 807 1641 798 1636 786 1632 784 1632 783 1632 783 1632 771 1638 764 1642 712 1642 708 1638 704 1635 704 1634 702 1634 700 1634 699 1634 698 1634 687 1638 678 1642 646 1638 616 1635 616 1635 592 1638 594 1676"/></Shape>
            <String CONTENT="Tantũ.n. abeſt, vt fideles felices iudicentur, vt &amp;" HPOS="592" VPOS="1623" WIDTH="867" HEIGHT="74" WC="0.9728645132138178"/>
          </TextLine>
          <TextLine ID="line_34" TAGREFS="LT8" BASELINE="590 1724 1460 1708" HPOS="588" VPOS="1672" WIDTH="872" HEIGHT="70">
            <Shape><Polygon POINTS="590 1724 590 1738 628 1736 634 1738 640 1743 642 1743 644 1743 645 1743 696 1737 716 1734 730 1736 770 1742 771 1742 771 1742 784 1736 789 1732 832 1732 840 1734 860 1740 861 1740 862 1740 864 1740 882 1732 888 1731 916 1731 920 1732 927 1740 928 1740 930 1740 932 1740 932 1740 957 1732 1023 1738 1024 1738 1024 1738 1047 1731 1054 1728 1080 1730 1167 1736 1168 1736 1170 1736 1197 1726 1202 1726 1204 1726 1240 1734 1240 1734 1242 1734 1268 1726 1275 1725 1294 1726 1370 1732 1371 1732 1372 1732 1374 1732 1386 1725 1388 1724 1388 1725 1402 1731 1404 1731 1406 1731 1460 1722 1460 1708 1456 1677 1413 1680 1395 1677 1372 1672 1371 1672 1370 1672 1362 1677 1353 1682 1329 1677 1312 1676 1311 1676 1296 1677 1281 1682 1266 1678 1245 1674 1244 1674 1242 1674 1240 1674 1240 1676 1236 1678 1233 1684 1198 1684 1164 1680 1131 1677 1130 1677 1130 1677 1113 1680 1092 1686 1024 1682 975 1678 975 1678 974 1678 958 1683 936 1689 914 1684 897 1680 896 1680 894 1680 886 1684 874 1690 837 1684 812 1682 810 1682 808 1682 801 1684 789 1690 746 1686 723 1684 722 1684 722 1684 720 1684 717 1686 710 1694 678 1694 670 1688 666 1684 666 1684 664 1684 663 1684 662 1684 648 1688 627 1692 588 1689 590 1724"/></Shape>
            <String CONTENT="miſeri &amp; probroſi paſſim &amp; vulgo eſſe cenſean¬" HPOS="588" VPOS="1672" WIDTH="872" HEIGHT="70" WC="0.9890874144823655"/>
          </TextLine>
          <TextLine ID="line_35" TAGREFS="LT8" BASELINE="591 1772 1462 1758" HPOS="590" VPOS="1720" WIDTH="873" HEIGHT="81">
            <Shape><Polygon POINTS="591 1772 591 1791 670 1800 672 1800 768 1794 798 1802 800 1802 801 1802 921 1791 924 1791 926 1791 988 1797 990 1797 992 1797 1018 1790 1024 1788 1029 1790 1036 1796 1038 1796 1040 1796 1041 1796 1170 1796 1172 1796 1180 1790 1186 1786 1191 1790 1192 1792 1194 1792 1196 1792 1197 1794 1290 1794 1290 1792 1290 1792 1296 1790 1320 1779 1388 1779 1461 1788 1462 1758 1460 1726 1374 1720 1372 1720 1335 1728 1334 1728 1296 1722 1296 1722 1294 1722 1293 1722 1282 1730 1282 1731 1155 1732 1154 1732 1132 1726 1131 1726 1130 1726 1095 1732 1092 1732 1090 1732 1056 1726 1054 1726 1054 1726 1024 1734 1023 1734 1020 1734 978 1726 976 1726 938 1734 932 1728 930 1728 928 1728 880 1728 879 1728 825 1730 824 1730 804 1738 760 1732 759 1732 759 1732 734 1740 672 1732 670 1732 669 1732 651 1742 590 1742 591 1772"/></Shape>
            <String CONTENT="tur. Quod iudiciũ falſum eſſe pronuntiat hoc loco" HPOS="590" VPOS="1720" WIDTH="873" HEIGHT="81" WC="0.9969448769092559"/>
          </TextLine>
        </TextBlock>
        <TextBlock HPOS="1316" VPOS="1775" WIDTH="149" HEIGHT="59" ID="block_6" TAGREFS="BT17">
          <Shape><Polygon POINTS="1316 1775 1466 1775 1466 1833 1316 1833 1316 1775"/></Shape>
          <TextLine ID="line_36" TAGREFS="LT8" BASELINE="1316 1809 1462 1808" HPOS="1314" VPOS="1770" WIDTH="148" HEIGHT="82">
            <Shape><Polygon POINTS="1316 1809 1316 1838 1338 1836 1340 1838 1356 1850 1358 1850 1358 1850 1388 1852 1388 1852 1422 1851 1424 1851 1425 1851 1444 1833 1462 1832 1462 1808 1461 1780 1388 1780 1384 1776 1378 1772 1378 1770 1377 1770 1376 1770 1376 1770 1374 1770 1358 1776 1352 1779 1347 1776 1340 1770 1340 1770 1338 1770 1336 1770 1314 1774 1316 1809"/></Shape>
            <String CONTENT="Spiritus" HPOS="1314" VPOS="1770" WIDTH="148" HEIGHT="82" WC="0.9917342588305473"/>
          </TextLine>
        </TextBlock>
      </PrintSpace>
    </Page>
  </Layout>
</alto>
