1500 2172
543 124 729 64 162 AD I. PAVL. AD TIM.

540 165 879 82 dicti Hermi. lib. 8.cap. 12. cuius generis exempla

542 220 876 75 ſunt Nehe. cap.13.verſ.13. & hodie ij, qui hoſpita¬

543 267 879 75 lium & πλοχεδοχέίων Prouiſores appellantur. & in

543 316 874 74 ſingularum partium, & elemoſynarum, quæ ſin¬

549 366 870 75 gulis pauperibus & egenis fiunt, diſtributione, &

548 416 874 72 erogatione occupantur. Tales ſunt qui dietim vel

550 462 868 72 hebdomadatim eleemoſynas cuiq; pauperi fra¬

549 510 870 72 tri diſtribuunt, qui ſæpe habent tãquam ſubſidia¬

548 558 874 74 rias operas & miniſtras adiunctas Diaconiſſas, de

549 606 876 78 quibus poſtea. Hi autẽ ſeptẽ primũ ſunt creati,

549 657 870 69 & hic numerus retẽtus eſt Romæ vt ait Sozo.lib.

556 704 864 78 7.cap.19. poſtea ad imitationem Romanæ Eccle¬

549 753 872 74 ſiæ Neocæſarienſi Synodo cap.14. ſancitum eſt,

552 801 868 75 vt etiàm ſi non eſſet magna ciuitas, in qua eſſet

550 849 868 76 Eccleſia, ſeptem tamen Diaconi in ea crearentur.

549 900 867 68 Eſt decretum in can. Diaconi ſeptem diſtinct.93.

550 948 870 76 Sed hoc decretum poſtea Chartag. Synodo pri¬

549 996 870 75 ma fuit emendatum, cùm pro amplitudine Ec¬

550 1042 870 74 cleſiæ ſæpe plufes, ſæpe pauciores Diãconi requi¬

549 1092 870 78 tantur. Itaque hoc totum iudicio cuiuſque Ec¬

554 1142 870 70 cleſiæ eſt permittendum, non autem præciſe de¬

552 1188 872 74 finiendum. Nam & Romæ poſtea, vt docet lib.2.

555 1238 868 76 Chronic. Martinus Pollonus auctus eſt Diaco¬

554 1286 872 78 norum numerus, & geminatus, vt pro ſeptẽ hodié

555 1334 872 76 ſint ſexdecim Diaconi, ex quibus alij ipſius Papæ

560 1383 866 66 miniſterio & cubiculõ ſunt addicti, vt ait ille¬

556 1431 868 74 Ergo Diaconorum verum munus eſt, tum Æra¬

556 1482 868 66 rium Eccleſiæ colligere, curare & adminiſtrare,

560 1528 866 72 tum ex eo ærario pauperibus fratribus ſubueni¬

558 1578 867 72 re, tum Sanis, tum Ægrotis, tum etiam Ciuibus

556 1626 868 74 & Indigenis, tum Peregrinis, qui ad nos es alijs

561 1678 864 69 regionibus adueniunt. Ad eos autem per ſe & ra¬

561 1724 868 82 sione muneris ipſius neque verbi Dei prædicatio

1258 1770 171 74 pertinet:
