1500 2172
556 141 102 36 RIE.

699 123 570 51 AD I. PAVL. AD TIM.

552 166 860 66 eos viuere vi interna à Deo data propterea ne¬

552 219 856 62 gauerit, Vti etiã totum mularum genus ſterile

549 270 860 58 eſt ipſa natura:nec tamen propterea viuere quiſ¬

548 326 860 52 quam diſſtebltur. Sed hæc diſputationis tantùm

549 364 654 66 gratia dicta ſunto atque accipiuntor.

597 411 808 63 Secundo verò loco quæritur. Cur hanc ope¬

543 460 862 63 rationem tribuat vni tantùm patri Paulus, cùm

543 508 862 62 & Filij & Spiritus ſancti ſit communis hæc actio.

548 560 856 62 Ac de Filio apparet Ioan. 5.verſ. 21. Sicut Pater

544 608 860 57 excitat mortuos & viuifieat: ita & Filiꝰ, quos vult

546 654 860 63 viuificat. De Spiritu ſancto verò item apparet

546 702 858 57 Pſalm. 104 verſ.3o. Emittis ſpiritum tuum &

542 753 864 58 creantur, & 1.Samuel.2.verſ.6.generaliter de Deo

543 796 858 63 dicitur, Deus eſt qui viuificat, & morti tradit.

540 844 861 68 Reſpond. Non aſſignari à Paulo hîc propriam &

537 896 864 60 incommunicabilem Patris operationem, niſi

540 944 861 63 quatenus ille eſt reliquarum perſonarum ratione

542 993 861 58 principium, ſed communem trium actionem de¬

540 1042 864 60 ſcribi: quæ tamen in Patris perſona hîc conſide¬

538 1092 858 54 ratur, quatenus Pater pro tota diuina natura ſæ¬

538 1146 858 56 pe proponitur, & in eo contrahitur quicquid

537 1188 858 64 trium perſonarum commune eſt. Quod fit, quia

536 1233 858 58 Chriſtum nobis hîc ſubiicit Paulus, conſideran¬

537 1287 855 62 dum vt hominem. Ergo in perſona Patris con¬

536 1332 858 68 trahit quæ ſunt totius Deitatis propria, id eſt,

531 1383 543 60 trium perſonarum communia.

579 1428 813 66 Coram feſu Chriſto, qui teſtatam fecit) Cùm mul¬

530 1476 861 66 ta ſint, quæ de Chriſto & alijs perſonis propriè

530 1527 860 64 incommutabiliter dici poſſint, veluti quod in¬

525 1576 862 62 carnatus eſt, paſſus, mortuus, reſurrexit, hoc po¬

525 1622 866 68 tiſſimum delegit Paulus, quod ad præſentis loci

524 1671 862 63 & argumenti circunſtantiam maximè facere vi¬

520 1719 864 80 debatur, & ad ſuperiorem de teſtimonio fidei

1148 1770 226 86 perhibendo
