1500 2172
555 164 100 40 429

712 144 564 58 AD I. PAVL. AD TIM.

549 192 864 69 autem prætextu maximè id facere videbantur i¬

548 242 870 70 ſtæ mulieres, quòd tanquam publicæ quædam

549 294 868 68 perſonæ, & pauperum curam habentes in alienas

549 340 867 69 ædes poſſent, ſoleréntque liberrimè ingredi 2.

560 390 860 62 Timoth.3.verſ.6. Videtur autem etiam his ver¬

550 438 868 69 bis detractrices eaſdem appellare Paulus, more

549 488 872 62 dicendi Hebræis vſitatiſſimo, qui & detrectare &

550 536 870 68 diſcurrere eadem voce לx7 Ragal dixerunt, quòd

555 590 866 64 detractores iugiter eant, & referant verba hinc

555 636 867 62 inde ex alijs audita. Peccant igitur hi in nonum

554 690 448 63 legis diuinæ præceptum.

602 728 820 70 Imò verò) Amplificatio eſt ſuperioris mali per

558 777 866 64 adiectionem & προθεσιν. Non ſolum enim ſunt

555 826 867 64 otioſæ: ſed etiam Nugaces, & Curioſæ vel plus

555 880 868 63 quàm oportet negotioſæ φλυάρυς appellat Pau.

555 926 868 68 lus, quos Latini Nugaces, quæ vox videtur deri¬

555 975 868 62 uari à voce. φλύαξ, ακος, quæ tumulentum ho¬

555 1020 873 66 minem ſignificat, quod hæc ſint duo maximè

555 1072 870 66 inter ſe connexa vitia, Temulentia nempe, &

558 1119 867 70 Nugacitas. Itaque vt Plutarch. lib.8. Sympoſia¬

556 1167 870 68 con Problema. 1. nihil aliud eſſe videtur gλuz¬

555 1215 870 72 eία quàm λήρησις πάροινος. Nugari quoque, ait idẽ,

555 1264 870 74 propriè nihil aliud eſt, quàm vano & futili ſermo¬

556 1318 870 58 ne vti, & eo, qui vel mendax eſt: vel qui quanquã

561 1366 864 58 verus eſt, ad propoſitum tamen nihil facit & at¬

558 1413 870 64 tinet. Vnde poſtea rixæ, iurgia, & contumeliæ o¬

558 1458 870 68 riuntur, atque varia offendicula, Vocem autem i¬

561 1504 870 75 pſam nugæ Latinam ab Hebræa nan hagáh quod

561 1554 870 70 more auium garrire ſignificat deduci putat Ioſe¬

562 1604 867 74 phus Scaliger in lib. Varronis de lingua Latina.

612 1653 822 68 Qanquam autem Plutarchus in lib. πεὶ αδο¬

562 1702 868 62 λεσχίας videtur facere φλυκρίας ſiue ληρήσεως, duo

567 1754 866 81 genera, Temulentiam quamὁ̓ηωσιy vocat, & ἀδο¬

1294 1802 136 74 λεσχίαν
