1500 2172
369 168 180 42 CAPVT

588 168 38 46 Y.

885 141 63 81 44

82 190 872 87 fidei, cuius ſpes eſt effectus. Itaque perinde eſt,

82 250 868 74 atq; ſi diceret Paulus eam eſſe viduam, quæ verã

80 296 868 80 fidem habet. Appoſitè tamen ſpei potius (quæ

80 345 874 78 aduerſus res duras & afflictas pugnar) quàm fidei

78 396 868 78 nunc meminit, quia de afflictis perſonis agit, quas

78 444 873 76 ſpes corroborat, vt intelligamus qualem ſe præ¬

74 495 870 66 ſtare Chriſtianam viduam oporteat in rebas ac¬

75 540 868 75 ciſis, & cùm ſe omnino deſtitutam videt. Nimi¬

74 590 870 74 rum igitur in Deum ſperare debet, non autem

74 646 867 64 animi diliiuentia detperare, aut propter huiuſ¬

74 692 862 68 modi res aduerſas veram religionem abiurare,

70 736 867 72 aut inſtar infidelium mulierum in Deum ipſum

68 783 622 68 impiè murmurare, & blaſphemare

104 832 832 75 Permaneat in ſupplicationibus,) Hoc iam propriũ

66 882 866 72 eſt Chriſtianarum viduarum munus, & earum

64 927 868 76 quæ ſunt maximè ab Eccleſia ſubleuandæ, vt ipſis

62 976 868 75 externis actionibus & operibus ſe totas Deo eſſe

62 1028 866 70 deditas atque conſecratas oſtendant. Itaque συ¬

58 1071 867 81 νεκδοχικῶς Paulus à parte & ſpecie totum genus

62 1124 862 76 piarum externarúmque actionum expreſſit. Si¬

56 1174 868 70 mile quiddam de Anna Phanuelis filia & pro¬

56 1221 866 70 phetiſſa narrat Lucas 2.verſ.37. & 1. Samuel.2.v.

56 1269 867 75 22 facta eſt eius conſuetudinis mentio. Ergo aſſi¬

51 1316 870 75 duitas iſta precandi demonſtrat huiuſmodi vi¬

51 1365 868 75 duam eſſe debere, quæ, omnibus alijs rebus poſt¬

51 1414 870 75 poſitis ſoli Deo, ipſiûſque negotiis & Eccleſiæ

50 1462 872 75 inſeruiat & vacet. Denique ea curet, quæ ſunt

48 1510 868 75 Domini, non autem mundi huius, vt loquitur i¬

48 1558 870 76 dem Paulus 1.Corinth. 7. verſ.32. Nam quæ nu¬

45 1606 872 76 pta eſt mulier, varia ſollicitudine, variíſque curis

45 1658 868 74 & cogitationibus ſæpe propter familiam diſtra¬

38 1702 874 74 hitur, ne tam liberè támque aſſiduè, & frequen¬

39 1758 872 86 ter precibus publicis intereſſe, & de Deo ipſo

654 1818 72 82 rij.
