1500 2172
580 134 78 26 31e

740 108 580 51 AD le HavLe AB TIM.

568 156 862 56 ſus inepta & barbara excudant, qualia apud eos

567 204 864 63 ſunt penè infinita. Præclarè tamen Auguſtinus

567 256 862 58 lib.15.contra Fauſtum cap.3. Non omnis nouitas

567 306 861 58 eſt fugienda:nõ omnis vetuſtas appetenda. Nam

568 352 861 64 & Chriſtus nouumſe præceptum dare dixit, &

566 400 861 60 οκούσιον Patres vocemvt ait Athanaſius tunc tem¬

567 450 858 62 poris nouam aduerſus Arrianos induxerunt ad

567 507 858 54 noubo nompe morum ertores nigulandos. Sed

567 548 858 63 iſtorum noua vocabulares ipſas obſcurant, &

567 592 316 66 planè inuoluunt.

622 660 804 72 21 Quam nonnulli præ ſe ferentes, cir¬

562 714 864 76 ca fidem aberrarunt à ſcopo. Gratia ſit tecũ

561 783 190 52 Amen.

608 837 820 57 Α'ιτιολογέα, confirmat enim ſuperiorem ſentẽ¬

561 886 862 57 tiam ab effectu, ne fruſtrà aut temerè iſtam ma¬

561 938 864 62 tæologiam tam ſeuerè damnare videatur. Euen¬

558 987 867 56 tus enim ipſe iam tempore Pauli docuit omnes

555 1034 870 58 huiuſmodi inanes quæſtiones & clamoris, & ine¬

558 1083 867 63 ptæ occupationis plenas veriſſimam eſſe doctri¬

555 1134 868 56 næ fidei peſtem, & labem. Nam ex ijs qui, eas

556 1180 867 62 funt cõſectati, quidam à vera fide iam defecerãt

560 1227 862 63 Quòd ſi obijcitur. At nondum erat nata ſchola¬

555 1276 867 63 ſtica Theologia, quæ demum fub Innocentio3. &

555 1328 868 62 poſt Alberti Magni tempora extare cœpit, Tho¬

554 1377 870 60 ma Aquinate nimirum multum eam promouen¬

554 1422 870 63 te & commendante. Reſpond. Aliæ quæſtiones

554 1476 870 56 iam tempore Pauli pro vera & ſolida fidei do¬

550 1518 873 62 ctrina inuehebãtur tum à Iudæis, tum ab hære¬

550 1566 868 64 ticis, de quibus cap 1.& cap.4. & hoc ipſo capite

552 1616 870 62 facta mentio eſt, quibus poſtea depulſis & ex¬

552 1664 872 62 ploſis in earum locũ ſcholaſtica & inanis Theo¬

550 1710 872 78 logia, quæ in Papiſtarum ſcholis viget, ſubſtituta

1362 1767 63 68 eſt
