<?xml version='1.0' encoding='UTF-8'?>
<alto xmlns:xsi="http://www.w3.org/2001/XMLSchema-instance" xmlns="http://www.loc.gov/standards/alto/ns-v4#" xsi:schemaLocation="http://www.loc.gov/standards/alto/ns-v4# http://www.loc.gov/standards/alto/v4/alto-4-2.xsd">
  <Description>
    <MeasurementUnit>pixel</MeasurementUnit>
    <sourceImageInformation>
      <fileName>2013318.jpeg</fileName>
    </sourceImageInformation>
  </Description>
  <Tags>
    <OtherTag ID="BT7" LABEL="CustomZone" DESCRIPTION="block type CustomZone"/><OtherTag ID="BT8" LABEL="DamageZone" DESCRIPTION="block type DamageZone"/><OtherTag ID="BT9" LABEL="DigitizationArtefactZone" DESCRIPTION="block type DigitizationArtefactZone"/><OtherTag ID="BT10" LABEL="DropCapitalZone" DESCRIPTION="block type DropCapitalZone"/><OtherTag ID="BT11" LABEL="GraphicZone" DESCRIPTION="block type GraphicZone"/><OtherTag ID="BT12" LABEL="MainZone" DESCRIPTION="block type MainZone"/><OtherTag ID="BT13" LABEL="MarginTextZone" DESCRIPTION="block type MarginTextZone"/><OtherTag ID="BT14" LABEL="MusicZone" DESCRIPTION="block type MusicZone"/><OtherTag ID="BT15" LABEL="NumberingZone" DESCRIPTION="block type NumberingZone"/><OtherTag ID="BT17" LABEL="QuireMarksZone" DESCRIPTION="block type QuireMarksZone"/><OtherTag ID="BT18" LABEL="RunningTitleZone" DESCRIPTION="block type RunningTitleZone"/><OtherTag ID="BT19" LABEL="SealZone" DESCRIPTION="block type SealZone"/><OtherTag ID="BT20" LABEL="StampZone" DESCRIPTION="block type StampZone"/><OtherTag ID="BT21" LABEL="TableZone" DESCRIPTION="block type TableZone"/><OtherTag ID="BT22" LABEL="TitlePageZone" DESCRIPTION="block type TitlePageZone"/><OtherTag ID="BT3407" LABEL="MainZone-Continued" DESCRIPTION="block type MainZone-Continued"/><OtherTag ID="BT3408" LABEL="MainZone-P" DESCRIPTION="block type MainZone-P"/><OtherTag ID="BT3409" LABEL="MainZone-Head" DESCRIPTION="block type MainZone-Head"/><OtherTag ID="BT3410" LABEL="MainZone-Other" DESCRIPTION="block type MainZone-Other"/><OtherTag ID="BT3411" LABEL="MainZone-Sp" DESCRIPTION="block type MainZone-Sp"/><OtherTag ID="BT3417" LABEL="MainZone-Sp-Continued" DESCRIPTION="block type MainZone-Sp-Continued"/><OtherTag ID="BT3418" LABEL="GraphicZone-Decoration" DESCRIPTION="block type GraphicZone-Decoration"/><OtherTag ID="BT3419" LABEL="MainZone-Entry" DESCRIPTION="block type MainZone-Entry"/><OtherTag ID="BT3420" LABEL="MainZone-Lg" DESCRIPTION="block type MainZone-Lg"/><OtherTag ID="BT3421" LABEL="MainZone-Entry-Continued" DESCRIPTION="block type MainZone-Entry-Continued"/><OtherTag ID="BT3422" LABEL="MarginTextZone-ManuscriptAddendum" DESCRIPTION="block type MarginTextZone-ManuscriptAddendum"/><OtherTag ID="BT3423" LABEL="MainZone-List" DESCRIPTION="block type MainZone-List"/>
    <OtherTag ID="LT7" LABEL="CustomLine" DESCRIPTION="line type CustomLine"/><OtherTag ID="LT8" LABEL="DefaultLine" DESCRIPTION="line type DefaultLine"/><OtherTag ID="LT9" LABEL="DropCapitalLine" DESCRIPTION="line type DropCapitalLine"/><OtherTag ID="LT10" LABEL="HeadingLine" DESCRIPTION="line type HeadingLine"/><OtherTag ID="LT11" LABEL="InterlinearLine" DESCRIPTION="line type InterlinearLine"/><OtherTag ID="LT12" LABEL="MusicLine" DESCRIPTION="line type MusicLine"/>
  </Tags>
  <Layout>
    <Page WIDTH="1500" HEIGHT="2172" PHYSICAL_IMG_NR="314" ID="eSc_dummypage_">
      <PrintSpace HPOS="0" VPOS="0" WIDTH="1500" HEIGHT="2172">
        <TextBlock HPOS="542" VPOS="134" WIDTH="89" HEIGHT="58" ID="block_1" TAGREFS="BT15">
          <Shape><Polygon POINTS="542 134 631 134 631 192 542 192 542 134"/></Shape>
          <TextLine ID="line_1" TAGREFS="LT8" BASELINE="542 171 648 171" HPOS="542" VPOS="156" WIDTH="106" HEIGHT="40">
            <Shape><Polygon POINTS="638 156 626 156 614 156 602 156 590 156 578 156 566 156 554 156 542 156 542 171 542 196 597 196 597 196 598 196 598 196 609 188 616 180 646 182 648 171 646 156 638 156"/></Shape>
            <String CONTENT="600" HPOS="542" VPOS="156" WIDTH="106" HEIGHT="40" WC="0.9999945561091105"/>
          </TextLine>
        </TextBlock>
        <TextBlock HPOS="727" VPOS="130" WIDTH="586" HEIGHT="55" ID="block_2" TAGREFS="BT18">
          <Shape><Polygon POINTS="727 130 1313 130 1313 185 727 185 727 130"/></Shape>
          <TextLine ID="line_2" TAGREFS="LT8" BASELINE="722 171 1310 171" HPOS="722" VPOS="134" WIDTH="588" HEIGHT="57">
            <Shape><Polygon POINTS="1119 156 1107 156 1095 156 1083 156 1071 156 1059 156 1047 156 1035 156 1023 156 1011 156 999 156 987 156 975 156 962 156 950 156 948 156 938 156 926 156 914 156 902 156 890 156 882 156 878 156 866 156 854 156 842 156 830 156 818 156 806 156 794 156 782 156 770 156 758 156 746 156 734 156 722 156 722 171 722 180 796 189 798 189 800 189 816 183 820 182 822 183 842 189 843 189 844 189 844 189 866 183 873 182 896 184 952 189 954 189 1014 184 1054 183 1060 186 1064 189 1065 189 1066 189 1066 190 1154 190 1154 189 1154 189 1155 189 1155 188 1156 188 1162 182 1194 182 1215 188 1220 189 1221 189 1221 189 1222 189 1226 188 1245 182 1308 189 1310 171 1310 135 1185 134 1185 134 1184 134 1173 138 1162 144 1150 140 1136 134 1136 134 1134 134 1132 134 1131 134 1131 135 1125 141 1119 144 1119 156"/></Shape>
            <String CONTENT="AD I. PAVL. AD TIM." HPOS="722" VPOS="134" WIDTH="588" HEIGHT="57" WC="0.975680737118972"/>
          </TextLine>
        </TextBlock>
        <TextBlock HPOS="534" VPOS="194" WIDTH="870" HEIGHT="534" ID="block_3" TAGREFS="BT3407">
          <Shape><Polygon POINTS="534 194 1404 194 1404 728 534 728 534 194"/></Shape>
          <TextLine ID="line_3" TAGREFS="LT8" BASELINE="538 228 1402 231" HPOS="537" VPOS="184" WIDTH="866" HEIGHT="64">
            <Shape><Polygon POINTS="538 228 537 246 1401 249 1402 231 1401 188 1314 196 1262 188 1260 188 1258 188 1258 188 1215 196 1142 196 1119 188 1116 186 1114 186 1029 186 1028 186 1026 186 1024 188 1011 194 999 188 996 186 994 186 993 186 987 188 957 194 874 189 873 189 872 189 856 195 825 188 820 188 820 188 814 188 782 194 684 194 674 188 668 184 666 184 666 184 664 184 656 188 639 194 538 189 538 228"/></Shape>
            <String CONTENT="dera, iura, &amp; commercia tantùm pertineat. Id" HPOS="537" VPOS="184" WIDTH="866" HEIGHT="64" WC="0.9992192374335395"/>
          </TextLine>
          <TextLine ID="line_4" TAGREFS="LT8" BASELINE="537 276 1404 279" HPOS="537" VPOS="237" WIDTH="867" HEIGHT="58">
            <Shape><Polygon POINTS="537 276 537 294 1401 296 1404 279 1404 249 1346 249 1346 248 1335 240 1334 240 1332 240 1288 240 1287 240 1286 240 1270 248 1270 248 1264 248 1214 240 1212 240 1210 240 1185 246 1180 248 1172 246 1125 240 1124 240 1086 246 1080 246 1074 246 1008 238 1006 238 858 244 830 246 774 246 771 244 758 237 756 237 754 237 724 243 704 237 702 237 700 237 537 242 537 276"/></Shape>
            <String CONTENT="quod ſatis docet &amp; interpretatur Paulus 1. Cori." HPOS="537" VPOS="237" WIDTH="867" HEIGHT="58" WC="0.9973784958322843"/>
          </TextLine>
          <TextLine ID="line_5" TAGREFS="LT8" BASELINE="538 328 838 326 1401 328" HPOS="538" VPOS="286" WIDTH="862" HEIGHT="58">
            <Shape><Polygon POINTS="538 328 538 345 672 338 723 344 732 345 734 345 746 344 813 338 854 344 868 345 870 345 975 342 1077 339 1080 340 1086 345 1088 345 1089 345 1090 345 1401 339 1401 328 1401 297 1366 290 1365 290 1260 296 1256 296 1254 296 1234 288 1234 288 1233 288 1232 288 1209 296 1174 288 1173 288 1172 288 1148 296 1144 296 1140 296 1090 288 1089 288 1088 288 1058 296 1053 296 1048 296 1012 288 1011 288 976 296 975 296 968 288 966 288 964 288 932 288 930 288 894 296 885 296 878 296 846 286 844 286 844 286 843 286 819 296 814 296 798 294 684 286 682 286 538 292 538 328"/></Shape>
            <String CONTENT="5.verſ.11. voce συεθίεην. Ratio eſt, quia hac voce &amp;" HPOS="538" VPOS="286" WIDTH="862" HEIGHT="58" WC="0.9844404785138257"/>
          </TextLine>
          <TextLine ID="line_6" TAGREFS="LT8" BASELINE="537 375 1401 372" HPOS="537" VPOS="333" WIDTH="864" HEIGHT="62">
            <Shape><Polygon POINTS="537 375 537 394 606 388 656 388 668 394 669 394 670 394 672 394 698 394 861 387 964 387 970 392 974 394 975 394 975 394 976 394 978 394 982 392 998 387 1060 392 1100 394 1101 394 1401 388 1401 372 1398 345 1293 345 1200 333 1198 333 1197 333 1197 333 1178 345 1136 345 1048 345 1048 345 1035 334 1034 334 1032 334 1011 333 1010 333 1008 333 981 345 956 338 956 338 954 338 914 345 914 345 910 345 855 333 854 333 852 333 838 339 789 334 788 334 786 334 784 334 777 340 602 334 600 334 537 345 537 375"/></Shape>
            <String CONTENT="prohibitione Paulus non damnat publica com¬" HPOS="537" VPOS="333" WIDTH="864" HEIGHT="62" WC="0.9875368572944818"/>
          </TextLine>
          <TextLine ID="line_7" TAGREFS="LT8" BASELINE="536 422 1400 426" HPOS="534" VPOS="381" WIDTH="866" HEIGHT="63">
            <Shape><Polygon POINTS="536 422 534 432 573 441 574 441 680 435 687 441 688 441 690 441 690 441 735 436 904 442 906 442 942 436 969 444 969 444 970 444 1004 438 1185 444 1186 444 1398 438 1400 426 1398 384 1274 392 1242 384 1239 384 1238 384 1236 384 1234 384 1220 393 1119 393 1104 386 1100 382 1098 382 1098 382 1066 386 1028 388 1016 386 1005 382 1005 382 1004 382 1002 382 994 386 981 392 924 387 874 382 873 382 844 387 824 390 819 387 813 382 812 382 810 382 808 382 780 387 762 390 698 388 698 388 688 381 687 381 686 381 684 381 536 388 536 422"/></Shape>
            <String CONTENT="mercia, quæ cum ijs neceſſariò fiunt, quale eſt ab" HPOS="534" VPOS="381" WIDTH="866" HEIGHT="63" WC="0.9974325860247892"/>
          </TextLine>
          <TextLine ID="line_8" TAGREFS="LT8" BASELINE="530 468 1400 472" HPOS="530" VPOS="429" WIDTH="870" HEIGHT="64">
            <Shape><Polygon POINTS="530 468 530 480 548 489 549 489 549 489 670 483 860 490 861 490 894 484 964 492 966 492 968 492 986 486 1047 492 1048 492 1180 486 1210 494 1212 494 1214 494 1398 486 1400 472 1400 444 1376 432 1374 432 1372 432 1314 438 1280 432 1278 432 1276 432 1258 442 1256 444 1200 444 1196 441 1186 435 1185 435 1185 435 1184 435 1182 435 1180 435 1172 441 1168 444 1116 444 1113 440 1104 432 1102 432 1101 432 1100 432 1071 438 1054 430 1054 430 994 430 993 430 993 430 975 438 969 440 958 438 926 430 926 430 924 430 912 438 902 442 828 442 808 435 795 430 795 430 794 430 777 435 753 441 746 435 746 434 744 434 742 434 741 434 740 434 740 434 729 441 681 441 666 432 664 432 663 432 662 432 654 432 579 440 567 430 566 429 564 429 562 429 561 429 530 430 530 468"/></Shape>
            <String CONTENT="ijs emere, conducere, ſtipulari, &amp; reliqua huiuſ¬" HPOS="530" VPOS="429" WIDTH="870" HEIGHT="64" WC="0.990044351743192"/>
          </TextLine>
          <TextLine ID="line_9" TAGREFS="LT8" BASELINE="536 519 1398 524" HPOS="534" VPOS="480" WIDTH="864" HEIGHT="56">
            <Shape><Polygon POINTS="536 519 534 536 1395 536 1398 524 1398 494 1365 486 1364 486 1364 486 1362 486 1332 494 1320 483 1318 483 1317 483 1316 483 1286 489 1252 483 1251 483 1250 483 1248 483 1238 494 1236 494 1136 494 1134 494 1128 486 1126 486 1125 486 1124 486 1066 492 1056 484 1056 483 1054 483 1054 483 1053 483 1011 492 999 482 998 482 996 482 994 482 951 489 926 482 924 482 922 482 921 482 906 489 896 482 894 482 894 482 892 482 891 482 890 482 876 492 876 494 824 494 820 492 795 480 794 480 606 480 604 480 536 489 536 519"/></Shape>
            <String CONTENT="modi. Nec item vetat, ſi cuius mercis ſocietas" HPOS="534" VPOS="480" WIDTH="864" HEIGHT="56" WC="0.9938770701055941"/>
          </TextLine>
          <TextLine ID="line_10" TAGREFS="LT8" BASELINE="531 567 1401 573" HPOS="530" VPOS="530" WIDTH="872" HEIGHT="62">
            <Shape><Polygon POINTS="531 567 530 578 748 586 750 586 752 586 771 580 813 586 814 586 968 580 1186 590 1188 590 1365 584 1382 590 1382 590 1383 591 1383 590 1384 590 1401 582 1401 573 1401 543 1317 543 1317 542 1299 532 1298 532 1296 532 1162 540 1161 540 1142 531 1140 531 1056 531 1054 531 1054 531 1053 531 1041 540 1040 542 1010 542 1006 540 986 531 984 531 982 531 981 531 968 540 966 540 963 540 934 530 933 530 932 530 932 530 900 538 900 540 770 540 768 538 750 530 748 530 676 530 675 530 674 530 657 537 657 538 610 538 609 537 592 530 592 530 591 530 531 536 531 567"/></Shape>
            <String CONTENT="antea cum ijs contracta fuerit, fidem ijs datam" HPOS="530" VPOS="530" WIDTH="872" HEIGHT="62" WC="0.9787907689175708"/>
          </TextLine>
          <TextLine ID="line_11" TAGREFS="LT8" BASELINE="530 616 1398 620" HPOS="530" VPOS="584" WIDTH="868" HEIGHT="57">
            <Shape><Polygon POINTS="1122 588 1110 588 1098 588 1090 588 1058 590 1054 588 1048 588 1036 588 1030 588 1028 590 1018 588 1012 588 1000 588 988 588 976 588 964 588 952 588 940 588 928 588 916 588 915 588 914 590 914 590 723 590 723 588 711 588 699 588 687 588 676 588 674 590 609 590 608 588 603 588 591 588 579 588 567 588 555 588 543 588 530 588 530 616 530 627 614 634 615 634 616 634 634 628 654 636 654 636 656 636 705 628 760 636 762 636 873 630 885 638 886 638 888 638 888 638 890 638 891 638 903 630 1024 638 1024 638 1026 638 1028 638 1036 630 1052 638 1053 638 1110 639 1110 640 1204 640 1204 639 1206 639 1208 639 1216 632 1226 639 1227 639 1227 639 1228 639 1276 632 1344 639 1346 639 1396 630 1398 620 1398 591 1365 584 1364 584 1364 584 1258 591 1252 591 1252 591 1222 584 1221 584 1221 584 1122 586 1122 588"/></Shape>
            <String CONTENT="ſeruare, &amp; in eo contractu manere: ſed vetat fa¬" HPOS="530" VPOS="584" WIDTH="868" HEIGHT="57" WC="0.999270877490441"/>
          </TextLine>
          <TextLine ID="line_12" TAGREFS="LT8" BASELINE="531 663 1398 669" HPOS="530" VPOS="626" WIDTH="868" HEIGHT="69">
            <Shape><Polygon POINTS="531 663 530 678 573 686 574 686 618 681 627 687 628 687 628 687 630 687 771 682 782 690 782 690 783 690 783 690 882 692 884 693 1022 693 1022 692 1023 692 1046 686 1065 693 1066 693 1066 694 1178 694 1178 693 1179 693 1179 693 1190 687 1316 694 1317 694 1396 684 1398 669 1395 630 1353 639 1334 630 1332 630 1262 630 1260 630 1258 630 1258 630 1244 638 1222 630 1216 628 1215 628 1215 628 1214 628 1206 630 1174 639 1162 632 1162 630 1161 630 1160 630 1160 630 1154 632 1116 639 980 639 969 633 966 628 964 628 963 628 962 628 962 628 952 633 938 639 888 639 880 633 873 627 872 627 870 627 850 627 849 627 848 627 846 627 838 633 836 636 824 633 801 627 801 627 800 627 771 628 770 628 768 628 760 633 756 636 735 634 704 628 704 628 654 634 639 634 634 634 616 626 616 626 615 626 531 634 531 663"/></Shape>
            <String CONTENT="miliares nos ijs eſſe, ne eos in peccatis obſtina¬" HPOS="530" VPOS="626" WIDTH="868" HEIGHT="69" WC="0.9932049083709716"/>
          </TextLine>
          <TextLine ID="line_13" TAGREFS="LT8" BASELINE="531 714 862 714" HPOS="531" VPOS="676" WIDTH="332" HEIGHT="57">
            <Shape><Polygon POINTS="531 714 531 723 552 732 554 732 555 732 555 732 585 724 632 732 633 732 634 732 650 724 734 734 734 734 735 734 759 728 832 734 832 734 834 734 862 723 862 714 861 684 774 684 765 682 747 676 746 676 746 676 699 682 672 686 604 686 598 681 591 676 590 676 588 676 586 676 531 680 531 714"/></Shape>
            <String CONTENT="tiores reddamus." HPOS="531" VPOS="676" WIDTH="332" HEIGHT="57" WC="0.9988516792654991"/>
          </TextLine>
        </TextBlock>
        <TextBlock HPOS="526" VPOS="731" WIDTH="875" HEIGHT="978" ID="block_4" TAGREFS="BT3408">
          <Shape><Polygon POINTS="526 731 1402 731 1402 1710 526 1710 526 731"/></Shape>
          <TextLine ID="line_14" TAGREFS="LT8" BASELINE="586 764 1396 766" HPOS="585" VPOS="722" WIDTH="812" HEIGHT="66">
            <Shape><Polygon POINTS="586 764 585 776 688 777 698 784 699 784 700 784 702 784 852 777 940 786 942 786 984 780 1000 786 1002 786 1138 788 1140 788 1196 780 1232 788 1233 788 1314 782 1350 788 1352 788 1395 778 1396 766 1396 735 1359 724 1358 724 1358 724 1320 734 1314 735 1234 735 1230 732 1221 724 1220 724 1218 724 1179 724 1178 724 1176 724 1174 724 1167 730 1162 735 1130 735 993 728 898 723 897 723 896 723 888 726 870 734 858 728 858 728 856 728 796 730 789 724 788 723 788 722 786 722 784 722 783 722 783 722 777 723 758 734 700 734 669 722 668 722 586 722 586 764"/></Shape>
            <String CONTENT="Vnde quæſitum eſt, vtrum quæ ex Dei præce¬" HPOS="585" VPOS="722" WIDTH="812" HEIGHT="66" WC="0.9975671271483103"/>
          </TextLine>
          <TextLine ID="line_15" TAGREFS="LT8" BASELINE="530 808 1398 814" HPOS="528" VPOS="772" WIDTH="870" HEIGHT="63">
            <Shape><Polygon POINTS="530 808 528 822 549 831 549 831 550 831 702 825 876 832 878 832 879 832 880 832 891 826 1050 834 1052 834 1208 828 1248 836 1250 836 1396 828 1398 814 1398 784 1374 777 1372 777 1371 777 1276 784 1270 784 1264 784 1210 777 1209 777 1209 777 1184 783 1142 777 1140 777 1138 777 1112 783 1110 783 1010 783 1010 783 993 776 992 776 990 776 988 776 962 783 962 783 960 783 924 776 922 776 921 776 920 776 914 783 912 783 880 783 876 783 836 774 784 774 783 774 783 774 768 782 766 782 646 782 645 780 636 772 634 772 634 772 633 772 530 778 530 808"/></Shape>
            <String CONTENT="to priuatim quiſque alteri, pro vocationis vario" HPOS="528" VPOS="772" WIDTH="870" HEIGHT="63" WC="0.997716256727775"/>
          </TextLine>
          <TextLine ID="line_16" TAGREFS="LT8" BASELINE="530 858 1396 862" HPOS="530" VPOS="820" WIDTH="867" HEIGHT="63">
            <Shape><Polygon POINTS="530 858 530 879 708 873 742 880 747 882 748 882 753 882 783 874 898 874 962 882 969 882 970 882 981 882 1032 876 1053 882 1054 882 1054 882 1056 882 1058 882 1059 882 1074 876 1092 882 1092 882 1302 884 1302 884 1305 884 1344 876 1395 884 1396 862 1395 830 1300 825 1299 825 1298 825 1286 828 1276 832 1209 832 1168 828 1112 824 1110 824 1110 824 1108 824 1102 828 1100 831 1023 831 1018 828 1014 825 1012 825 1011 825 1011 825 1010 825 1008 825 1002 828 999 831 986 828 951 822 950 822 920 828 909 830 897 828 850 822 850 822 849 822 838 828 832 831 753 831 746 828 723 820 722 820 722 820 530 826 530 858"/></Shape>
            <String CONTENT="genere debet, excõmunicatis præſtare teneamur:" HPOS="530" VPOS="820" WIDTH="867" HEIGHT="63" WC="0.9957623545159685"/>
          </TextLine>
          <TextLine ID="line_17" TAGREFS="LT8" BASELINE="530 904 1396 910" HPOS="530" VPOS="867" WIDTH="867" HEIGHT="64">
            <Shape><Polygon POINTS="530 904 530 918 654 918 712 928 714 930 801 930 801 928 832 921 850 928 852 928 854 928 950 924 962 930 963 930 1054 932 1054 932 1056 932 1080 924 1196 932 1197 932 1240 926 1371 932 1372 932 1374 932 1395 924 1396 910 1396 878 1378 872 1377 872 1376 872 1352 878 1335 882 1318 878 1306 874 1305 874 1304 874 1302 874 1302 874 1298 876 1290 882 1254 876 1210 872 1209 872 1148 876 1100 880 1089 876 1074 870 1072 870 1071 870 1070 870 1054 876 1050 878 1047 876 1034 870 1032 870 1030 870 998 876 981 880 879 880 873 876 862 868 861 868 860 868 782 868 780 868 778 868 777 868 770 876 768 876 710 878 694 876 675 872 674 872 672 872 664 876 660 876 658 876 645 867 644 867 642 867 640 867 640 867 610 876 608 876 606 876 592 867 591 867 590 867 530 874 530 904"/></Shape>
            <String CONTENT="veluti vtrum ſubditi principi ſuo excõmunicato" HPOS="530" VPOS="867" WIDTH="867" HEIGHT="64" WC="0.9988357982736953"/>
          </TextLine>
          <TextLine ID="line_18" TAGREFS="LT8" BASELINE="526 956 1395 958" HPOS="526" VPOS="924" WIDTH="868" HEIGHT="57">
            <Shape><Polygon POINTS="526 956 526 975 630 969 666 976 670 976 672 976 678 976 722 969 740 976 741 976 742 976 744 976 750 976 800 969 813 976 814 978 816 978 818 980 897 980 897 978 898 978 902 976 912 972 1012 976 1046 978 1047 978 1054 976 1082 970 1107 976 1116 980 1118 980 1119 981 1203 981 1203 980 1204 980 1206 980 1209 976 1220 972 1394 976 1395 958 1395 924 526 924 526 956"/></Shape>
            <String CONTENT="parere, teneantur, vxor marito, filius patri, ſeruus" HPOS="526" VPOS="924" WIDTH="868" HEIGHT="57" WC="0.9879426554991648"/>
          </TextLine>
          <TextLine ID="line_19" TAGREFS="LT8" BASELINE="530 1004 1396 1008" HPOS="528" VPOS="964" WIDTH="868" HEIGHT="64">
            <Shape><Polygon POINTS="530 1004 528 1016 597 1023 598 1023 724 1017 746 1026 746 1026 747 1026 748 1026 770 1020 784 1026 786 1026 1047 1028 1048 1028 1048 1028 1077 1020 1341 1029 1342 1029 1344 1029 1346 1029 1358 1022 1395 1022 1396 1008 1395 980 1336 970 1335 970 1292 978 1290 978 1270 968 1270 968 1269 968 1144 976 1116 968 1116 968 1114 968 1113 968 1086 976 1086 976 1068 976 1000 975 987 968 987 968 986 968 984 968 920 975 868 966 867 966 866 966 843 975 842 975 840 975 798 966 796 966 742 970 724 964 723 964 722 964 675 974 674 975 576 975 574 974 561 964 560 964 558 964 556 964 555 964 530 974 530 1004"/></Shape>
            <String CONTENT="domino. Papiſtæ non putant eis hæc officia præ¬" HPOS="528" VPOS="964" WIDTH="868" HEIGHT="64" WC="0.9925474118679127"/>
          </TextLine>
          <TextLine ID="line_20" TAGREFS="LT8" BASELINE="524 1050 1395 1056" HPOS="524" VPOS="1011" WIDTH="872" HEIGHT="66">
            <Shape><Polygon POINTS="524 1050 524 1071 678 1065 704 1071 716 1072 716 1072 738 1071 777 1066 784 1071 789 1072 789 1072 790 1072 792 1074 879 1074 879 1072 880 1072 888 1071 894 1066 898 1071 903 1074 904 1074 906 1074 906 1076 950 1076 950 1074 951 1074 952 1074 957 1070 962 1066 1029 1066 1116 1070 1326 1077 1328 1077 1394 1068 1395 1056 1392 1017 1300 1024 1258 1017 1257 1017 1256 1017 1254 1017 1252 1017 1233 1023 1167 1017 1166 1017 1137 1023 1124 1017 1122 1017 1122 1017 1054 1023 1038 1017 1036 1017 1036 1017 1011 1023 1004 1016 1002 1014 1000 1014 999 1014 999 1014 980 1016 903 1023 825 1016 801 1012 801 1012 800 1012 794 1014 771 1022 740 1016 738 1016 736 1016 716 1022 702 1014 698 1011 696 1011 694 1011 693 1011 686 1014 670 1022 646 1022 638 1014 634 1011 634 1011 633 1011 632 1011 630 1011 622 1014 598 1020 524 1014 524 1050"/></Shape>
            <String CONTENT="ſtanda eſſe, ſed bona conſcientia denegari &amp; poſ¬" HPOS="524" VPOS="1011" WIDTH="872" HEIGHT="66" WC="0.9983966533018618"/>
          </TextLine>
          <TextLine ID="line_21" TAGREFS="LT8" BASELINE="525 1102 1395 1104" HPOS="525" VPOS="1060" WIDTH="870" HEIGHT="63">
            <Shape><Polygon POINTS="525 1102 525 1122 652 1116 660 1122 660 1122 662 1122 663 1122 664 1124 870 1124 870 1122 892 1120 920 1116 942 1120 963 1122 964 1122 1041 1119 1078 1118 1113 1119 1245 1124 1246 1124 1395 1116 1395 1104 1395 1072 1352 1065 1350 1065 1348 1065 1335 1071 1335 1072 1182 1072 1178 1071 1116 1062 1116 1062 1114 1062 1113 1062 1101 1071 1098 1071 1054 1062 1054 1062 1018 1068 962 1062 962 1062 960 1062 930 1070 921 1062 920 1062 920 1062 918 1062 916 1062 900 1068 884 1060 882 1060 882 1060 844 1066 806 1060 804 1060 802 1060 801 1060 794 1066 777 1060 777 1060 776 1060 774 1060 754 1070 753 1071 678 1071 674 1068 644 1060 642 1060 538 1060 537 1060 537 1060 525 1066 525 1102"/></Shape>
            <String CONTENT="ſe &amp; debere obſequium huiuſmodi excommuni¬" HPOS="525" VPOS="1060" WIDTH="870" HEIGHT="63" WC="0.9985170719169435"/>
          </TextLine>
          <TextLine ID="line_22" TAGREFS="LT8" BASELINE="525 1148 1394 1154" HPOS="524" VPOS="1112" WIDTH="870" HEIGHT="60">
            <Shape><Polygon POINTS="525 1148 524 1162 548 1170 549 1170 549 1170 698 1166 705 1166 708 1166 742 1172 744 1172 1392 1172 1394 1154 1392 1119 1209 1116 1209 1116 1208 1116 1202 1118 1194 1122 1178 1118 1155 1114 1154 1114 1126 1118 1104 1122 1090 1118 1076 1114 1074 1114 1074 1114 1048 1118 1036 1120 1032 1118 1028 1114 1026 1114 1024 1114 1024 1114 957 1118 930 1119 915 1118 873 1113 872 1113 870 1113 870 1113 864 1118 860 1120 831 1118 792 1114 790 1114 765 1118 741 1120 696 1120 690 1118 682 1112 681 1112 680 1112 678 1112 639 1118 626 1119 618 1118 600 1112 598 1112 598 1112 597 1112 579 1118 573 1119 525 1118 525 1148"/></Shape>
            <String CONTENT="catis volunt, quaſi ſoluta ſint vincula ſubiectio¬" HPOS="524" VPOS="1112" WIDTH="870" HEIGHT="60" WC="0.9837049102783203"/>
          </TextLine>
          <TextLine ID="line_23" TAGREFS="LT8" BASELINE="526 1197 1394 1203" HPOS="526" VPOS="1160" WIDTH="867" HEIGHT="64">
            <Shape><Polygon POINTS="526 1197 526 1215 651 1212 684 1215 708 1220 710 1220 740 1215 778 1212 784 1215 789 1220 789 1220 790 1220 792 1220 914 1215 993 1215 1005 1215 1030 1221 1032 1221 1062 1215 1078 1215 1095 1215 1148 1222 1149 1222 1216 1215 1227 1215 1232 1215 1252 1224 1254 1224 1256 1224 1392 1215 1394 1203 1394 1173 1370 1166 1370 1166 1368 1166 1158 1172 1142 1172 1140 1172 1126 1164 1125 1164 1047 1164 1046 1164 987 1170 980 1170 964 1170 814 1160 814 1160 813 1160 795 1167 652 1160 651 1160 526 1166 526 1197"/></Shape>
            <String CONTENT="nis &amp; iuriſiurandi propter contumaciam princi¬" HPOS="526" VPOS="1160" WIDTH="867" HEIGHT="64" WC="0.9947104687276094"/>
          </TextLine>
          <TextLine ID="line_24" TAGREFS="LT8" BASELINE="525 1245 1395 1251" HPOS="525" VPOS="1210" WIDTH="870" HEIGHT="56">
            <Shape><Polygon POINTS="525 1245 525 1266 1394 1266 1395 1251 1395 1224 1346 1224 1346 1222 1329 1214 1328 1214 1326 1214 1293 1214 1292 1214 1290 1214 1290 1214 1276 1221 1274 1224 1250 1224 1246 1221 1238 1214 1236 1214 1234 1214 1234 1214 1198 1215 1197 1215 1197 1215 1188 1221 1185 1222 1108 1221 1098 1221 1089 1214 1088 1214 1086 1214 1086 1214 1084 1214 1066 1220 1014 1214 1012 1214 1011 1214 1011 1214 1004 1220 999 1221 984 1220 950 1214 948 1214 946 1214 926 1218 915 1221 838 1221 824 1216 800 1210 798 1210 796 1210 525 1214 525 1245"/></Shape>
            <String CONTENT="pis in ſuũ ipſius principem, &amp; eum quidem ſum¬" HPOS="525" VPOS="1210" WIDTH="870" HEIGHT="56" WC="0.9857232989148891"/>
          </TextLine>
          <TextLine ID="line_25" TAGREFS="LT8" BASELINE="524 1293 1395 1300" HPOS="524" VPOS="1258" WIDTH="872" HEIGHT="56">
            <Shape><Polygon POINTS="524 1293 524 1311 1392 1314 1395 1300 1394 1272 1358 1270 1348 1263 1347 1263 1346 1263 1346 1263 1221 1270 1204 1270 1202 1270 1179 1262 1178 1262 1176 1262 1174 1262 1173 1262 1162 1269 1160 1270 1116 1270 1114 1269 1106 1262 1106 1260 1104 1260 1104 1260 1102 1260 1024 1266 958 1260 957 1260 956 1260 956 1260 948 1266 944 1268 916 1266 838 1260 838 1260 837 1260 824 1264 814 1268 802 1264 782 1258 780 1258 732 1258 730 1258 729 1258 716 1263 708 1266 700 1263 690 1258 688 1258 687 1258 686 1258 675 1263 669 1264 524 1262 524 1293"/></Shape>
            <String CONTENT="mum, id eſt, Deum, vt quemadmodum ille non" HPOS="524" VPOS="1258" WIDTH="872" HEIGHT="56" WC="0.9922400343985784"/>
          </TextLine>
          <TextLine ID="line_26" TAGREFS="LT8" BASELINE="524 1344 1392 1348" HPOS="524" VPOS="1305" WIDTH="868" HEIGHT="63">
            <Shape><Polygon POINTS="1392 1318 1360 1310 1359 1310 1358 1310 1358 1310 1340 1317 1340 1318 1288 1318 1286 1316 1276 1308 1276 1308 1275 1308 1274 1308 1272 1308 1246 1314 1160 1308 1160 1308 1124 1314 1102 1317 1098 1314 1089 1308 1088 1308 1086 1308 975 1308 975 1308 974 1308 964 1311 956 1316 951 1311 948 1308 948 1308 946 1308 945 1308 906 1308 904 1308 903 1308 896 1311 882 1317 813 1317 598 1306 591 1306 590 1306 588 1306 544 1314 524 1305 524 1344 524 1362 710 1358 768 1362 848 1366 849 1366 850 1366 861 1362 864 1360 1010 1360 1011 1360 1020 1366 1022 1366 1023 1366 1024 1366 1089 1362 1118 1368 1119 1368 1173 1360 1178 1360 1180 1360 1242 1368 1244 1368 1290 1360 1292 1360 1346 1368 1346 1368 1390 1359 1392 1348 1392 1318"/></Shape>
            <String CONTENT="paret Deo:ita neque ſubditi ipſi principi ſuo cõ¬" HPOS="524" VPOS="1305" WIDTH="868" HEIGHT="63" WC="0.9902909207344055"/>
          </TextLine>
          <TextLine ID="line_27" TAGREFS="LT8" BASELINE="522 1389 1390 1398" HPOS="520" VPOS="1364" WIDTH="870" HEIGHT="50">
            <Shape><Polygon POINTS="1113 1366 1101 1370 1089 1370 1077 1370 1065 1370 1059 1370 1042 1370 1034 1370 1029 1370 1017 1370 1005 1370 993 1370 981 1370 969 1370 956 1370 944 1370 932 1370 920 1370 908 1370 896 1370 884 1370 872 1370 860 1370 848 1370 836 1370 824 1370 812 1370 800 1370 788 1370 776 1370 764 1370 752 1370 740 1370 728 1370 716 1370 704 1370 690 1370 678 1370 666 1370 654 1370 642 1370 630 1370 618 1370 606 1370 594 1370 582 1370 570 1370 558 1370 546 1370 534 1370 522 1370 522 1389 520 1401 538 1408 540 1408 542 1408 594 1404 646 1410 648 1410 699 1406 770 1412 771 1412 860 1406 876 1406 888 1407 938 1413 939 1413 982 1408 998 1407 1388 1413 1390 1398 1388 1365 1252 1371 1224 1364 1222 1364 1221 1364 1221 1364 1218 1364 1176 1371 1148 1364 1143 1364 1142 1364 1142 1364 1126 1364 1113 1364 1113 1366"/></Shape>
            <String CONTENT="tumaciin Deum &amp; excommunicato parere te¬" HPOS="520" VPOS="1364" WIDTH="870" HEIGHT="50" WC="0.9915248438715935"/>
          </TextLine>
          <TextLine ID="line_28" TAGREFS="LT8" BASELINE="520 1438 1392 1446" HPOS="519" VPOS="1400" WIDTH="873" HEIGHT="68">
            <Shape><Polygon POINTS="520 1438 519 1455 526 1460 528 1460 530 1460 530 1460 732 1455 789 1455 810 1456 849 1461 850 1461 897 1458 938 1455 945 1458 956 1462 956 1462 957 1462 981 1460 999 1456 1014 1460 1030 1462 1032 1462 1098 1461 1204 1458 1234 1462 1246 1466 1248 1467 1248 1466 1258 1464 1284 1460 1389 1466 1392 1446 1390 1413 1358 1406 1356 1406 1354 1406 1353 1406 1347 1412 1346 1414 1320 1414 1317 1412 1312 1406 1311 1406 1310 1406 1275 1406 1274 1406 1272 1406 1258 1412 1246 1414 1234 1412 1218 1406 1216 1406 1215 1406 1215 1406 1203 1412 1196 1413 1185 1412 1167 1406 1166 1406 1166 1406 1164 1406 1162 1406 1156 1412 1150 1414 1104 1414 1084 1410 1042 1404 1042 1404 981 1410 957 1413 946 1410 920 1402 920 1402 918 1402 916 1402 915 1402 906 1410 903 1413 856 1413 852 1410 844 1402 843 1402 842 1402 664 1400 663 1400 628 1407 615 1401 614 1401 612 1401 520 1407 520 1438"/></Shape>
            <String CONTENT="neantur. Falſa eſt hæc ſententia, &amp; omnino impia" HPOS="519" VPOS="1400" WIDTH="873" HEIGHT="68" WC="0.9971059995392958"/>
          </TextLine>
          <TextLine ID="line_29" TAGREFS="LT8" BASELINE="522 1488 1390 1494" HPOS="522" VPOS="1450" WIDTH="868" HEIGHT="62">
            <Shape><Polygon POINTS="522 1488 522 1506 868 1504 906 1510 910 1510 912 1510 926 1510 1018 1504 1038 1510 1042 1510 1042 1510 1044 1510 1068 1510 1192 1506 1388 1512 1390 1494 1390 1466 1372 1460 1371 1460 1370 1460 1370 1460 1368 1460 1362 1466 1360 1467 1284 1467 1281 1464 1263 1458 1262 1458 1260 1458 1227 1464 1216 1466 1208 1464 1170 1458 1168 1458 1167 1458 1155 1464 1154 1466 1044 1466 1010 1464 1008 1462 996 1454 994 1454 993 1454 993 1454 884 1461 872 1462 870 1461 856 1452 855 1452 854 1452 852 1452 710 1461 698 1461 696 1461 678 1450 678 1450 676 1450 543 1450 542 1450 540 1450 522 1460 522 1488"/></Shape>
            <String CONTENT="&amp; blaſphema. Primum enim per excommunica¬" HPOS="522" VPOS="1450" WIDTH="868" HEIGHT="62" WC="0.9994808449977781"/>
          </TextLine>
          <TextLine ID="line_30" TAGREFS="LT8" BASELINE="520 1534 1386 1545" HPOS="519" VPOS="1496" WIDTH="867" HEIGHT="66">
            <Shape><Polygon POINTS="520 1534 519 1548 1048 1560 1048 1560 1077 1554 1096 1560 1098 1560 1098 1560 1190 1556 1191 1556 1192 1556 1202 1562 1203 1562 1203 1562 1204 1562 1384 1557 1386 1545 1383 1504 1246 1512 1191 1504 1176 1503 1174 1503 1161 1504 1113 1510 963 1510 956 1504 950 1500 950 1500 948 1500 946 1500 896 1504 844 1508 830 1504 808 1498 808 1498 807 1498 771 1504 753 1506 746 1504 732 1498 730 1498 729 1498 630 1504 610 1504 610 1504 594 1496 592 1496 592 1496 520 1503 520 1534"/></Shape>
            <String CONTENT="tionem non tolluntur iura naturæ &amp; ſanguinis," HPOS="519" VPOS="1496" WIDTH="867" HEIGHT="66" WC="0.9889665921529134"/>
          </TextLine>
          <TextLine ID="line_31" TAGREFS="LT8" BASELINE="522 1584 1388 1592" HPOS="520" VPOS="1546" WIDTH="867" HEIGHT="64">
            <Shape><Polygon POINTS="522 1584 520 1596 536 1604 537 1604 537 1604 632 1598 645 1598 651 1598 686 1605 687 1605 843 1600 891 1599 902 1602 921 1605 922 1605 972 1602 1004 1600 1011 1604 1030 1610 1030 1610 1032 1610 1060 1604 1074 1602 1098 1604 1130 1608 1131 1608 1161 1605 1185 1604 1191 1605 1196 1610 1197 1610 1197 1610 1198 1610 1240 1606 1266 1604 1276 1606 1292 1611 1293 1611 1294 1611 1386 1608 1388 1592 1388 1560 1365 1554 1364 1554 1302 1554 1300 1554 1299 1554 1298 1554 1292 1560 1287 1563 1264 1563 1066 1560 1046 1556 1006 1550 975 1550 974 1550 972 1550 970 1550 970 1551 964 1556 962 1558 950 1556 926 1550 924 1550 922 1550 903 1554 892 1557 842 1554 736 1548 735 1548 705 1552 684 1556 663 1552 632 1546 630 1546 522 1550 522 1584"/></Shape>
            <String CONTENT="veluti cognationum &amp; affinitatum : ergo filius" HPOS="520" VPOS="1546" WIDTH="867" HEIGHT="64" WC="0.9976254740486974"/>
          </TextLine>
          <TextLine ID="line_32" TAGREFS="LT8" BASELINE="522 1630 1388 1641" HPOS="520" VPOS="1594" WIDTH="867" HEIGHT="62">
            <Shape><Polygon POINTS="522 1630 520 1646 1384 1656 1388 1641 1388 1610 1378 1605 1377 1605 1376 1605 1376 1605 1350 1610 1344 1611 1209 1611 1206 1608 1202 1604 1200 1604 1198 1604 1197 1604 1197 1604 1184 1608 1173 1610 960 1610 927 1602 909 1599 908 1599 888 1602 848 1606 838 1600 837 1598 836 1598 834 1598 728 1598 726 1598 724 1598 722 1598 711 1604 698 1598 696 1598 694 1598 522 1594 522 1630"/></Shape>
            <String CONTENT="manet filius patris etiam excommunicati, vxor" HPOS="520" VPOS="1594" WIDTH="867" HEIGHT="62" WC="0.9872742467456394"/>
          </TextLine>
          <TextLine ID="line_33" TAGREFS="LT8" BASELINE="520 1683 1346 1686" HPOS="520" VPOS="1644" WIDTH="825" HEIGHT="62">
            <Shape><Polygon POINTS="520 1683 520 1701 580 1695 608 1701 609 1701 610 1701 616 1701 771 1695 784 1701 795 1704 795 1704 796 1704 816 1701 838 1696 874 1701 900 1702 902 1702 981 1700 1054 1696 1059 1700 1070 1706 1071 1706 1072 1706 1106 1700 1116 1698 1124 1700 1160 1706 1161 1706 1344 1698 1346 1686 1344 1656 1287 1656 1287 1654 1264 1647 1264 1647 1263 1647 1262 1647 1260 1647 1260 1647 1251 1654 1251 1656 1172 1656 1172 1654 1158 1647 1156 1647 1155 1647 1154 1647 1154 1647 1152 1647 1142 1653 1070 1646 1034 1646 1032 1646 1030 1646 1030 1646 1030 1647 1020 1653 946 1647 945 1647 908 1653 906 1653 894 1646 892 1646 891 1646 890 1646 820 1653 814 1653 814 1653 795 1646 795 1646 794 1646 792 1646 765 1653 723 1644 722 1644 687 1650 608 1644 606 1644 604 1644 585 1650 538 1644 537 1644 537 1644 520 1652 520 1683"/></Shape>
            <String CONTENT="manet vxor: cognati manent illius cognati." HPOS="520" VPOS="1644" WIDTH="825" HEIGHT="62" WC="0.9803860570703234"/>
          </TextLine>
        </TextBlock>
        <TextBlock HPOS="511" VPOS="1702" WIDTH="875" HEIGHT="104" ID="block_5" TAGREFS="BT3408">
          <Shape><Polygon POINTS="511 1702 1385 1702 1385 1806 511 1806 511 1702"/></Shape>
          <TextLine ID="line_34" TAGREFS="LT8" BASELINE="561 1731 1383 1737" HPOS="561" VPOS="1690" WIDTH="822" HEIGHT="66">
            <Shape><Polygon POINTS="561 1731 561 1746 1029 1746 1030 1746 1053 1755 1054 1755 1054 1756 1194 1756 1194 1755 1196 1755 1197 1755 1206 1748 1216 1756 1218 1756 1220 1756 1221 1756 1280 1750 1359 1756 1360 1756 1362 1756 1382 1748 1383 1737 1383 1706 1371 1696 1370 1696 1370 1696 1368 1696 1323 1698 1322 1698 1320 1698 1312 1706 1288 1700 1287 1700 1286 1700 1252 1704 1242 1706 1240 1704 1228 1696 1227 1696 1227 1696 1226 1696 1179 1702 1167 1704 1164 1702 1149 1695 1148 1695 1148 1695 1094 1701 1062 1704 1053 1700 1040 1694 1038 1694 950 1694 948 1694 926 1696 891 1702 866 1696 854 1692 852 1692 850 1692 850 1692 838 1696 816 1702 728 1702 692 1692 687 1690 686 1690 684 1690 684 1690 681 1692 666 1696 561 1690 561 1731"/></Shape>
            <String CONTENT="Deinde non tolluntur iura &amp; officia humani¬" HPOS="561" VPOS="1690" WIDTH="822" HEIGHT="66" WC="0.9882718906846157"/>
          </TextLine>
          <TextLine ID="line_35" TAGREFS="LT8" BASELINE="510 1778 1383 1786" HPOS="508" VPOS="1740" WIDTH="874" HEIGHT="80">
            <Shape><Polygon POINTS="510 1778 508 1814 622 1815 624 1815 626 1815 627 1815 628 1814 634 1809 663 1814 687 1816 688 1816 690 1816 700 1814 735 1802 801 1808 807 1812 814 1818 814 1818 816 1818 818 1820 885 1820 885 1818 886 1818 904 1812 926 1804 932 1812 938 1816 939 1816 940 1816 942 1818 978 1818 978 1816 980 1816 994 1810 1005 1808 1011 1810 1030 1820 1030 1820 1032 1820 1034 1820 1054 1810 1065 1806 1074 1810 1078 1812 1080 1812 1080 1812 1082 1812 1086 1810 1098 1806 1116 1809 1126 1812 1128 1812 1154 1809 1178 1808 1180 1809 1191 1820 1192 1820 1194 1820 1196 1820 1197 1820 1226 1809 1262 1814 1263 1814 1382 1808 1383 1786 1382 1748 1352 1754 1320 1746 1320 1746 1318 1746 1317 1746 1316 1746 1314 1746 1287 1755 1256 1755 1246 1746 1245 1746 1244 1746 1242 1746 1240 1746 1221 1752 1096 1752 1089 1746 1088 1746 1086 1746 1086 1746 1084 1746 1071 1752 1002 1752 960 1743 956 1743 956 1743 954 1743 952 1743 939 1752 876 1752 780 1750 754 1740 753 1740 752 1740 750 1740 728 1740 602 1746 591 1740 590 1740 588 1740 510 1740 510 1778"/></Shape>
            <String CONTENT="tatis per eandem pœnam.Itaque excommunica¬" HPOS="508" VPOS="1740" WIDTH="874" HEIGHT="80" WC="0.9745991641566867"/>
          </TextLine>
        </TextBlock>
        <TextBlock HPOS="1325" VPOS="1804" WIDTH="65" HEIGHT="50" ID="block_6" TAGREFS="BT17">
          <Shape><Polygon POINTS="1325 1804 1390 1804 1390 1854 1325 1854 1325 1804"/></Shape>
          <TextLine ID="line_36" TAGREFS="LT8" BASELINE="1326 1838 1388 1838" HPOS="1326" VPOS="1798" WIDTH="62" HEIGHT="64">
            <Shape><Polygon POINTS="1326 1838 1326 1863 1388 1851 1388 1838 1388 1800 1326 1798 1326 1838"/></Shape>
            <String CONTENT="tis" HPOS="1326" VPOS="1798" WIDTH="62" HEIGHT="64" WC="0.99981689453125"/>
          </TextLine>
        </TextBlock>
      </PrintSpace>
    </Page>
  </Layout>
</alto>
