1500 2172
706 153 555 68 AD I. PAVL. AD TIM.

538 178 82 57 291

537 195 876 87 Cque. ex ſpecie vna reliqua ciborum genera in¬

537 268 304 62 telligi oportere.

614 1712 816 76 Cum gratiarum actione) Tertium argumentum

586 296 826 84 Quartò, docent Deum ipſum hanc ciborum

537 342 874 87 differentiam inſtituiſſe maioris cuiuſdam ſancti¬

538 394 873 76 tatis gratia: & olim carnium eſu interdixiſſe

542 444 872 82 populo ſuo. Deut. 22. Quæ res non eſt viſa leuis

543 494 870 76 momenti, cùm laudentur qui etiam mortem obi¬

543 543 868 78 re non recuſarunt, ne vetitas à Deo carnes eſita¬

543 591 866 75 rent, vt apparet ex hiſtoria Macchabæorum. Re¬

544 642 872 80 ſpond. Cùm adhuc ſub pædagogia verſaretur

544 690 870 80 Dei populus, nec eius libertatis, quam per Chri¬

546 735 868 80 ſtum adepti ſumus, plenum vſum haberet (quò

544 784 870 75 inter Chriſti nondum manifeſtati & manifeſta¬

546 834 872 75 ti tempora perſpicuum diſcrimẽ appareret) Do¬

546 879 873 84 minum voluiſſe quibuſdã vmbris vitæ ſpiritualis

546 932 873 82 ſanctitatẽ, quam exigebat, illis repræſentare, quæ

548 980 874 81 illis quidem partim variis lotionibus: partim iſta

549 1029 872 81 ciborũ diſtinctione propoſita fuit, tanquam ru¬

549 1077 870 80 dioribꝰ adhuc puerulis. Quę cauſa in nobis ceſſat,

554 1125 870 78 qui per Chriſti aduentum & gratiam ad legitimã

552 1178 873 75 Eccleſiæ ætatem peruenimus, & pueri eſſe deſii¬

554 1222 870 78 mus. Itaque hæc cauſa fuit inſtituti iſtius delectus

554 1272 874 74 ciborũ à Deo, nẽpe vt illis adhuc rudioribus eſſet

555 1322 874 76 vitæ ſanctioris delineatio & ſignificatio:nõ quòd

555 1371 870 78 ciorprouibitripſi per ſe impuri eſſent, aut quòd

556 1425 872 75 per fele ipn ciorconceſsi puriores, cùm tota ea

558 1467 870 78 res carnalis fuerit (vt ait Scriptura) quæ propriè

560 1514 866 76 animos non attingit, vt docetur in Epiſt. ad He¬

561 1564 868 76 bræos cap.9. verſ. 1o. 7. verſ. 16. Atque hæc ipſa

558 1611 867 78 hodie firmiſsima eſt Papiſtarum ratio, quã à Ma¬

561 1676 375 57 nichæis ſumpſerunt.

556 1758 872 96 ab hæreticorum blaſphemia ductum. Eſt ea do¬

1308 1803 122 88 ctrina
