1500 2172
552 178 98 30 JUa.

716 148 561 52 AD MTAVE. AD TIM.

542 194 861 74 ipſis ſuæ diuitiæ ſint ſalutares. Pro ἀγαθορργεῖν, le¬

543 249 861 66 git Ambroſius ὀθελοεργεῖν, quod huic loco & mẽti

540 300 861 56 Pauli nõ conuenit. Bona igitur opera vocat Pau¬

538 346 862 66 lus ea, per quæ in proximum beneficium confer¬

542 394 860 64 tur, & illi bene fit, quemadmodũ idem loquitur

543 446 858 64 Galat.6.verſ.9.1o. quanquam verbi Græci ſigni¬

537 494 862 66 ficatio etiam ad alia operum genera pertinet. Bo¬

537 544 864 60 na verò opera ſunt eleemoſynæ, quia à bona ra¬

538 590 861 66 dice, id eſt à fide & vera Chriſtianáque charita¬

537 640 864 63 te naſcuntur. Aliâs ipſa pecuniæ datio quæ fit

537 688 866 64 pauperi, per ſe poteſt eſſe opus indifferens, vt do¬

537 740 864 56 cet Paulus 1.Corinth.13.verſ.3. vel etiam malum,

537 786 864 62 vt ſi pauperi dem, quem ineſcare cupio, vt hac li¬

534 832 867 63 beralitate poſtea perſuaſus à me facilius iugule¬

537 882 862 58 tur, vel lædatur, exemplum eſt Matth.6.verſ.1.2.

536 930 866 62 3. eleemoſynarum quæ damnantur. Ergo nõ tam

532 978 867 63 externum opus in iſtis rebus eſt opus illud quod

532 1026 868 66 bonum appellatur, quàm fons, origo, finis & ſco¬

534 1080 867 60 pus ipſe, vnde illæ eleemoſynæ proficiſcuntur: &

532 1122 866 63 ad quem tendunt. Quod idcirco notandum eſt,

536 1173 862 56 quia homines infideles & hypocritæ hæc opera

531 1221 867 62 externa longè potiora melioráque putant, quàm

532 1270 866 54 veram in verum Deum fiduciam, carnis mortifi¬

530 1316 866 64 cationem, ſpiritus renouationem, quoniam ſpe¬

530 1370 867 57 ciem maiorem ſanctitatis & humanitatis præ ſe

531 1418 868 54 ferre videantur. Bonum enim opus metiuntur

534 1467 862 57 ex eo quod eſt & apparens, & alteri vtile & com¬

530 1514 867 60 modum. Bona ſunt quidẽ hæc opera quatenus ex

532 1560 864 58 vera fide & charitate fiunt: & ad Dei gloriam &

530 1611 866 63 obſequium proximíque ædificationem penitus

526 1658 218 57 referuntur.

582 1704 813 60 Quod addit, faciles ad impertiendum, oſtendit

526 1754 867 75 veriſſimam liberalitatis, quæ in diuitibus eſſe de¬

1305 1809 87 66 bet,
