1500 2172
566 141 90 44 552

724 111 566 62 AD I. PAVL. ADTTIM.

560 154 861 82 valetudinem & ſtomachum Timothei pertinẽt.

561 208 864 80 Quæ igitur ſeriei & continuationis huius loci

558 256 864 81 afferri ratio poteſt? Reſpondent quidam aptè

558 306 858 75 hunc locum cum ſuperiori connecti. Cùm e¬

558 356 864 76 nim ſuperiori proximè verſiculo voluerit Pau¬

561 405 866 75 lus Timotheum eſſe ἀγνὸν, id eſt, caſtum, vt

561 452 861 81 interpretantur illi:meritò quoque de vini potio¬

561 500 861 84 ne præceptũ ſubiici, quæ caſtitati repugnare vi¬

561 549 862 80 deri poterat. Itaque ne caſtitatis retinendæ præ¬

561 597 866 80 textu nimia & immodica abſtinẽtia ab eo ſuſcipe

561 646 866 80 retur, vtilem hanc admonitionem Paulum ſub.

561 696 867 80 iunxiſſe volunt. Hæc Chryſoſto:hæc Anſelmus:

566 746 864 75 hæc penè cœterorum omnium ſentẽtia eſt. Nos

562 794 870 78 tamen aliud exiſtimamus. Nam quemadmodum

564 843 867 75 voκάγνὸ ad caſtitatem corporis ſiue cœlibatum

564 890 868 80 quemadmodum tamen illi fingunt, minimè per

562 938 868 78 tinet: ſic neque hoc præceptum additum eſt pro¬

564 990 868 76 pter caſtitatem. Quid igitur? Cùm oporteat om¬

564 1044 868 66 ſes iiueles ceciella pauorto ce miniſtros verbi

564 1084 870 74 Dei vitæ ſuæ luce & ſanctitate præire reliquo

567 1132 870 82 gregi, docet hoc loco Paulus exemplo Timothei

567 1184 867 75 quatenus eos victus ſobrietatem & rationem ha

567 1232 864 80 bere deceat, vt in cibo ipſo cæteris quoque vitę

567 1288 556 72 exemplum paſtores præbeant.

624 1326 813 80 Timotheum autem vult Paulus vti vino, ſed

567 1376 870 80 mouieo: ex quo apparet eum fuiſſe abſtemium,

567 1428 874 76 non tam quidem natura: quàm vitæ magna conti

568 1474 874 75 nentia. Non vetat enim nudè, ne Timoth. aquam

568 1520 872 82 bibat ὀλίγω. Hæc vox non tam ad qualitatem vi¬

567 1569 873 81 ni, quàm ad quantitatẽ referenda eſt, vt ὀλιγον οινον

568 1622 874 75 intelligamus, nõ ὀλιγορόρον. i. quod aquæ minimũ

570 1671 873 75 ferat: ſed paucum, & quo quis inebriari non poſ¬

572 1718 874 90 ſit. Diſertè ver ò vocem hanc, ὀλίγον, addidit, vt

1365 1764 84 63 hoc
