1500 2172
585 112 742 57 5on 41i fl A AVne Ab TIM.

579 160 870 66 que donum Dei eſt, quæ quantum quidem in

576 213 873 60 nobis eſt, fouenda, ſuſtentanda, tuendáque eſt, vt

574 262 872 58 noſtro muneri ſatis eſſe poſſimus. Aliâs enim

576 312 872 60 noſtra culpa fit, quòd inutiles aut minus idonei

574 358 872 60 euadimus. Præclarum eſt exemplum veteris Ec¬

574 408 870 62 cleſiæ, quæ Alcibiadem quendam nimis auſterè

578 459 867 51 viuentem monuit, vt ea viuendi ratione abſtine¬

573 506 872 62 ret, vinúmque biberet. At que ille ſapienti Eccle¬

574 554 870 58 ſiæ conſilio paruit libens, vt refert Euſeb.lib.5.

576 603 870 63 Hiſto. cap.3. Vnde falſa & planè reſpuenda eſt

573 650 870 66 illa laus, quam Bernardus ſerm.6.in Pſal. Qui ha¬

573 699 872 66 bitat, quibuſdam Monachis tribuit, nimirũ quòd

573 752 868 60 variis corporis exercitiis & abſtinentiis cõtere¬

572 798 868 63 rẽtur ſupra vires, ſupra naturã, ſupráque conſue¬

573 844 868 60 tudinem. Malè quoque idem Bernard. ſermo.3o.

573 894 872 62 Cantic. Monachum te fore profeſſus es, non me¬

573 942 870 63 dicum: nec de complexione tibi iudicãdum, ſed

572 990 872 60 de profeſſione. Verior illa eſt eiuſdem Bern.ſen¬

573 1040 870 63 tẽtia ſer. 1o.in Pſ. Qui habitat. Nec ſanè dixerim

573 1089 872 63 vt vel ipſam odio habeas carnem tuam. Dilige eã

573 1138 868 62 tanquam tibi datam in adiutorium, & ad æterne

572 1188 872 57 beatitudinis conſortium præparatam: cæterum

570 1239 872 54 ſic amet anima carnem, vt non ipſa in carnem

572 1284 872 60 tranſijſſe putetur. Sed & illa quoque eiuſdem ſen¬

570 1335 872 56 tentia ſermo. 4. in eundem Pſalmum veriſſima

573 1383 870 60 eſt Dominum voluiſſe, vt in manna cęlitus com¬

570 1431 872 62 pluta omnis ſaporis, omníſque odoris delectatio

570 1479 870 54 ineſſet, vt liberum eſſe ciborũ vſum atque à Deo

572 1526 870 66 ſibi conceſſum homines intelligerent. Nam hîc

572 1574 868 62 vini vſum præſcribit Paulus, in quo ſuauitas vo¬

568 1624 870 63 luptáſque guſtus vnâ cum vtilitate coniuncta eſt,

573 1672 867 62 vt eſt Pſal.1o4.verſ.16.nec ignorauit Bernar.tam

573 1722 872 88 ſeueram vitæ rationem meritò illo etiam ſeculo

1359 1766 84 64 dici
