1500 2172
878 129 70 60 520

399 146 255 34 CARVT V.

84 170 872 72 taxat Epiſcopo vel Archiepiſcopo, facta electio

86 228 868 60 legitima eſt, quantunuis magna cenſeatur inter

86 279 872 56 homines iſtorum authoritas, vt præclarè annotat

93 324 861 58 Theodorus lector lib2. Collecta. Sed in Dei Ec¬

86 372 868 58 cleſia Chriſti vnius lex dominari debet: quæ nul¬

84 422 870 62 la ratione infeingi poteſt, vt rectè adminiſtrata

84 471 872 54 Eccleſia dici poſſit. Præter enim vnum Chriſtum

80 518 870 62 nemo eſt in Dei Eccleſia ἀυτοκράτωρ: nemo illius

86 567 866 63 domus Dominus: ſed ſolus Chriſtus eſt ille vnus,

87 620 870 60 extra cuius præceptum nemo in ea dignitatem

81 666 874 57 legitimam obtinet. Non vult autem Chriſtus ab

88 716 867 57 vno quodam ſolo patrono, vel Rege, vel Ponti¬

81 762 874 64 fice & Epiſcopo aliquos eligi & aſciri ad munera

84 812 872 62 Eccleſiæ ſuæ, vt perſpicuè poſtea apparebit.

92 860 864 62 Quod ipſum rectè quoque vetitum eſt fieri ab

84 906 872 62 Adriano Rom. Pontifice, vt eſt in canone Nullus.

81 954 874 63 & à Nicolao in cano. Porro, & can. ſeq. Diſtin.63.

86 1004 872 57 Atq; inde orta ſunt grauiſſima illa, & plus quàm

81 1050 873 60 nefaria bella inter Henricos imperatores Rom.

82 1100 872 60 & Gregorios Pontif. Rom. cùm vtrique ad ſe

81 1148 878 56 ſolum ius illud electionũ trahere conarẽtur. Nec

84 1198 873 60 obſtat, quod Titus, Timotheus, Paulus ſoli vi¬

86 1245 872 63 dẽtur Preſbyteros & Epiſcopos Eccleſijs præfe¬

82 1294 874 60 ciſſe, vti ex hoc loco videtur colligi poſſe, & Act.

84 1342 873 63 16. Tit.1.Reſpondeo enim illud genus dicẽdi Con¬

78 1394 890 62 ſtituas, imponas, &c. ex mente Pauli eſſe ſic intel¬

80 1440 879 63 ligendum: Non vt vni cuidam ſoli electio tota

81 1488 872 60 committatur iúſque illud tribuatur: ſed vt ſynec¬

82 1540 873 56 dochicõs complexus eſſe ea dicen di ratione in¬

80 1586 876 62 telligatur omnes Paulus, & omnia, quæ fieri in

82 1636 872 56 legitima vocationis Eccleſiaſticæ ratione & for¬

80 1683 874 62 ma debent & ſolent (vt ex his verbis Tit.1.V.5. Vt

76 1732 876 81 cibi mandaui) facilè concludi poteſt. Sed cùm in
