<?xml version='1.0' encoding='UTF-8'?>
<alto xmlns:xsi="http://www.w3.org/2001/XMLSchema-instance" xmlns="http://www.loc.gov/standards/alto/ns-v4#" xsi:schemaLocation="http://www.loc.gov/standards/alto/ns-v4# http://www.loc.gov/standards/alto/v4/alto-4-2.xsd">
  <Description>
    <MeasurementUnit>pixel</MeasurementUnit>
    <sourceImageInformation>
      <fileName>2013042.jpeg</fileName>
    </sourceImageInformation>
  </Description>
  <Tags>
    <OtherTag ID="BT7" LABEL="CustomZone" DESCRIPTION="block type CustomZone"/><OtherTag ID="BT8" LABEL="DamageZone" DESCRIPTION="block type DamageZone"/><OtherTag ID="BT9" LABEL="DigitizationArtefactZone" DESCRIPTION="block type DigitizationArtefactZone"/><OtherTag ID="BT10" LABEL="DropCapitalZone" DESCRIPTION="block type DropCapitalZone"/><OtherTag ID="BT11" LABEL="GraphicZone" DESCRIPTION="block type GraphicZone"/><OtherTag ID="BT12" LABEL="MainZone" DESCRIPTION="block type MainZone"/><OtherTag ID="BT13" LABEL="MarginTextZone" DESCRIPTION="block type MarginTextZone"/><OtherTag ID="BT14" LABEL="MusicZone" DESCRIPTION="block type MusicZone"/><OtherTag ID="BT15" LABEL="NumberingZone" DESCRIPTION="block type NumberingZone"/><OtherTag ID="BT17" LABEL="QuireMarksZone" DESCRIPTION="block type QuireMarksZone"/><OtherTag ID="BT18" LABEL="RunningTitleZone" DESCRIPTION="block type RunningTitleZone"/><OtherTag ID="BT19" LABEL="SealZone" DESCRIPTION="block type SealZone"/><OtherTag ID="BT20" LABEL="StampZone" DESCRIPTION="block type StampZone"/><OtherTag ID="BT21" LABEL="TableZone" DESCRIPTION="block type TableZone"/><OtherTag ID="BT22" LABEL="TitlePageZone" DESCRIPTION="block type TitlePageZone"/><OtherTag ID="BT3407" LABEL="MainZone-Continued" DESCRIPTION="block type MainZone-Continued"/><OtherTag ID="BT3408" LABEL="MainZone-P" DESCRIPTION="block type MainZone-P"/><OtherTag ID="BT3409" LABEL="MainZone-Head" DESCRIPTION="block type MainZone-Head"/><OtherTag ID="BT3410" LABEL="MainZone-Other" DESCRIPTION="block type MainZone-Other"/><OtherTag ID="BT3411" LABEL="MainZone-Sp" DESCRIPTION="block type MainZone-Sp"/><OtherTag ID="BT3417" LABEL="MainZone-Sp-Continued" DESCRIPTION="block type MainZone-Sp-Continued"/><OtherTag ID="BT3418" LABEL="GraphicZone-Decoration" DESCRIPTION="block type GraphicZone-Decoration"/><OtherTag ID="BT3419" LABEL="MainZone-Entry" DESCRIPTION="block type MainZone-Entry"/><OtherTag ID="BT3420" LABEL="MainZone-Lg" DESCRIPTION="block type MainZone-Lg"/><OtherTag ID="BT3421" LABEL="MainZone-Entry-Continued" DESCRIPTION="block type MainZone-Entry-Continued"/><OtherTag ID="BT3422" LABEL="MarginTextZone-ManuscriptAddendum" DESCRIPTION="block type MarginTextZone-ManuscriptAddendum"/><OtherTag ID="BT3423" LABEL="MainZone-List" DESCRIPTION="block type MainZone-List"/>
    <OtherTag ID="LT7" LABEL="CustomLine" DESCRIPTION="line type CustomLine"/><OtherTag ID="LT8" LABEL="DefaultLine" DESCRIPTION="line type DefaultLine"/><OtherTag ID="LT9" LABEL="DropCapitalLine" DESCRIPTION="line type DropCapitalLine"/><OtherTag ID="LT10" LABEL="HeadingLine" DESCRIPTION="line type HeadingLine"/><OtherTag ID="LT11" LABEL="InterlinearLine" DESCRIPTION="line type InterlinearLine"/><OtherTag ID="LT12" LABEL="MusicLine" DESCRIPTION="line type MusicLine"/>
  </Tags>
  <Layout>
    <Page WIDTH="1500" HEIGHT="2172" PHYSICAL_IMG_NR="38" ID="eSc_dummypage_">
      <PrintSpace HPOS="0" VPOS="0" WIDTH="1500" HEIGHT="2172">
        <TextBlock HPOS="687" VPOS="128" WIDTH="564" HEIGHT="57" ID="block_1" TAGREFS="BT18">
          <Shape><Polygon POINTS="687 128 1251 128 1251 186 687 186 687 128"/></Shape>
          <TextLine ID="line_1" TAGREFS="LT8" BASELINE="678 180 1250 165" HPOS="678" VPOS="128" WIDTH="572" HEIGHT="69">
            <Shape><Polygon POINTS="1124 154 1112 154 1100 154 1088 154 1076 154 1064 154 1052 154 1040 154 1028 154 1016 154 1004 154 992 154 980 154 968 154 956 154 944 154 932 154 920 154 906 154 900 154 896 158 846 158 840 154 834 154 822 154 810 154 798 154 786 154 774 154 762 154 750 154 738 154 726 154 714 154 702 154 690 154 682 154 678 158 678 180 678 189 722 196 722 196 723 196 754 188 766 184 858 183 872 184 896 190 897 190 934 184 957 180 968 184 978 188 980 188 981 188 981 188 982 188 987 184 993 180 994 183 1000 188 1002 188 1004 188 1005 188 1005 188 1018 183 1029 178 1035 183 1040 186 1041 186 1042 186 1042 186 1101 184 1102 184 1104 184 1110 182 1118 176 1154 180 1172 183 1173 183 1248 178 1250 165 1246 128 1136 129 1136 129 1134 129 1134 130 1131 134 1124 140 1124 154"/></Shape>
            <String CONTENT="AD I. PAVL. AD TIM" HPOS="678" VPOS="128" WIDTH="572" HEIGHT="69" WC="0.9963227775361803"/>
          </TextLine>
        </TextBlock>
        <TextBlock HPOS="531" VPOS="154" WIDTH="69" HEIGHT="49" ID="block_2" TAGREFS="BT15">
          <Shape><Polygon POINTS="531 154 600 154 600 204 531 204 531 154"/></Shape>
          <TextLine ID="line_2" TAGREFS="LT8" BASELINE="537 184 622 182" HPOS="537" VPOS="154" WIDTH="86" HEIGHT="50">
            <Shape><Polygon POINTS="621 154 609 154 597 154 585 154 573 154 561 154 549 154 537 154 537 184 537 196 579 204 579 204 580 204 582 204 598 192 602 190 622 190 622 182 621 154 621 154"/></Shape>
            <String CONTENT="195" HPOS="537" VPOS="154" WIDTH="86" HEIGHT="50" WC="0.9998570481936137"/>
          </TextLine>
        </TextBlock>
        <TextBlock HPOS="526" VPOS="192" WIDTH="881" HEIGHT="263" ID="block_3" TAGREFS="BT3407">
          <Shape><Polygon POINTS="526 192 1407 192 1407 456 526 456 526 192"/></Shape>
          <TextLine ID="line_3" TAGREFS="LT8" BASELINE="526 240 906 228 1395 219" HPOS="525" VPOS="172" WIDTH="870" HEIGHT="86">
            <Shape><Polygon POINTS="526 240 526 258 658 250 669 254 675 255 676 255 678 255 690 252 729 246 771 250 783 252 784 252 786 252 794 249 814 244 861 248 891 249 892 249 894 249 894 249 897 246 902 242 910 246 918 249 920 249 920 249 1024 246 1064 240 1089 237 1104 240 1130 244 1131 244 1132 244 1150 238 1158 234 1230 234 1240 234 1262 240 1263 240 1264 240 1302 234 1304 234 1306 234 1365 238 1366 238 1368 238 1395 230 1395 219 1392 183 1282 172 1282 172 1281 172 1257 184 1256 184 1197 178 1196 178 1154 188 1144 180 1143 180 1142 180 1088 178 1086 178 1010 182 1008 182 980 192 978 194 868 195 838 184 838 184 837 184 836 184 834 184 816 196 742 188 741 188 740 188 718 195 688 190 687 190 686 190 668 198 627 189 626 189 525 202 526 240"/></Shape>
            <String CONTENT="demiſſa Gall.vn Roquet poſtea coleron. Sed doce¬" HPOS="525" VPOS="172" WIDTH="870" HEIGHT="86" WC="0.9974096529185772"/>
          </TextLine>
          <TextLine ID="line_4" TAGREFS="LT8" BASELINE="528 290 951 274 1395 268" HPOS="526" VPOS="230" WIDTH="868" HEIGHT="75">
            <Shape><Polygon POINTS="1130 246 1125 240 1118 242 1108 243 1101 242 1074 236 1074 236 1072 236 1058 243 1054 244 1044 243 1012 237 1011 237 1011 237 986 244 976 246 957 244 922 242 921 242 920 242 920 242 915 246 912 248 878 246 819 242 818 242 789 248 768 252 746 248 722 244 722 244 720 244 705 249 693 252 680 249 669 246 668 246 666 246 666 246 654 250 640 252 622 250 604 248 603 248 602 248 600 248 597 250 590 255 579 252 573 249 572 249 570 249 526 252 528 290 528 304 723 296 807 298 818 298 819 298 820 298 822 298 844 291 1394 282 1395 268 1392 237 1340 230 1340 230 1338 230 1305 238 1302 240 1252 240 1252 240 1239 232 1238 232 1236 232 1234 232 1234 232 1221 240 1216 240 1149 236 1148 236 1134 238 1130 246"/></Shape>
            <String CONTENT="bãt in Ambone ſtantes qui erectus erat, in cœtu," HPOS="526" VPOS="230" WIDTH="868" HEIGHT="75" WC="0.9993019371616597"/>
          </TextLine>
          <TextLine ID="line_5" TAGREFS="LT8" BASELINE="532 338 898 326 1395 316" HPOS="531" VPOS="276" WIDTH="864" HEIGHT="76">
            <Shape><Polygon POINTS="532 338 532 346 542 352 543 352 543 352 544 352 582 345 592 352 592 352 594 352 596 352 692 351 693 351 716 340 940 339 956 345 957 345 958 345 1004 342 1005 342 1005 342 1014 334 1048 342 1050 342 1126 333 1170 340 1172 340 1220 332 1268 339 1269 339 1270 339 1270 339 1287 328 1364 333 1364 333 1365 333 1395 326 1395 316 1394 284 1362 276 1360 276 1359 276 1342 284 1290 278 1290 278 1288 278 1258 285 1257 285 1256 285 1179 279 1178 279 1176 279 1174 279 1174 280 1168 285 1130 280 1130 280 1128 280 1101 290 1101 290 1074 290 1028 290 1012 284 1011 284 1011 284 900 294 897 294 896 294 800 288 798 288 746 297 744 297 742 297 654 291 652 291 651 291 634 300 592 292 591 292 590 292 588 292 588 294 579 302 531 302 532 338"/></Shape>
            <String CONTENT="vt facilius audirentur docentes Epiſcopi Socr." HPOS="531" VPOS="276" WIDTH="864" HEIGHT="76" WC="0.9954460794511049"/>
          </TextLine>
          <TextLine ID="line_6" TAGREFS="LT8" BASELINE="531 388 814 375 1406 366" HPOS="530" VPOS="326" WIDTH="876" HEIGHT="80">
            <Shape><Polygon POINTS="531 388 531 405 628 405 630 405 632 405 633 404 640 399 730 400 806 400 807 400 808 400 808 400 808 400 813 398 820 390 938 388 976 393 1024 396 1026 396 1028 396 1048 390 1060 387 1104 388 1209 393 1209 393 1210 393 1232 384 1234 382 1258 382 1386 387 1388 387 1388 387 1406 378 1406 366 1402 334 1326 326 1326 326 1268 336 1262 338 1254 338 1194 328 1192 328 1191 328 1191 328 1176 339 1173 339 1146 339 1143 339 1134 330 1132 330 1131 330 1101 330 1100 330 1098 330 1080 339 1078 340 1066 339 1004 333 1002 333 1000 333 982 339 956 333 954 333 952 333 933 342 927 345 900 344 818 336 816 336 744 339 742 339 741 339 732 345 728 350 658 350 652 346 640 342 640 342 639 342 603 348 584 351 573 348 552 342 550 342 549 342 549 342 530 346 531 388"/></Shape>
            <String CONTENT="lib 6.cap.5. Eſt autem Ambo ſedes eminens in" HPOS="530" VPOS="326" WIDTH="876" HEIGHT="80" WC="0.9840979508378289"/>
          </TextLine>
          <TextLine ID="line_7" TAGREFS="LT8" BASELINE="537 436 784 429" HPOS="536" VPOS="392" WIDTH="249" HEIGHT="64">
            <Shape><Polygon POINTS="537 436 537 450 618 456 620 456 666 447 741 453 742 453 744 453 746 453 758 444 784 442 784 429 782 399 759 399 759 399 750 392 748 392 747 392 746 392 746 392 732 399 728 400 726 399 712 393 711 393 710 393 710 393 692 399 684 400 681 399 675 394 674 394 672 394 672 394 670 394 656 399 645 402 634 399 622 394 621 394 620 394 598 399 572 405 536 400 537 436"/></Shape>
            <String CONTENT="cœtu aliquo." HPOS="536" VPOS="392" WIDTH="249" HEIGHT="64" WC="0.999399741490682"/>
          </TextLine>
        </TextBlock>
        <TextBlock HPOS="529" VPOS="484" WIDTH="886" HEIGHT="189" ID="block_4" TAGREFS="BT3409">
          <Shape><Polygon POINTS="529 484 1415 484 1415 673 529 673 529 484"/></Shape>
          <TextLine ID="line_8" TAGREFS="LT8" BASELINE="596 542 802 530 1407 518" HPOS="596" VPOS="466" WIDTH="812" HEIGHT="92">
            <Shape><Polygon POINTS="618 538 606 538 597 538 596 542 597 558 644 546 690 550 690 550 819 543 830 549 831 550 832 550 832 550 834 552 878 552 878 550 904 548 932 543 952 544 975 548 976 548 978 548 980 548 984 543 992 538 1011 543 1024 544 1024 544 1026 544 1028 544 1030 542 1036 538 1040 542 1046 546 1047 546 1048 546 1048 546 1110 544 1112 544 1113 544 1122 538 1130 534 1143 537 1167 543 1168 543 1170 543 1209 536 1224 531 1234 534 1264 542 1264 542 1266 542 1268 542 1269 542 1282 531 1287 530 1290 531 1305 540 1306 540 1308 540 1308 540 1329 530 1358 537 1358 537 1359 537 1407 526 1407 518 1401 466 1326 486 1320 480 1318 480 1317 480 1316 480 1238 482 1222 474 1215 471 1214 471 1172 471 1170 471 1138 472 1137 472 1136 472 1122 480 1110 488 1095 482 1094 482 1092 482 1092 482 1090 482 1060 495 1041 486 1040 486 1038 486 976 498 942 490 892 478 891 478 890 478 844 490 832 480 832 480 831 480 830 480 807 482 806 482 804 482 788 495 753 483 752 483 750 483 748 483 716 494 694 488 693 488 692 488 690 488 690 488 672 504 669 506 621 506 618 538"/></Shape>
            <String CONTENT=" Non vinoſum, non percuſſorem, non" HPOS="596" VPOS="466" WIDTH="812" HEIGHT="92" WC="0.9913470131509444"/>
          </TextLine>
          <TextLine ID="line_9" TAGREFS="LT8" BASELINE="536 598 1407 573" HPOS="532" VPOS="536" WIDTH="874" HEIGHT="86">
            <Shape><Polygon POINTS="1149 555 1142 549 1142 549 1116 549 1112 548 1106 543 1100 543 1088 543 1076 543 1064 543 1052 543 1040 543 1028 543 1005 549 994 552 976 549 926 543 926 543 886 546 885 546 884 546 876 552 870 555 866 554 854 548 852 548 850 548 801 555 776 558 768 555 753 549 752 549 750 549 704 556 687 560 675 558 642 552 640 552 640 552 622 560 612 562 532 561 536 598 537 621 573 610 616 618 621 618 622 618 622 618 626 616 645 608 663 614 664 614 666 614 666 614 668 614 668 612 675 606 783 610 789 610 789 610 794 610 832 604 862 609 882 610 882 610 884 610 897 608 904 604 920 606 956 609 957 609 958 609 970 604 986 598 1011 603 1042 606 1042 606 1044 606 1059 600 1074 596 1184 596 1392 597 1394 597 1395 597 1395 597 1407 588 1407 573 1404 540 1221 546 1214 543 1190 536 1188 536 1186 536 1185 536 1185 536 1172 544 1166 549 1150 549 1149 555"/></Shape>
            <String CONTENT="turpiter lucri cupidum: ſed moderatum, a¬" HPOS="532" VPOS="536" WIDTH="874" HEIGHT="86" WC="0.9815671531165518"/>
          </TextLine>
          <TextLine ID="line_10" TAGREFS="LT8" BASELINE="538 656 882 642 1280 634" HPOS="537" VPOS="591" WIDTH="742" HEIGHT="87">
            <Shape><Polygon POINTS="538 656 538 678 573 678 573 678 573 678 574 678 574 676 576 676 586 666 612 674 614 674 615 674 616 674 634 664 686 672 705 674 706 674 740 672 741 672 742 672 742 672 744 672 746 669 748 666 754 669 759 672 759 672 760 672 762 672 784 666 801 664 808 666 822 670 824 670 825 670 826 670 848 664 876 657 903 662 930 666 932 666 932 666 946 660 958 654 988 658 1011 660 1011 660 1012 660 1014 660 1018 657 1023 652 1116 652 1120 652 1167 660 1168 660 1170 660 1209 648 1210 648 1240 656 1240 656 1242 656 1244 656 1280 645 1280 634 1276 600 1246 600 1246 600 1233 591 1232 591 1230 591 1228 591 1227 591 1227 591 1227 591 1216 598 1184 591 1182 591 1180 591 1179 591 1179 592 1170 602 1156 602 1125 604 1119 603 1086 594 1084 594 1083 594 1052 597 1050 597 1048 597 1040 604 1036 606 1024 604 996 600 994 600 956 606 938 609 932 606 916 598 915 598 914 598 914 598 885 608 872 610 860 608 838 602 837 602 836 602 834 602 832 602 826 609 825 609 807 603 806 603 804 603 802 603 801 603 801 604 795 609 792 614 776 614 765 610 748 604 747 604 746 604 746 604 728 610 717 614 708 610 690 606 690 606 688 606 687 606 686 606 680 610 676 615 618 620 585 620 573 614 567 610 566 610 564 610 537 614 538 656"/></Shape>
            <String CONTENT="jienum à pugnis, alienum ab auaritia." HPOS="537" VPOS="591" WIDTH="742" HEIGHT="87" WC="0.9893465481306377"/>
          </TextLine>
        </TextBlock>
        <TextBlock HPOS="546" VPOS="674" WIDTH="885" HEIGHT="1134" ID="block_5" TAGREFS="BT3408">
          <Shape><Polygon POINTS="546 674 1431 674 1431 1808 546 1808 546 674"/></Shape>
          <TextLine ID="line_11" TAGREFS="LT8" BASELINE="585 723 1412 702" HPOS="584" VPOS="660" WIDTH="828" HEIGHT="80">
            <Shape><Polygon POINTS="1152 678 1148 666 1138 664 1137 664 1136 664 1136 664 1134 664 1116 676 1089 672 1088 672 1086 672 1066 680 1030 680 1012 670 1011 670 1011 670 964 681 926 672 924 672 922 672 921 672 873 684 759 686 732 674 730 674 729 674 632 676 592 681 591 681 590 681 590 682 584 687 585 723 585 740 822 740 822 738 824 738 846 732 850 730 852 732 861 736 862 736 864 736 864 736 866 736 867 736 874 730 876 729 888 730 924 735 926 735 926 735 927 735 933 729 936 728 1022 726 1030 728 1068 732 1070 732 1172 723 1186 722 1191 722 1214 728 1215 728 1215 728 1258 722 1266 720 1274 720 1312 726 1314 726 1412 716 1412 702 1408 672 1326 660 1324 660 1323 660 1322 660 1308 672 1270 660 1269 660 1268 660 1266 660 1264 660 1250 675 1170 675 1154 669 1152 678"/></Shape>
            <String CONTENT="Suprà virtutes explicauit, quæ decent Epiſco¬" HPOS="584" VPOS="660" WIDTH="828" HEIGHT="80" WC="0.9960624925468279"/>
          </TextLine>
          <TextLine ID="line_12" TAGREFS="LT8" BASELINE="542 774 1413 752" HPOS="540" VPOS="712" WIDTH="873" HEIGHT="80">
            <Shape><Polygon POINTS="542 774 542 792 597 783 710 788 726 788 728 788 728 788 729 788 729 786 740 780 746 786 746 788 747 788 748 788 750 789 778 789 778 788 858 784 860 784 866 783 880 777 936 780 975 783 975 783 999 777 1026 772 1084 776 1136 777 1137 777 1138 777 1140 777 1144 774 1148 771 1179 772 1264 776 1264 776 1413 765 1413 752 1407 712 1378 722 1293 716 1282 716 1282 716 1270 717 1191 728 1178 722 1172 718 1172 718 1170 718 1130 720 1130 720 1128 720 1128 722 1125 722 1118 728 1098 723 1084 722 1083 722 1082 722 1080 722 1077 724 1068 730 1058 724 1053 722 1052 722 1050 722 1048 722 1042 726 1034 730 1000 728 988 726 987 726 987 726 981 728 966 734 956 728 946 724 945 724 944 724 944 724 942 724 938 729 934 732 926 729 914 726 912 726 910 726 909 726 892 730 874 735 855 732 828 728 826 728 826 728 810 734 808 734 807 734 789 728 789 728 788 728 786 728 784 728 784 729 777 734 774 738 750 735 698 730 696 730 694 730 669 740 662 741 540 742 542 774"/></Shape>
            <String CONTENT="pos: nunc exponit vitia, quæ dedecent eos. Itaque" HPOS="540" VPOS="712" WIDTH="873" HEIGHT="80" WC="0.9987818477105121"/>
          </TextLine>
          <TextLine ID="line_13" TAGREFS="LT8" BASELINE="543 822 1413 800" HPOS="540" VPOS="762" WIDTH="873" HEIGHT="78">
            <Shape><Polygon POINTS="543 822 543 834 585 840 586 840 698 831 729 828 746 830 807 834 808 834 808 834 838 826 843 826 848 826 882 832 884 832 885 832 906 825 909 824 910 825 915 830 916 830 918 830 920 830 981 822 999 820 1048 820 1050 820 1056 826 1058 826 1059 826 1060 826 1060 826 1084 820 1092 819 1098 820 1136 826 1137 826 1138 826 1140 826 1149 819 1186 824 1188 824 1230 816 1232 816 1233 816 1320 820 1320 820 1413 810 1413 800 1408 771 1326 771 1274 762 1272 762 1270 762 1222 774 1186 765 1185 765 1185 765 1122 777 1005 770 1004 770 1002 770 974 780 909 771 908 771 906 771 874 780 862 776 861 776 860 776 858 776 843 783 782 777 780 777 778 777 760 784 730 777 729 777 728 777 728 777 710 784 678 777 678 777 676 777 616 788 573 782 573 782 572 782 540 790 543 822"/></Shape>
            <String CONTENT="eſt hic verſiculus ἀντίθεως. Non omnia tamen e¬" HPOS="540" VPOS="762" WIDTH="873" HEIGHT="78" WC="0.9917374228944584"/>
          </TextLine>
          <TextLine ID="line_14" TAGREFS="LT8" BASELINE="542 872 1088 854 1413 849" HPOS="540" VPOS="808" WIDTH="873" HEIGHT="81">
            <Shape><Polygon POINTS="542 872 543 890 558 882 626 886 627 886 681 879 702 885 704 885 704 885 705 885 753 876 782 882 783 882 783 882 784 882 840 873 885 876 886 876 926 870 954 878 956 878 956 878 957 878 958 878 972 870 1046 874 1047 874 1048 874 1062 868 1162 872 1166 872 1167 872 1168 872 1170 872 1180 862 1204 870 1206 870 1208 870 1252 870 1280 868 1281 868 1282 868 1290 862 1302 868 1302 868 1304 868 1306 868 1338 862 1410 864 1413 849 1408 816 1372 816 1360 808 1359 808 1358 808 1358 808 1356 808 1340 818 1322 813 1320 813 1320 813 1286 819 1280 820 1274 820 1215 813 1215 813 1060 826 1040 826 1036 826 1011 819 1010 819 1008 819 938 830 934 830 933 830 910 822 909 822 908 822 906 822 885 831 884 831 864 824 864 824 862 824 790 831 748 826 747 826 720 826 718 826 717 826 705 836 704 837 688 837 600 832 598 832 540 840 542 872"/></Shape>
            <String CONTENT="numerat, ſed tantùm quædam, ex quibus maius" HPOS="540" VPOS="808" WIDTH="873" HEIGHT="81" WC="0.9962487004019998"/>
          </TextLine>
          <TextLine ID="line_15" TAGREFS="LT8" BASELINE="543 922 942 906 1413 897" HPOS="542" VPOS="860" WIDTH="872" HEIGHT="78">
            <Shape><Polygon POINTS="543 922 543 938 640 928 654 934 654 934 656 934 662 934 810 924 826 928 832 932 832 932 834 932 850 928 884 921 910 926 926 928 927 928 928 928 938 926 945 922 954 926 966 927 968 927 969 927 969 927 970 927 975 924 982 918 1058 921 1122 922 1122 922 1124 922 1131 918 1140 914 1178 916 1222 920 1224 920 1257 914 1276 910 1296 912 1324 916 1326 916 1413 908 1413 897 1412 866 1342 860 1341 860 1340 860 1326 867 1324 867 1258 862 1257 862 1156 872 1136 873 1124 872 1072 867 1071 867 1070 867 1068 867 1060 873 1012 864 1011 864 1011 864 1010 864 1010 866 999 876 996 878 928 878 926 878 908 868 906 868 906 868 904 868 903 868 892 876 885 868 884 868 882 868 882 868 880 868 879 868 864 879 862 879 836 870 834 870 832 870 801 876 754 872 753 872 710 880 688 874 687 874 686 874 654 876 654 876 652 876 640 884 640 885 640 884 622 878 622 878 621 878 542 886 543 922"/></Shape>
            <String CONTENT="Eccleſiæ offendiculum præbetur, ad quorum ex¬" HPOS="542" VPOS="860" WIDTH="872" HEIGHT="78" WC="0.9975081735187107"/>
          </TextLine>
          <TextLine ID="line_16" TAGREFS="LT8" BASELINE="543 968 1006 952 1416 945" HPOS="543" VPOS="908" WIDTH="873" HEIGHT="76">
            <Shape><Polygon POINTS="543 968 543 984 633 976 658 981 660 981 660 981 682 975 789 978 812 978 813 978 814 978 814 978 814 976 820 972 882 975 902 975 903 975 1416 957 1416 945 1413 909 1302 915 1290 912 1268 908 1266 908 1238 914 1215 918 1203 915 1186 910 1185 910 1185 910 1090 912 1054 920 1034 924 981 922 938 921 938 921 894 926 855 928 848 926 830 920 828 920 826 920 774 921 772 921 771 921 771 922 764 930 760 932 754 930 728 924 728 924 726 924 724 924 724 926 717 932 716 932 714 932 704 927 702 927 700 927 699 927 680 932 672 933 666 932 630 926 628 926 628 926 627 926 627 926 618 933 616 936 543 936 543 968"/></Shape>
            <String CONTENT="emplum de alijs, quæ prætermiſſa ſunt, ſtatuere" HPOS="543" VPOS="908" WIDTH="873" HEIGHT="76" WC="0.9904308978547441"/>
          </TextLine>
          <TextLine ID="line_17" TAGREFS="LT8" BASELINE="543 1017 951 1004 1416 994" HPOS="543" VPOS="954" WIDTH="873" HEIGHT="78">
            <Shape><Polygon POINTS="543 1017 543 1026 591 1032 592 1032 660 1024 664 1024 676 1024 836 1026 837 1026 838 1026 838 1026 844 1022 849 1020 876 1022 932 1023 932 1023 962 1020 987 1016 1416 1011 1416 994 1413 963 1383 954 1382 954 1382 954 1330 962 1323 956 1322 956 1320 956 1320 956 1197 958 1196 958 1194 958 1178 970 1167 970 1136 970 1134 970 994 963 993 963 993 963 992 963 992 964 982 974 930 975 904 966 903 966 902 966 900 966 873 974 840 968 838 968 756 972 754 972 736 981 543 986 543 1017"/></Shape>
            <String CONTENT="poſſumus quid ſit de toto hoc genere definiendũ." HPOS="543" VPOS="954" WIDTH="873" HEIGHT="78" WC="0.9945890660188637"/>
          </TextLine>
          <TextLine ID="line_18" TAGREFS="LT8" BASELINE="546 1066 986 1052 1419 1046" HPOS="543" VPOS="1002" WIDTH="876" HEIGHT="81">
            <Shape><Polygon POINTS="546 1066 546 1083 690 1071 759 1077 784 1078 786 1078 819 1074 885 1066 938 1070 939 1070 1148 1060 1156 1062 1172 1068 1172 1068 1173 1068 1320 1059 1401 1062 1401 1062 1402 1062 1419 1054 1419 1046 1416 1010 1388 1002 1388 1002 1386 1002 1384 1002 1350 1011 1348 1011 1347 1011 1329 1004 1328 1004 1326 1004 1268 1005 1240 1005 1240 1005 1239 1005 1239 1006 1230 1014 1214 1006 1212 1006 1210 1006 1176 1012 1130 1008 1130 1008 1128 1008 1126 1008 1126 1010 1116 1017 1116 1017 1113 1017 1066 1011 1065 1011 1064 1011 1062 1011 1050 1018 1048 1020 1014 1020 1012 1020 1004 1012 1002 1012 1000 1012 999 1012 999 1012 998 1012 988 1020 958 1014 957 1014 956 1014 926 1023 921 1023 916 1023 852 1016 850 1016 850 1016 824 1024 820 1024 818 1024 771 1017 770 1017 729 1028 726 1029 608 1029 592 1023 592 1023 591 1023 590 1023 588 1023 579 1030 543 1030 546 1066"/></Shape>
            <String CONTENT="Multa verò, à quibus nõ tantùm Epiſcopi, ſed in" HPOS="543" VPOS="1002" WIDTH="876" HEIGHT="81" WC="0.9959271491742602"/>
          </TextLine>
          <TextLine ID="line_19" TAGREFS="LT8" BASELINE="546 1116 1416 1092" HPOS="544" VPOS="1052" WIDTH="872" HEIGHT="81">
            <Shape><Polygon POINTS="546 1128 574 1132 576 1132 578 1132 598 1126 604 1125 609 1126 628 1131 630 1131 632 1131 633 1131 646 1125 650 1122 804 1119 807 1120 813 1125 814 1125 814 1125 816 1125 855 1119 870 1116 882 1118 914 1122 914 1122 915 1122 916 1122 921 1116 924 1116 932 1116 980 1122 981 1122 1023 1114 1050 1119 1052 1119 1053 1119 1071 1112 1076 1110 1092 1112 1155 1116 1156 1116 1158 1116 1160 1116 1170 1110 1172 1108 1174 1110 1196 1114 1197 1114 1197 1114 1272 1107 1370 1110 1371 1110 1414 1101 1416 1092 1413 1060 1370 1052 1368 1052 1366 1052 1365 1052 1352 1060 1350 1060 1346 1060 1308 1054 1306 1054 1305 1054 1284 1062 1280 1064 1270 1062 1221 1054 1221 1054 1220 1054 1198 1064 1192 1066 1174 1065 1110 1058 1108 1058 1018 1066 976 1072 962 1068 934 1062 933 1062 879 1071 876 1071 873 1071 855 1065 854 1065 852 1065 850 1065 836 1072 825 1076 801 1072 765 1066 764 1066 762 1066 760 1066 760 1068 754 1072 748 1078 717 1078 710 1074 704 1070 702 1070 700 1070 676 1070 675 1070 674 1070 672 1070 672 1071 666 1076 660 1080 642 1076 638 1074 636 1074 634 1074 634 1074 633 1074 633 1076 632 1076 627 1082 616 1076 609 1072 608 1072 606 1072 604 1072 588 1077 566 1083 544 1078 546 1116 546 1128"/></Shape>
            <String CONTENT="vniuerſum clerici abſtinere debẽt ſunt in cap.cle¬" HPOS="544" VPOS="1052" WIDTH="872" HEIGHT="81" WC="0.988309732839173"/>
          </TextLine>
          <TextLine ID="line_20" TAGREFS="LT8" BASELINE="549 1164 1419 1142" HPOS="546" VPOS="1102" WIDTH="873" HEIGHT="76">
            <Shape><Polygon POINTS="549 1164 549 1179 1419 1155 1419 1142 1414 1102 546 1124 549 1164"/></Shape>
            <String CONTENT="rici officia Extr. de vita &amp; honeſta. clericor. his" HPOS="546" VPOS="1102" WIDTH="873" HEIGHT="76" WC="0.992840427978366"/>
          </TextLine>
          <TextLine ID="line_21" TAGREFS="LT8" BASELINE="549 1212 981 1198 1420 1191" HPOS="549" VPOS="1152" WIDTH="872" HEIGHT="72">
            <Shape><Polygon POINTS="1152 1166 1150 1166 1092 1166 1090 1162 1084 1156 1083 1156 1082 1156 1080 1156 1080 1156 1066 1164 1060 1167 1034 1167 1030 1166 1023 1158 1022 1158 1020 1158 1018 1158 958 1167 954 1167 951 1167 927 1160 926 1160 926 1160 924 1160 906 1166 860 1161 858 1161 858 1161 840 1168 771 1166 771 1166 770 1166 753 1172 706 1166 705 1166 704 1166 704 1166 688 1174 618 1168 616 1168 616 1168 598 1178 555 1172 555 1172 554 1172 552 1172 552 1173 549 1176 549 1212 549 1222 734 1224 734 1224 789 1218 816 1215 824 1216 838 1221 838 1221 840 1221 921 1215 962 1210 976 1214 1011 1218 1011 1218 1012 1218 1028 1212 1032 1209 1040 1210 1060 1216 1062 1216 1064 1216 1166 1215 1208 1208 1222 1204 1238 1206 1264 1209 1264 1209 1266 1209 1268 1209 1272 1206 1276 1203 1420 1202 1420 1191 1418 1154 1290 1160 1282 1156 1270 1152 1270 1152 1269 1152 1268 1152 1266 1152 1258 1158 1254 1161 1236 1158 1214 1154 1212 1154 1210 1154 1209 1154 1203 1160 1197 1164 1166 1166 1152 1166 1152 1166"/></Shape>
            <String CONTENT="verbis. Clerici officia vel commercia ſecularia" HPOS="549" VPOS="1152" WIDTH="872" HEIGHT="72" WC="0.9952503835901301"/>
          </TextLine>
          <TextLine ID="line_22" TAGREFS="LT8" BASELINE="549 1260 1420 1239" HPOS="549" VPOS="1200" WIDTH="872" HEIGHT="76">
            <Shape><Polygon POINTS="549 1260 549 1276 1420 1252 1420 1239 1418 1209 1346 1209 1326 1200 1324 1200 1323 1200 1322 1200 1320 1200 1308 1212 1264 1212 1238 1203 1236 1203 1234 1203 1178 1203 1176 1203 1149 1215 1137 1204 1136 1204 1136 1204 1134 1204 1064 1215 1042 1208 1042 1208 1041 1208 1008 1214 960 1209 958 1209 957 1209 956 1209 956 1209 950 1215 906 1209 906 1209 804 1222 768 1214 766 1214 765 1214 765 1214 729 1224 684 1215 684 1215 682 1215 644 1227 549 1228 549 1260"/></Shape>
            <String CONTENT="non exerceant, maximè inhoneſta. Minus iocu¬" HPOS="549" VPOS="1200" WIDTH="872" HEIGHT="76" WC="0.992228451040056"/>
          </TextLine>
          <TextLine ID="line_23" TAGREFS="LT8" BASELINE="549 1308 1419 1288" HPOS="549" VPOS="1250" WIDTH="870" HEIGHT="75">
            <Shape><Polygon POINTS="549 1308 549 1322 687 1324 688 1324 690 1324 705 1318 710 1317 718 1318 753 1323 753 1323 754 1323 778 1316 788 1314 874 1312 896 1314 946 1317 948 1317 993 1311 1010 1308 1016 1310 1032 1316 1034 1316 1035 1316 1036 1316 1059 1308 1060 1308 1064 1308 1078 1314 1080 1314 1080 1314 1082 1314 1095 1308 1104 1314 1106 1314 1107 1314 1108 1314 1198 1308 1264 1311 1266 1311 1268 1311 1269 1311 1278 1304 1280 1300 1419 1299 1419 1288 1416 1258 1340 1258 1318 1250 1317 1250 1316 1250 1263 1258 1258 1260 1252 1260 1215 1252 1214 1252 1212 1252 1197 1260 1192 1263 1161 1263 1114 1262 958 1258 957 1258 922 1264 906 1268 891 1264 858 1260 856 1260 786 1266 776 1268 772 1268 759 1263 758 1263 756 1263 754 1263 753 1263 747 1268 740 1274 696 1274 682 1269 672 1264 672 1264 670 1264 669 1264 656 1269 634 1275 549 1270 549 1308"/></Shape>
            <String CONTENT="latoribus, &amp; hiſtrionibus non intendant. Et ta¬" HPOS="549" VPOS="1250" WIDTH="870" HEIGHT="75" WC="0.999661719545405"/>
          </TextLine>
          <TextLine ID="line_24" TAGREFS="LT8" BASELINE="550 1358 1420 1336" HPOS="549" VPOS="1298" WIDTH="872" HEIGHT="78">
            <Shape><Polygon POINTS="550 1358 550 1376 627 1374 628 1374 630 1372 648 1366 684 1371 693 1372 694 1372 723 1370 804 1364 957 1364 1023 1364 1024 1364 1047 1360 1086 1356 1107 1358 1130 1362 1130 1362 1214 1359 1215 1359 1222 1354 1230 1352 1242 1354 1256 1358 1257 1358 1258 1358 1268 1353 1276 1350 1420 1348 1420 1336 1419 1308 1334 1298 1332 1298 1332 1298 1330 1298 1318 1308 1317 1310 1233 1310 1230 1308 1214 1300 1212 1300 1210 1300 1174 1310 1164 1312 1155 1310 1136 1304 1136 1304 1134 1304 1005 1306 1005 1306 993 1312 981 1318 920 1318 902 1314 888 1308 886 1308 885 1308 884 1308 864 1314 837 1320 813 1314 800 1311 798 1311 796 1311 765 1314 690 1324 549 1318 550 1358"/></Shape>
            <String CONTENT="bernas prorſus euitent, niſi fortè cauſa neceſſita¬" HPOS="549" VPOS="1298" WIDTH="872" HEIGHT="78" WC="0.986596289735574"/>
          </TextLine>
          <TextLine ID="line_25" TAGREFS="LT8" BASELINE="550 1404 1424 1388" HPOS="549" VPOS="1346" WIDTH="874" HEIGHT="72">
            <Shape><Polygon POINTS="550 1404 550 1418 832 1418 832 1416 908 1408 926 1407 942 1407 1030 1413 1030 1413 1032 1413 1056 1406 1104 1412 1104 1412 1180 1402 1185 1402 1185 1402 1214 1408 1215 1408 1215 1408 1216 1408 1226 1402 1268 1407 1269 1407 1304 1400 1317 1406 1318 1406 1320 1406 1320 1406 1322 1406 1329 1400 1340 1406 1341 1406 1342 1406 1424 1396 1424 1388 1422 1354 1407 1346 1406 1346 1404 1346 1358 1356 1350 1358 1334 1356 1240 1348 1240 1348 1239 1348 1238 1348 1224 1358 1221 1359 1209 1358 1154 1350 1152 1350 1150 1350 1149 1350 1140 1359 1138 1360 1088 1362 1084 1360 1066 1352 1065 1352 1064 1352 1062 1352 1060 1352 1052 1359 993 1353 992 1353 990 1353 969 1362 966 1364 962 1364 945 1354 944 1354 944 1354 942 1354 926 1364 920 1365 906 1364 862 1356 861 1356 860 1356 836 1364 830 1366 802 1365 764 1364 762 1364 716 1366 674 1370 669 1368 656 1360 654 1360 654 1360 652 1360 651 1360 640 1368 636 1370 633 1368 621 1364 620 1364 618 1364 616 1364 603 1370 596 1371 588 1370 579 1365 578 1365 576 1365 549 1370 550 1404"/></Shape>
            <String CONTENT="tis in itinere conſtituti. Ad aleas &amp; taxillos non" HPOS="549" VPOS="1346" WIDTH="874" HEIGHT="72" WC="0.9787623953819274"/>
          </TextLine>
          <TextLine ID="line_26" TAGREFS="LT8" BASELINE="552 1455 1425 1434" HPOS="552" VPOS="1394" WIDTH="873" HEIGHT="75">
            <Shape><Polygon POINTS="622 1452 610 1452 598 1452 586 1452 574 1452 562 1452 558 1452 552 1455 552 1468 1425 1448 1425 1434 1424 1404 1406 1395 1404 1395 1402 1395 1401 1395 1376 1406 1364 1408 1348 1406 1287 1394 1286 1394 1284 1394 1282 1394 1262 1408 1257 1412 1252 1408 1238 1401 1236 1401 1234 1401 1206 1406 1194 1396 1192 1396 1191 1396 1191 1396 1190 1396 1164 1407 1136 1402 1134 1402 1132 1402 1131 1402 1122 1410 1096 1400 1095 1400 1094 1400 1092 1400 1076 1406 1018 1400 1017 1400 1016 1400 976 1410 944 1402 944 1402 942 1402 906 1413 885 1404 884 1404 882 1404 828 1412 808 1406 808 1406 807 1406 756 1416 712 1413 711 1413 710 1413 710 1413 698 1424 668 1418 666 1418 628 1425 622 1452"/></Shape>
            <String CONTENT="leuant, nec huiuſmodi ludis interſint. Coronã" HPOS="552" VPOS="1394" WIDTH="873" HEIGHT="75" WC="0.9986412758412568"/>
          </TextLine>
          <TextLine ID="line_27" TAGREFS="LT8" BASELINE="555 1503 1424 1484" HPOS="554" VPOS="1443" WIDTH="870" HEIGHT="74">
            <Shape><Polygon POINTS="555 1503 555 1512 716 1516 716 1516 826 1506 1368 1503 1424 1492 1424 1484 1422 1452 1404 1443 1402 1443 1370 1443 1368 1443 1366 1443 1365 1443 1350 1454 1299 1444 1298 1444 1203 1446 1203 1446 1184 1455 1131 1452 1130 1452 1130 1452 1128 1452 1120 1458 1102 1449 1101 1449 1100 1449 1098 1449 1098 1449 1098 1450 1086 1460 1086 1461 933 1462 909 1455 908 1455 906 1455 906 1455 904 1455 892 1462 876 1456 876 1456 874 1456 850 1461 831 1455 830 1455 828 1455 826 1455 826 1455 826 1455 814 1466 784 1455 783 1455 783 1455 782 1455 780 1455 765 1467 676 1458 675 1458 674 1458 639 1468 618 1464 616 1464 616 1464 554 1472 555 1503"/></Shape>
            <String CONTENT="&amp; tonſuram habeant congruentem. Et ſe in offi¬" HPOS="554" VPOS="1443" WIDTH="870" HEIGHT="74" WC="0.999064098233762"/>
          </TextLine>
          <TextLine ID="line_28" TAGREFS="LT8" BASELINE="555 1552 988 1539 1425 1532" HPOS="554" VPOS="1494" WIDTH="872" HEIGHT="76">
            <Shape><Polygon POINTS="555 1552 555 1562 585 1570 585 1570 586 1570 588 1570 606 1564 652 1569 654 1569 654 1569 656 1569 663 1563 759 1566 759 1566 807 1558 813 1557 818 1557 838 1563 840 1563 842 1563 843 1563 860 1557 862 1556 864 1557 879 1563 880 1563 882 1563 882 1563 884 1563 892 1556 894 1556 906 1560 908 1560 909 1560 948 1556 964 1552 1090 1551 1094 1552 1102 1557 1104 1557 1104 1557 1106 1557 1125 1552 1136 1550 1144 1552 1166 1557 1167 1557 1168 1557 1170 1557 1185 1551 1191 1548 1197 1551 1209 1556 1210 1556 1212 1556 1214 1556 1215 1556 1221 1551 1224 1548 1227 1550 1232 1554 1233 1554 1234 1554 1234 1554 1425 1546 1425 1532 1424 1498 1324 1494 1323 1494 1322 1494 1320 1494 1320 1496 1314 1500 1314 1502 1258 1502 1251 1502 1179 1496 1179 1496 1178 1496 1176 1496 1166 1503 1164 1504 1160 1503 1131 1497 1130 1497 1130 1497 1116 1503 1084 1498 1083 1498 1082 1498 1068 1504 1065 1506 1036 1504 964 1500 963 1500 900 1508 860 1510 822 1509 776 1504 774 1504 735 1510 712 1514 554 1514 555 1552"/></Shape>
            <String CONTENT="ciis Eccleſiaſticis, &amp; aliis bonis ſtudiis exerceant" HPOS="554" VPOS="1494" WIDTH="872" HEIGHT="76" WC="0.9908546140560737"/>
          </TextLine>
          <TextLine ID="line_29" TAGREFS="LT8" BASELINE="555 1602 1426 1580" HPOS="554" VPOS="1542" WIDTH="873" HEIGHT="76">
            <Shape><Polygon POINTS="555 1602 555 1614 648 1618 650 1618 651 1618 666 1611 669 1610 681 1611 734 1616 734 1616 735 1616 752 1610 758 1606 782 1610 840 1614 842 1614 843 1614 844 1614 854 1606 858 1604 894 1604 904 1605 928 1611 930 1611 932 1611 932 1611 933 1611 944 1604 950 1600 1053 1599 1106 1599 1275 1604 1276 1604 1276 1604 1299 1594 1304 1593 1308 1594 1326 1602 1328 1602 1329 1602 1426 1592 1426 1580 1424 1548 1302 1550 1302 1550 1274 1542 1272 1542 1270 1542 1270 1542 1269 1542 1256 1551 1228 1542 1227 1542 1227 1542 1226 1542 1206 1552 1204 1554 1156 1554 1154 1554 1114 1545 1113 1545 1065 1556 1062 1556 1058 1556 969 1548 969 1548 892 1551 891 1551 890 1551 882 1557 864 1552 862 1552 861 1552 860 1552 838 1560 780 1554 778 1554 777 1554 756 1563 712 1558 711 1558 678 1566 675 1566 672 1566 590 1558 588 1558 586 1558 554 1568 555 1602"/></Shape>
            <String CONTENT="diligenter. Clauſa deferant deſuper indumenta" HPOS="554" VPOS="1542" WIDTH="873" HEIGHT="76" WC="0.9983209464285109"/>
          </TextLine>
          <TextLine ID="line_30" TAGREFS="LT8" BASELINE="554 1650 1425 1629" HPOS="552" VPOS="1588" WIDTH="873" HEIGHT="76">
            <Shape><Polygon POINTS="554 1650 554 1659 680 1659 681 1659 696 1665 698 1665 698 1665 753 1658 765 1656 771 1658 800 1662 801 1662 801 1662 802 1662 813 1656 814 1654 824 1656 848 1660 849 1660 850 1660 850 1660 858 1656 860 1654 866 1656 898 1659 900 1659 900 1659 910 1654 915 1653 952 1653 1012 1658 1014 1658 1016 1658 1024 1653 1032 1650 1047 1653 1064 1656 1065 1656 1094 1653 1125 1647 1425 1647 1425 1629 1424 1598 1366 1588 1365 1588 1308 1598 1300 1599 1294 1598 1274 1593 1272 1593 1270 1593 1270 1593 1254 1599 1250 1602 1125 1604 1108 1602 1054 1596 1053 1596 1052 1596 1050 1596 1042 1604 1040 1604 1030 1604 994 1598 993 1598 993 1598 970 1604 962 1606 939 1604 894 1599 892 1599 891 1599 876 1605 867 1610 820 1606 760 1604 759 1604 759 1604 741 1608 728 1611 712 1608 694 1604 693 1604 692 1604 684 1610 672 1614 658 1610 654 1608 654 1608 652 1608 651 1608 648 1610 633 1616 608 1610 590 1606 588 1606 552 1610 554 1650"/></Shape>
            <String CONTENT="mmia breuitate vel longitudine non notanda¬" HPOS="552" VPOS="1588" WIDTH="873" HEIGHT="76" WC="0.995169177997944"/>
          </TextLine>
          <TextLine ID="line_31" TAGREFS="LT8" BASELINE="558 1696 1428 1677" HPOS="556" VPOS="1640" WIDTH="872" HEIGHT="75">
            <Shape><Polygon POINTS="558 1696 558 1708 610 1714 612 1714 740 1706 752 1706 759 1706 826 1708 828 1708 830 1708 843 1704 850 1702 856 1704 870 1708 870 1708 872 1708 873 1708 874 1708 880 1702 885 1700 958 1700 968 1702 975 1706 976 1706 978 1706 1008 1702 1035 1698 1269 1698 1311 1698 1311 1696 1312 1696 1314 1696 1322 1690 1426 1695 1428 1677 1426 1647 1401 1640 1400 1640 1398 1640 1396 1640 1368 1647 1340 1640 1340 1640 1338 1640 1269 1641 1268 1641 1252 1648 1168 1644 1167 1644 1166 1644 1166 1644 1152 1653 1046 1653 938 1647 938 1647 884 1658 874 1652 873 1652 872 1652 870 1652 828 1659 795 1652 794 1652 736 1653 735 1653 720 1659 672 1653 670 1653 669 1653 648 1662 567 1656 567 1656 566 1656 564 1656 564 1658 556 1664 558 1696"/></Shape>
            <String CONTENT="Pannis rubeis aut viridibus, necnon manicis aut" HPOS="556" VPOS="1640" WIDTH="872" HEIGHT="75" WC="0.9756515165592762"/>
          </TextLine>
          <TextLine ID="line_32" TAGREFS="LT8" BASELINE="555 1746 1426 1726" HPOS="555" VPOS="1688" WIDTH="872" HEIGHT="72">
            <Shape><Polygon POINTS="555 1746 555 1760 1426 1742 1426 1726 1424 1689 1368 1695 1358 1690 1352 1688 1350 1688 1348 1688 1324 1690 1300 1695 1274 1692 1239 1690 1238 1690 1236 1690 1222 1695 1204 1700 1161 1696 1116 1692 1114 1692 1072 1698 1041 1702 1004 1701 936 1696 934 1696 933 1696 916 1702 912 1706 908 1702 896 1696 894 1696 894 1696 892 1696 876 1704 874 1704 837 1698 836 1698 777 1708 765 1708 746 1708 645 1702 644 1702 642 1702 609 1713 606 1713 604 1713 566 1704 564 1704 562 1704 561 1704 555 1708 555 1746"/></Shape>
            <String CONTENT="ſotularibus conſuticiis, fręnis, ſellis, pectoralibus," HPOS="555" VPOS="1688" WIDTH="872" HEIGHT="72" WC="0.9845672163096342"/>
          </TextLine>
          <TextLine ID="line_33" TAGREFS="LT8" BASELINE="558 1796 1428 1774" HPOS="556" VPOS="1737" WIDTH="872" HEIGHT="88">
            <Shape><Polygon POINTS="558 1796 558 1812 586 1812 588 1812 622 1826 622 1826 624 1826 626 1826 674 1812 699 1820 700 1820 702 1820 704 1820 704 1820 714 1812 762 1815 764 1815 765 1815 765 1815 778 1808 780 1808 795 1812 795 1812 796 1812 798 1812 812 1808 814 1806 814 1806 844 1818 846 1818 848 1818 892 1812 914 1820 915 1820 916 1820 984 1818 986 1818 987 1818 1000 1808 1028 1808 1042 1816 1042 1816 1044 1816 1046 1816 1092 1810 1160 1814 1160 1814 1161 1814 1221 1797 1329 1800 1330 1800 1360 1794 1376 1802 1377 1802 1378 1802 1426 1791 1428 1774 1426 1743 1413 1737 1413 1737 1412 1737 1354 1743 1346 1737 1344 1737 1342 1737 1341 1737 1306 1744 1292 1737 1290 1737 1290 1737 1288 1737 1264 1746 1230 1738 1228 1738 1170 1749 1134 1749 1124 1740 1122 1740 1122 1740 1120 1740 1066 1750 1022 1743 1020 1743 1018 1743 1018 1743 1018 1744 1008 1752 896 1746 894 1746 798 1755 762 1749 760 1749 759 1749 759 1749 747 1758 717 1750 716 1750 716 1750 634 1760 610 1752 609 1752 608 1752 556 1762 558 1796"/></Shape>
            <String CONTENT="calcaribus deauratis, aut aliam ſuperfluitatem ge¬" HPOS="556" VPOS="1737" WIDTH="872" HEIGHT="88" WC="0.989352787733078"/>
          </TextLine>
        </TextBlock>
        <TextBlock HPOS="1266" VPOS="1793" WIDTH="168" HEIGHT="52" ID="block_6" TAGREFS="BT17">
          <Shape><Polygon POINTS="1266 1793 1434 1793 1434 1846 1266 1846 1266 1793"/></Shape>
          <TextLine ID="line_34" TAGREFS="LT8" BASELINE="1264 1828 1431 1824" HPOS="1262" VPOS="1785" WIDTH="170" HEIGHT="66">
            <Shape><Polygon POINTS="1264 1828 1264 1851 1305 1845 1314 1851 1316 1851 1317 1851 1318 1851 1431 1845 1431 1824 1428 1790 1346 1785 1344 1785 1262 1794 1264 1828"/></Shape>
            <String CONTENT="rentibus" HPOS="1262" VPOS="1785" WIDTH="170" HEIGHT="66" WC="0.9977927505970001"/>
          </TextLine>
        </TextBlock>
      </PrintSpace>
    </Page>
  </Layout>
</alto>
