1500 2172
399 102 285 63 CAPVT VI.

129 207 507 27 xerunt doloribus multis.

932 106 68 69 680

202 236 796 81 Alterum argumentum eſt ſuperioris ſenten¬

128 298 872 64 tiæ confirmandæ gratia, ex eodem loco ab effe¬

129 345 872 66 ctis ductum. Eſt autem hoc effectum longè ſu¬

130 399 870 66 perioribus, quanquam teterrimis, tetrius. Nam

130 447 870 63 docetur φιλσπλεσία & φιλαργυεία eſſe, non vnius

130 490 873 68 tantùm vitij: ſed omnium fons & radix, impri¬

132 540 874 69 míſque Defectionis à fide, & Cruciatus ſummi a¬

135 586 870 69 nimi. Similis locus Coloſſ3. v.5. Epheſ. 5. verſ.3.

134 636 872 68 Matth.13. verſ. 22. vbi diuttiæ fallaces à Chriſto

132 692 874 60 nominantur, quod nos à recto tramite abducant,

132 740 874 62 & ſpirituale ſemen verbi Dei in nobis extinguãt

135 784 870 64 ac ſuffocent, vt eſt etiam Eccleſiaſtici 1o. verſ.9.

136 831 868 74 Diſſimilis verò huic locus Eccleſiaſtici cap.1o.v.

141 886 568 63 15.Initium peccati eſt ſuperbia.

183 927 828 66 Hos locos vt concilient quidam, volunt hoc

140 978 870 66 dicẽdi genus, quo vſus eſt Paulus, eſſe υρερβολικὸν,

141 1029 873 62 quòdrem nimium augeat, neque ſit ad viuum

140 1074 873 70 reſecandum. Reſpondeo verò verum dixiſſe Pau¬

138 1125 873 66 lum, neque plus dixiſſe, quàm res eſt, quámque

140 1174 874 64 ipſa expetientia quotidie verum eſſe docet: ſed

140 1224 874 62 non eſſe hanc ſententiam in vna tantùm auaritia

141 1274 870 60 exploratam: verum in multis quoque alijs vitijs,

141 1318 876 68 de quibus nos idem ſtatuere poſſimus, ea nimi¬

141 1374 878 63 rum omne malorum genus gignere & produce¬

144 1418 879 64 re. Qantò enim quódque vitium nos longius à

147 1466 874 64 Dei metu, & vera fide abducit, eò plura maiorá¬

147 1512 874 63 que vitia in nobis parit. Cùm ſit enim fides o¬

148 1560 876 66 mnium virtutum fons, quantò longius à fide re¬

150 1611 878 66 cedimus, eò pluribus grauioribúſque peccatis

152 1660 872 60 abundamus. At auarus & φιλάργυαςς animus lon¬

158 1706 867 87 giſsimè abeſt à fide, ſiue fiducia in Deum collo¬

765 1764 98 76 Fiij.
