1500 2172
723 124 585 72 AD I. PAVL. AD TIM.

562 156 98 51 219

561 176 880 86 Synodo Nicæna prima repetita eſt, vt apparet

562 228 874 80 cap.2. & canon. Quoniam multa, diſtinct.48.A163

562 274 874 84 hæc fuit vetus Eccleſiæ diſciplina etiã poſt Apo¬

564 327 878 80 ſtolos, tamẽ poſtea cõtempta eſt. Nam cùm Am¬

567 370 873 80 broſius adhuc Neophytus extruordinariè Me¬

567 422 876 76 diolanenſis Epiſcopus creatus fuiſſet, voluerunt

568 471 873 76 homines ſtatim poſt baptiſmum etiam quoſuis

568 524 872 78 eligi in clericos vel Epiſcopos poſſe. Id quod ſuo

568 573 874 69 ſeculo iam factitatum fuiſſe ſcribit Hieronymus,

573 626 494 76 qui fuit Ambroſio æqualis.

624 663 818 80 Veruntamen hæc Pauli regula nõ vſque adeò

573 714 873 81 præciſa eſt, & ſtricta, vt omnino ab ea, ex iuſta

573 766 870 76 tamen cauſa, diſcedi non poſsit. Sed iuſtam cau¬

573 808 870 81 ſam eſſe oportet, quia huiuſmodi perſonarum e¬

572 860 874 82 lectiones ſunt certè periculoſæ, & tanquam ex¬

573 908 872 80 traordinariæ. Si tamen vel Eccleſiæ néceſsitas,

574 956 876 76 vel eximiæ Neophyti dotes, vel ſumma eius mo¬

574 1006 874 78 deſtia iam probata in aliis rebus, eum eligendum

576 1058 874 75 ſuadeant, eligendus eſt, neque à Pauli præcepto

576 1104 874 76 diſcedemus, quia rationẽ ſubiicit Paulus, propter

579 1155 870 74 quam vetat eos eligi, non quod Neophytos o¬

579 1202 873 81 mnino neget poſſe ex aliqua iuſta cauſa vocari

579 1257 873 69 àd Epiſcopatui ver doctoratunt: ſed ne tales in¬

578 1300 878 81 flentur. Quod periculum ab iis abeſt, qui iam ſuæ

580 1347 872 87 modeſtiæ magnum & certum ſpecimen edide¬

584 1424 114 54 rant.

624 1443 825 75 Iam verò huius præcepti occaſione veteres ſy¬

584 1498 870 75 nodi quædam ſanciuerunt iquæ nõ ſunt omnino

585 1542 840 82 vel prætermittenda, vel vt inutilia negligenda.

632 1593 824 72 Et primùm voluerunt, vt qui ad maiores gra¬

586 1644 870 74 dus Eccleſiaſticos promouerẽtur, illi ex minori¬

585 1688 872 78 bus ordinibus & inferioribus gradibus aſſume¬

582 1734 876 99 tentur. Id quod audio adhuc in Boëmicis Eccle¬

1394 1778 70 75 ſijs
