1500 2172
712 129 568 57 AD I. PAVL. AD TIM.

562 147 123 42 669

556 172 870 70 cenſura Eccleſiaſtica cum verbi Dei prædicatio¬

555 230 870 63 ne indiuulſè coniuncta, & illius tanquam appen¬

555 274 872 68 dix quædam 2. Timoth.3.verſ.16. Malach.2.verſ.4.

556 326 868 68 Itaque Paulus ipſe præcipit, vt qui Eccleſiam pa¬

555 374 868 64 ſcere volunt, ijdem eam increpent 2. Timoth.4.

555 420 873 66 At Preſbyteri ſunt Paſtores & ποιμένες Eccleſiæ,

555 470 870 66 non autem quilibet de populo. Ergo & ij ipſi, nõ

554 525 872 58 autem ſinguli de populo, Eccleſiæ correctores,

554 566 872 64 cenſores, iudices eſſe & conſtitui debent. Deinde

554 616 873 62 ijdem’illi curam animarum noſtrarum habere|di¬

555 666 872 60 cuntur, vt eſt Hebr. 13. vetſ.7. Iidem reprehẽn¬

555 712 870 60 duntur, niſi nos admonuerint ſceleris noſtri, Eze¬

555 759 870 68 chiel. 34. Iidem verbo Dei iubentur Eccleſiæ

555 808 872 63 curam habere. Ergo ad eos, non ad populum co¬

555 856 870 66 gnitio & exercitiũ huius cẽſuræ & poteſtatis per¬

554 906 872 66 tinet. Deniq; vetuſtiſſimus Eccleſiæ ipſius Chri¬

552 954 872 60 ſtianæ mos & vſus idem probat. Nam ſemper

554 1004 873 64 Preſbyteri cum eo, qui Epiſcopus dictus eſt, iudi.

554 1050 873 66 carunt de ſcandalis & cenſuris quæ cuique fieri

554 1108 872 57 debent. Ambroſ.epiſt.28. Cyprian. epiſt.39. & 40.

550 1150 872 64 non autem vnus ille Epiſcopus, quantunuis ma¬

555 1197 872 66 puis aiimi dotibus excellens, non item quilibet

554 1245 872 66 de populo. Ergo hæc iuriſdictio eſt totius quidẽ

550 1294 872 66 Eccleſiæ, ratione poteſtatis, Præpoſitorum autẽ,

552 1346 662 60 ratione exercitii & adminiſtrationis.

600 1388 820 69 Qui verò contrà ſentiunt, ad totum Eccleſiæ

552 1442 868 64 cœtum & multitudinem hoc exercitium poteſta¬

552 1492 394 62 tis pertinere, afferunt.

609 1533 812 64 1 Dictum Chriſti Matth.18. verſ.17. Dic Ec¬

550 1584 866 66 cleſiæ. Reſp. Eccleſiæ nomen illîc accipi pro iis,

555 1634 864 68 qui totius Eccleſiæ authoritate fulti & vocati

549 1683 870 63 legitimè Eccleſiæ præſunt ac inuigilant. Sic

555 1730 864 86 quod Senatus Roman. decreuit, dicitur Ro¬

1304 1788 116 63 mana
