<?xml version='1.0' encoding='UTF-8'?>
<alto xmlns:xsi="http://www.w3.org/2001/XMLSchema-instance" xmlns="http://www.loc.gov/standards/alto/ns-v4#" xsi:schemaLocation="http://www.loc.gov/standards/alto/ns-v4# http://www.loc.gov/standards/alto/v4/alto-4-2.xsd">
  <Description>
    <MeasurementUnit>pixel</MeasurementUnit>
    <sourceImageInformation>
      <fileName>2013033.jpeg</fileName>
    </sourceImageInformation>
  </Description>
  <Tags>
    <OtherTag ID="BT7" LABEL="CustomZone" DESCRIPTION="block type CustomZone"/><OtherTag ID="BT8" LABEL="DamageZone" DESCRIPTION="block type DamageZone"/><OtherTag ID="BT9" LABEL="DigitizationArtefactZone" DESCRIPTION="block type DigitizationArtefactZone"/><OtherTag ID="BT10" LABEL="DropCapitalZone" DESCRIPTION="block type DropCapitalZone"/><OtherTag ID="BT11" LABEL="GraphicZone" DESCRIPTION="block type GraphicZone"/><OtherTag ID="BT12" LABEL="MainZone" DESCRIPTION="block type MainZone"/><OtherTag ID="BT13" LABEL="MarginTextZone" DESCRIPTION="block type MarginTextZone"/><OtherTag ID="BT14" LABEL="MusicZone" DESCRIPTION="block type MusicZone"/><OtherTag ID="BT15" LABEL="NumberingZone" DESCRIPTION="block type NumberingZone"/><OtherTag ID="BT17" LABEL="QuireMarksZone" DESCRIPTION="block type QuireMarksZone"/><OtherTag ID="BT18" LABEL="RunningTitleZone" DESCRIPTION="block type RunningTitleZone"/><OtherTag ID="BT19" LABEL="SealZone" DESCRIPTION="block type SealZone"/><OtherTag ID="BT20" LABEL="StampZone" DESCRIPTION="block type StampZone"/><OtherTag ID="BT21" LABEL="TableZone" DESCRIPTION="block type TableZone"/><OtherTag ID="BT22" LABEL="TitlePageZone" DESCRIPTION="block type TitlePageZone"/><OtherTag ID="BT3407" LABEL="MainZone-Continued" DESCRIPTION="block type MainZone-Continued"/><OtherTag ID="BT3408" LABEL="MainZone-P" DESCRIPTION="block type MainZone-P"/><OtherTag ID="BT3409" LABEL="MainZone-Head" DESCRIPTION="block type MainZone-Head"/><OtherTag ID="BT3410" LABEL="MainZone-Other" DESCRIPTION="block type MainZone-Other"/><OtherTag ID="BT3411" LABEL="MainZone-Sp" DESCRIPTION="block type MainZone-Sp"/><OtherTag ID="BT3417" LABEL="MainZone-Sp-Continued" DESCRIPTION="block type MainZone-Sp-Continued"/><OtherTag ID="BT3418" LABEL="GraphicZone-Decoration" DESCRIPTION="block type GraphicZone-Decoration"/><OtherTag ID="BT3419" LABEL="MainZone-Entry" DESCRIPTION="block type MainZone-Entry"/><OtherTag ID="BT3420" LABEL="MainZone-Lg" DESCRIPTION="block type MainZone-Lg"/><OtherTag ID="BT3421" LABEL="MainZone-Entry-Continued" DESCRIPTION="block type MainZone-Entry-Continued"/><OtherTag ID="BT3422" LABEL="MarginTextZone-ManuscriptAddendum" DESCRIPTION="block type MarginTextZone-ManuscriptAddendum"/><OtherTag ID="BT3423" LABEL="MainZone-List" DESCRIPTION="block type MainZone-List"/>
    <OtherTag ID="LT7" LABEL="CustomLine" DESCRIPTION="line type CustomLine"/><OtherTag ID="LT8" LABEL="DefaultLine" DESCRIPTION="line type DefaultLine"/><OtherTag ID="LT9" LABEL="DropCapitalLine" DESCRIPTION="line type DropCapitalLine"/><OtherTag ID="LT10" LABEL="HeadingLine" DESCRIPTION="line type HeadingLine"/><OtherTag ID="LT11" LABEL="InterlinearLine" DESCRIPTION="line type InterlinearLine"/><OtherTag ID="LT12" LABEL="MusicLine" DESCRIPTION="line type MusicLine"/>
  </Tags>
  <Layout>
    <Page WIDTH="1500" HEIGHT="2172" PHYSICAL_IMG_NR="29" ID="eSc_dummypage_">
      <PrintSpace HPOS="0" VPOS="0" WIDTH="1500" HEIGHT="2172">
        <TextBlock HPOS="373" VPOS="140" WIDTH="297" HEIGHT="51" ID="block_1" TAGREFS="BT18">
          <Shape><Polygon POINTS="373 140 670 140 670 190 373 190 373 140"/></Shape>
          <TextLine ID="line_1" TAGREFS="LT8" BASELINE="369 176 669 172" HPOS="368" VPOS="160" WIDTH="302" HEIGHT="36">
            <Shape><Polygon POINTS="657 160 645 160 633 160 621 160 609 160 597 160 585 160 573 160 561 160 549 160 537 160 524 160 512 160 500 160 488 160 476 160 464 160 452 160 440 160 428 160 416 160 404 160 392 160 380 160 368 160 369 176 369 196 442 196 444 196 478 184 528 190 530 190 530 190 546 184 666 195 669 172 666 160 657 160"/></Shape>
            <String CONTENT="CAPVT III." HPOS="368" VPOS="160" WIDTH="302" HEIGHT="36" WC="0.9998530983924866"/>
          </TextLine>
        </TextBlock>
        <TextBlock HPOS="900" VPOS="144" WIDTH="68" HEIGHT="43" ID="block_2" TAGREFS="BT15">
          <Shape><Polygon POINTS="900 144 968 144 968 186 900 186 900 144"/></Shape>
          <TextLine ID="line_2" TAGREFS="LT8" BASELINE="902 170 963 172" HPOS="900" VPOS="132" WIDTH="63" HEIGHT="52">
            <Shape><Polygon POINTS="902 170 900 184 962 184 963 172 963 132 902 132 902 170"/></Shape>
            <String CONTENT="182" HPOS="900" VPOS="132" WIDTH="63" HEIGHT="52" WC="0.9999959071477255"/>
          </TextLine>
        </TextBlock>
        <TextBlock HPOS="98" VPOS="201" WIDTH="873" HEIGHT="776" ID="block_3" TAGREFS="BT3408">
          <Shape><Polygon POINTS="98 201 971 201 971 977 98 977 98 201"/></Shape>
          <TextLine ID="line_3" TAGREFS="LT8" BASELINE="141 234 964 228" HPOS="140" VPOS="183" WIDTH="825" HEIGHT="70">
            <Shape><Polygon POINTS="141 234 141 246 264 254 264 254 266 254 290 246 290 246 296 246 369 252 370 252 417 246 424 246 435 246 495 252 496 252 498 252 512 246 513 244 618 244 621 246 627 250 628 250 628 250 630 250 669 246 676 244 678 246 684 250 686 250 687 250 688 250 964 243 964 228 962 194 932 194 932 194 916 183 915 183 914 183 914 183 912 183 870 194 868 194 866 194 690 184 688 184 687 184 664 196 663 196 615 196 568 196 555 184 554 184 552 184 550 184 454 196 405 188 404 188 370 194 264 190 264 190 262 190 261 190 248 201 214 201 195 189 194 189 192 189 190 189 140 201 141 234"/></Shape>
            <String CONTENT="Κέσμιον, id eſt, Compoſitum, alij, vt Canoniſtæ" HPOS="140" VPOS="183" WIDTH="825" HEIGHT="70" WC="0.982547540217638"/>
          </TextLine>
          <TextLine ID="line_4" TAGREFS="LT8" BASELINE="98 285 963 278" HPOS="98" VPOS="238" WIDTH="866" HEIGHT="60">
            <Shape><Polygon POINTS="98 285 98 298 962 296 963 278 962 240 924 238 922 238 921 238 914 240 890 248 879 240 876 238 874 238 873 238 872 238 850 242 820 246 808 242 806 240 804 240 802 240 801 240 796 242 768 250 758 242 753 240 753 240 752 240 732 240 730 240 729 240 728 240 723 243 706 252 616 252 610 244 606 242 606 240 604 240 604 240 603 240 576 244 536 250 513 246 500 242 500 242 498 242 496 242 488 246 465 254 444 246 438 243 436 243 435 243 404 246 327 256 180 256 168 249 160 246 159 246 159 246 98 249 98 285"/></Shape>
            <String CONTENT="Ornatum, mens Pauli eſt, vt omnis vitæ ratio" HPOS="98" VPOS="238" WIDTH="866" HEIGHT="60" WC="0.9995151920752092"/>
          </TextLine>
          <TextLine ID="line_5" TAGREFS="LT8" BASELINE="98 333 964 324" HPOS="96" VPOS="285" WIDTH="868" HEIGHT="69">
            <Shape><Polygon POINTS="98 333 98 354 147 348 186 352 198 354 200 354 290 352 291 352 297 351 314 345 418 350 482 351 483 351 484 351 486 351 488 348 494 345 512 346 526 350 528 350 546 346 566 344 570 345 573 350 574 350 576 350 578 351 639 351 639 350 662 345 674 342 698 344 736 346 738 346 740 346 748 344 753 340 759 344 768 345 770 345 771 345 963 339 964 324 962 292 890 292 888 292 858 285 858 285 856 285 855 285 838 294 838 296 780 296 780 294 760 286 759 286 759 286 714 292 668 288 666 288 666 288 638 296 634 296 628 296 578 290 576 290 574 290 544 296 543 296 420 290 418 290 321 300 309 300 298 300 207 292 206 292 204 292 202 292 202 294 196 302 195 302 192 302 160 296 159 296 159 296 142 302 126 294 124 294 123 294 123 294 96 302 98 333"/></Shape>
            <String CONTENT="ab Epiſcopo recte ſit, ſanctéque inſtituta &amp; cõ¬" HPOS="96" VPOS="285" WIDTH="868" HEIGHT="69" WC="0.9955524098873139"/>
          </TextLine>
          <TextLine ID="line_6" TAGREFS="LT8" BASELINE="98 382 964 375" HPOS="98" VPOS="339" WIDTH="867" HEIGHT="66">
            <Shape><Polygon POINTS="98 382 98 405 150 396 201 404 202 404 202 404 204 404 222 394 232 402 234 402 234 402 236 404 285 404 294 404 294 402 296 402 296 402 304 394 338 402 339 402 340 402 342 402 344 402 344 400 352 394 470 394 480 400 482 400 483 400 484 400 592 392 626 399 628 399 628 399 634 399 681 393 705 398 712 399 714 399 716 399 716 399 717 398 728 390 772 396 780 398 782 398 783 398 786 396 802 392 820 396 826 398 828 398 830 398 963 394 964 375 962 346 903 339 902 339 900 339 886 345 844 340 843 340 842 340 840 340 840 342 836 346 834 348 696 348 693 346 688 342 687 342 686 342 684 342 684 342 672 346 666 350 537 350 525 346 512 342 510 342 508 342 507 342 506 342 500 346 495 351 464 351 460 346 456 344 456 344 454 344 362 344 360 344 358 344 351 346 340 351 276 351 236 346 220 345 219 345 218 345 213 346 195 352 165 346 159 345 158 345 156 345 153 346 136 352 98 346 98 382"/></Shape>
            <String CONTENT="poſita, vt neque leuitas in eo appareat: neque mo" HPOS="98" VPOS="339" WIDTH="867" HEIGHT="66" WC="0.9994649692457549"/>
          </TextLine>
          <TextLine ID="line_7" TAGREFS="LT8" BASELINE="96 430 964 420" HPOS="94" VPOS="386" WIDTH="870" HEIGHT="69">
            <Shape><Polygon POINTS="96 430 96 447 190 454 192 454 194 454 208 447 212 444 225 447 264 453 266 453 312 446 315 446 320 446 360 450 362 450 363 450 376 446 386 442 450 442 460 444 480 450 480 450 482 450 564 450 591 444 608 440 624 444 634 444 634 444 654 444 692 438 698 442 704 447 705 447 706 447 708 447 740 442 771 438 789 442 801 446 802 446 804 446 806 446 818 442 830 438 840 441 846 444 848 444 849 444 963 440 964 420 962 387 846 394 796 394 780 388 770 386 768 386 766 386 734 387 732 387 730 387 728 388 720 394 699 390 684 387 682 387 681 387 680 387 675 390 666 398 597 398 585 392 578 388 576 388 574 388 530 393 472 399 434 394 402 390 400 390 400 390 399 390 399 392 394 394 388 400 357 400 334 400 328 396 324 392 322 392 321 392 320 392 320 392 306 396 296 400 286 396 278 393 276 393 274 393 273 393 264 396 256 400 201 400 190 398 182 394 180 394 178 394 94 399 96 430"/></Shape>
            <String CONTENT="roſitas quædam. Itaque grauem Epiſcopum eſſe" HPOS="94" VPOS="386" WIDTH="870" HEIGHT="69" WC="0.988227753476663"/>
          </TextLine>
          <TextLine ID="line_8" TAGREFS="LT8" BASELINE="98 480 964 471" HPOS="96" VPOS="435" WIDTH="868" HEIGHT="63">
            <Shape><Polygon POINTS="98 480 98 490 219 498 220 498 270 490 338 496 339 496 339 496 340 496 351 490 466 495 468 495 510 488 514 488 519 488 576 494 578 494 615 488 621 486 654 486 832 492 832 492 834 492 856 486 862 484 963 484 964 471 962 444 876 444 864 435 862 435 861 435 860 435 810 446 808 446 807 446 778 436 777 436 732 436 730 436 729 436 728 436 718 444 708 438 706 438 705 438 704 438 668 444 630 438 628 438 564 448 562 450 452 450 424 440 423 440 382 440 381 440 380 440 342 450 315 442 314 442 314 442 236 450 208 442 208 442 207 442 206 442 174 450 132 442 130 442 129 442 96 453 98 480"/></Shape>
            <String CONTENT="oportet, non quidem, vt non ſe affabilem &amp; cui¬" HPOS="96" VPOS="435" WIDTH="868" HEIGHT="63" WC="0.9994409819866749"/>
          </TextLine>
          <TextLine ID="line_9" TAGREFS="LT8" BASELINE="96 530 962 518" HPOS="94" VPOS="478" WIDTH="867" HEIGHT="66">
            <Shape><Polygon POINTS="96 530 96 543 480 544 480 544 591 537 608 536 616 536 668 543 669 543 670 543 672 543 681 536 684 536 693 536 753 540 753 540 852 532 867 532 876 532 944 538 945 538 946 538 962 531 962 518 958 488 908 488 906 488 891 478 890 478 888 478 888 478 886 478 864 488 860 489 850 488 814 482 813 482 812 482 796 488 794 489 790 488 768 480 766 480 765 480 765 480 738 488 730 492 711 492 708 488 698 480 698 480 696 480 694 480 693 480 674 488 666 492 654 489 630 482 628 482 585 482 585 482 584 482 568 489 561 494 543 489 513 483 512 483 512 483 490 489 474 494 426 489 394 486 393 486 392 486 380 490 368 494 363 490 357 486 356 486 354 486 352 486 351 486 342 490 338 492 322 490 285 486 284 486 284 486 266 490 243 496 231 490 230 490 228 490 224 490 178 496 94 492 96 530"/></Shape>
            <String CONTENT="libet acceſsibilem prębeat (eſt enim iſta toruitas" HPOS="94" VPOS="478" WIDTH="867" HEIGHT="66" WC="0.9887592593828837"/>
          </TextLine>
          <TextLine ID="line_10" TAGREFS="LT8" BASELINE="96 578 964 567" HPOS="94" VPOS="530" WIDTH="870" HEIGHT="69">
            <Shape><Polygon POINTS="96 578 96 598 142 591 243 596 268 597 270 597 272 597 276 596 297 588 358 594 382 596 384 596 579 592 579 592 592 590 609 585 642 588 672 591 672 591 674 591 675 591 675 591 678 588 682 585 734 586 789 590 789 590 808 585 824 582 838 585 864 590 866 590 867 590 882 585 891 580 963 582 964 567 962 530 926 530 924 530 922 530 921 530 903 537 814 531 780 530 778 530 777 530 777 530 772 532 760 540 741 534 734 531 732 531 730 531 710 536 664 543 585 543 573 537 561 534 561 534 560 534 558 534 548 538 540 543 448 543 441 542 426 536 424 536 424 536 394 543 382 544 358 543 288 536 286 536 285 536 258 544 254 546 250 546 225 540 224 540 154 548 122 540 120 540 118 540 94 549 96 578"/></Shape>
            <String CONTENT="potius &amp; inhumanitas, quàm grauitas) ſed ne ſe" HPOS="94" VPOS="530" WIDTH="870" HEIGHT="69" WC="0.999649352215706"/>
          </TextLine>
          <TextLine ID="line_11" TAGREFS="LT8" BASELINE="96 627 963 616" HPOS="94" VPOS="579" WIDTH="868" HEIGHT="66">
            <Shape><Polygon POINTS="96 627 96 644 202 645 202 645 204 645 210 644 228 639 246 642 256 645 258 645 280 642 328 638 340 642 345 644 345 644 346 644 363 642 400 638 432 640 444 642 444 642 446 642 450 640 460 636 506 640 526 642 528 642 544 640 584 634 690 639 722 640 723 640 734 639 772 633 828 638 840 639 842 639 843 639 844 638 860 632 962 636 963 616 962 590 898 590 868 579 867 579 866 579 864 579 864 579 849 591 777 591 747 579 746 579 746 579 744 579 742 579 729 591 712 580 711 580 710 580 652 591 604 582 604 582 603 582 580 591 566 585 564 585 562 585 384 591 315 585 314 585 234 596 172 591 171 591 94 598 96 627"/></Shape>
            <String CONTENT="contemptibilem cuiquam oſtendat &amp; præbeat." HPOS="94" VPOS="579" WIDTH="868" HEIGHT="66" WC="0.9951201847621373"/>
          </TextLine>
          <TextLine ID="line_12" TAGREFS="LT8" BASELINE="102 675 966 664" HPOS="100" VPOS="627" WIDTH="866" HEIGHT="63">
            <Shape><Polygon POINTS="102 675 102 690 568 690 570 690 651 688 874 678 963 686 966 664 963 636 886 627 885 627 884 627 866 636 864 636 864 636 850 632 849 632 848 632 789 636 766 638 764 636 747 628 746 628 746 628 744 628 730 636 728 638 722 636 698 628 698 628 696 628 694 628 676 636 672 638 654 636 594 630 592 630 592 630 579 636 573 640 524 636 502 634 501 634 489 636 456 640 448 636 444 633 442 633 441 633 440 633 386 636 292 644 282 636 280 634 279 634 278 634 278 634 276 634 268 636 248 642 226 636 224 636 222 636 222 636 220 636 219 636 208 644 192 636 190 636 189 636 188 636 100 636 102 675"/></Shape>
            <String CONTENT="Vnde rectè ij explicant, qui concludunt ex hoc" HPOS="100" VPOS="627" WIDTH="866" HEIGHT="63" WC="0.9983746586961949"/>
          </TextLine>
          <TextLine ID="line_13" TAGREFS="LT8" BASELINE="98 723 966 714" HPOS="96" VPOS="678" WIDTH="870" HEIGHT="63">
            <Shape><Polygon POINTS="98 723 98 741 494 740 519 734 532 734 561 734 638 738 639 738 640 738 662 732 666 732 672 732 712 736 714 736 744 730 748 730 770 730 950 734 951 734 952 734 966 728 966 714 962 678 944 686 820 686 776 680 754 678 753 678 740 680 710 687 702 680 699 678 698 678 698 678 646 678 645 678 644 678 642 678 642 680 640 681 632 688 417 684 416 684 414 684 412 684 405 690 372 684 366 682 364 682 363 682 358 684 334 690 230 684 204 684 202 684 196 684 152 693 96 686 98 723"/></Shape>
            <String CONTENT="loco. Neque ſcurram, ne que adulatorem, neque" HPOS="96" VPOS="678" WIDTH="870" HEIGHT="63" WC="0.9848047468397353"/>
          </TextLine>
          <TextLine ID="line_14" TAGREFS="LT8" BASELINE="96 771 963 762" HPOS="94" VPOS="723" WIDTH="868" HEIGHT="66">
            <Shape><Polygon POINTS="96 771 96 788 186 789 188 789 189 789 196 788 208 783 236 788 258 789 258 789 276 788 302 783 351 786 380 789 381 789 399 786 432 782 448 786 454 788 456 788 456 788 628 786 630 786 633 784 648 777 699 784 705 784 706 784 711 784 753 777 812 783 814 783 814 783 816 783 856 776 962 783 963 762 960 732 808 734 800 732 765 723 765 723 716 730 675 724 674 724 672 724 645 732 628 735 604 732 588 729 586 729 573 732 552 735 542 732 526 728 525 728 524 728 464 732 406 736 372 732 342 728 340 728 339 728 326 732 298 740 268 732 254 729 252 729 234 732 207 736 176 732 168 732 166 732 166 732 165 732 153 740 94 734 96 771"/></Shape>
            <String CONTENT="leuem eſſe debere Epiſcopum Epheſ.4. verſ.5." HPOS="94" VPOS="723" WIDTH="868" HEIGHT="66" WC="0.9970973201773383"/>
          </TextLine>
          <TextLine ID="line_15" TAGREFS="LT8" BASELINE="99 820 968 812" HPOS="98" VPOS="776" WIDTH="870" HEIGHT="64">
            <Shape><Polygon POINTS="774 788 762 788 750 788 738 788 726 788 714 788 702 788 690 788 678 788 666 788 654 788 640 788 628 788 616 788 604 788 592 788 580 788 568 788 556 788 544 788 532 788 520 788 514 788 508 788 496 788 484 788 472 788 460 788 448 788 436 788 424 788 412 788 400 788 388 788 376 788 363 788 351 788 345 788 314 789 306 788 303 788 291 788 279 788 267 788 255 788 243 788 231 788 219 788 207 788 196 788 188 790 142 788 135 788 123 788 111 788 98 788 99 820 99 834 168 840 170 840 302 834 362 832 382 834 416 838 417 838 418 838 418 838 423 834 428 831 462 834 496 837 498 837 546 832 608 830 627 832 633 834 634 834 634 834 636 834 638 832 646 828 723 832 747 834 748 834 758 832 783 828 826 832 834 832 836 832 837 832 838 832 844 826 964 832 968 812 964 780 806 776 804 776 802 776 801 776 796 780 794 783 777 782 774 788"/></Shape>
            <String CONTENT="Bernard.ſermo 46. Cantic. cant. Cypreſſus item" HPOS="98" VPOS="776" WIDTH="870" HEIGHT="64" WC="0.9745652675628662"/>
          </TextLine>
          <TextLine ID="line_16" TAGREFS="LT8" BASELINE="100 868 969 858" HPOS="99" VPOS="822" WIDTH="870" HEIGHT="66">
            <Shape><Polygon POINTS="100 868 100 880 220 880 222 880 234 888 234 888 236 888 237 888 369 880 424 878 436 880 447 884 448 884 450 884 478 880 496 879 500 880 507 886 508 886 510 886 512 886 588 880 618 879 638 880 666 884 666 884 668 884 675 880 690 876 723 880 744 884 746 884 746 884 753 880 766 874 825 874 838 880 844 882 844 882 846 882 969 880 969 858 966 830 840 822 838 822 838 822 825 830 822 831 735 831 730 830 712 824 711 824 648 824 648 824 561 830 532 832 518 831 488 826 488 826 486 826 484 826 477 831 472 832 454 831 432 826 432 826 430 826 429 826 424 831 418 836 357 836 351 831 346 826 345 826 345 826 344 826 342 826 330 831 314 836 296 831 286 828 285 828 284 828 284 828 282 828 278 831 268 836 99 832 100 868"/></Shape>
            <String CONTENT="boni æquè odoris &amp; imputribile lignum incor¬" HPOS="99" VPOS="822" WIDTH="870" HEIGHT="66" WC="0.9988291091389127"/>
          </TextLine>
          <TextLine ID="line_17" TAGREFS="LT8" BASELINE="98 918 966 906" HPOS="98" VPOS="870" WIDTH="868" HEIGHT="72">
            <Shape><Polygon POINTS="98 918 98 932 158 942 159 942 159 942 184 932 208 940 208 940 210 940 212 940 228 932 292 938 294 938 296 938 322 932 356 939 357 939 357 939 358 939 398 930 504 930 522 938 524 938 524 938 642 926 646 926 648 926 690 934 692 934 927 932 928 932 930 932 940 922 942 922 966 922 966 906 962 879 932 879 932 879 912 870 910 870 909 870 908 870 906 870 897 879 896 880 861 880 854 879 810 872 808 872 808 872 789 879 746 873 746 873 710 882 699 882 684 882 632 874 630 874 628 874 628 874 616 882 615 884 604 882 568 876 567 876 537 882 524 885 474 882 357 878 356 878 284 882 282 882 280 882 278 885 273 888 98 888 98 918"/></Shape>
            <String CONTENT="ruptæ vitæ, &amp; fidei, etiam quemuis de clero de¬" HPOS="98" VPOS="870" WIDTH="868" HEIGHT="72" WC="0.994326152700059"/>
          </TextLine>
          <TextLine ID="line_18" TAGREFS="LT8" BASELINE="99 966 495 962" HPOS="98" VPOS="922" WIDTH="398" HEIGHT="62">
            <Shape><Polygon POINTS="99 966 99 976 196 984 196 984 198 984 216 976 285 982 286 982 288 982 290 982 300 976 450 981 450 981 495 972 495 962 494 934 468 927 466 927 465 927 438 933 436 933 418 922 417 922 416 922 414 922 388 924 387 924 386 924 386 926 376 932 375 934 342 932 279 926 278 926 278 926 276 926 276 927 272 932 267 934 262 932 256 926 256 926 255 926 254 926 236 926 234 926 234 926 219 930 202 938 160 938 136 928 129 926 129 926 128 926 98 927 99 966"/></Shape>
            <String CONTENT="bere eſſe demonſtrat." HPOS="98" VPOS="922" WIDTH="398" HEIGHT="62" WC="0.9984951899165199"/>
          </TextLine>
        </TextBlock>
        <TextBlock HPOS="100" VPOS="979" WIDTH="874" HEIGHT="832" ID="block_4" TAGREFS="BT3408">
          <Shape><Polygon POINTS="100 979 975 979 975 1811 100 1811 100 979"/></Shape>
          <TextLine ID="line_19" TAGREFS="LT8" BASELINE="146 1014 968 1005" HPOS="144" VPOS="964" WIDTH="824" HEIGHT="70">
            <Shape><Polygon POINTS="146 1014 146 1029 222 1035 224 1035 225 1035 226 1035 234 1029 234 1028 267 1028 382 1030 382 1030 384 1030 386 1030 390 1026 394 1024 456 1024 462 1026 488 1032 489 1032 490 1032 492 1032 494 1032 500 1024 506 1029 507 1029 508 1029 510 1029 540 1024 552 1023 579 1024 680 1029 681 1029 718 1023 730 1022 736 1023 753 1029 753 1029 754 1029 849 1029 849 1029 966 1020 968 1005 964 970 906 964 904 964 903 964 886 970 880 974 866 972 834 968 832 968 795 972 777 974 768 974 741 966 740 966 740 966 738 966 736 966 736 968 729 974 728 975 712 974 688 969 687 969 668 974 658 975 650 974 615 968 614 968 514 975 510 975 507 975 477 969 476 969 474 969 459 976 456 976 453 976 416 969 414 969 412 969 386 976 376 981 270 981 264 980 234 972 234 972 232 972 216 980 214 981 180 981 178 980 164 974 162 974 160 974 159 974 144 980 146 1014"/></Shape>
            <String CONTENT="Papiſtæ tamen &amp; Canoniſtæ quædam argumẽ¬" HPOS="144" VPOS="964" WIDTH="824" HEIGHT="70" WC="0.9985453341065383"/>
          </TextLine>
          <TextLine ID="line_20" TAGREFS="LT8" BASELINE="98 1065 968 1054" HPOS="98" VPOS="1018" WIDTH="870" HEIGHT="66">
            <Shape><Polygon POINTS="98 1065 98 1077 129 1084 129 1084 234 1083 236 1083 237 1083 244 1077 284 1083 285 1083 286 1083 314 1074 315 1074 321 1074 410 1082 411 1082 412 1082 412 1082 424 1072 424 1072 470 1072 516 1072 526 1080 528 1080 530 1080 530 1080 670 1072 732 1078 734 1078 734 1078 750 1070 804 1077 806 1077 807 1077 838 1070 936 1076 938 1076 938 1076 968 1066 968 1054 966 1028 936 1018 934 1018 933 1018 814 1029 808 1029 807 1029 792 1018 790 1018 789 1018 748 1018 747 1018 746 1018 720 1029 717 1030 670 1030 669 1029 640 1020 640 1020 639 1020 604 1028 555 1022 555 1022 554 1022 531 1030 528 1032 522 1030 478 1023 477 1023 432 1032 429 1032 416 1023 414 1023 412 1023 382 1023 382 1023 342 1034 338 1034 327 1034 244 1028 243 1028 201 1035 190 1036 183 1035 153 1026 152 1026 150 1026 98 1035 98 1065"/></Shape>
            <String CONTENT="to huius vocis afferunt, quæ non videntur omni¬" HPOS="98" VPOS="1018" WIDTH="870" HEIGHT="66" WC="0.9923412723744169"/>
          </TextLine>
          <TextLine ID="line_21" TAGREFS="LT8" BASELINE="98 1113 964 1104" HPOS="98" VPOS="1068" WIDTH="867" HEIGHT="63">
            <Shape><Polygon POINTS="98 1113 98 1124 144 1124 146 1124 156 1131 158 1131 159 1131 159 1131 160 1131 192 1124 192 1122 264 1122 278 1128 278 1128 279 1128 280 1128 298 1122 310 1130 312 1130 314 1130 314 1130 315 1130 330 1122 332 1122 342 1122 410 1126 411 1126 412 1126 423 1120 424 1120 432 1120 474 1128 476 1128 549 1120 585 1126 585 1126 586 1126 610 1120 746 1125 747 1125 963 1114 964 1104 962 1077 832 1068 832 1068 831 1068 830 1068 819 1077 818 1078 746 1078 740 1077 722 1070 720 1070 718 1070 585 1076 556 1071 555 1071 555 1071 537 1077 524 1082 442 1082 438 1077 432 1072 432 1072 432 1072 430 1072 429 1072 428 1072 408 1077 394 1080 375 1077 358 1074 357 1074 357 1074 356 1074 351 1077 344 1083 278 1083 266 1077 258 1074 258 1074 256 1074 238 1077 200 1084 98 1078 98 1113"/></Shape>
            <String CONTENT="no prætermittenda, quædam etiam quæ ſunt re¬" HPOS="98" VPOS="1068" WIDTH="867" HEIGHT="63" WC="0.9969866370612924"/>
          </TextLine>
          <TextLine ID="line_22" TAGREFS="LT8" BASELINE="98 1161 968 1155" HPOS="98" VPOS="1116" WIDTH="870" HEIGHT="63">
            <Shape><Polygon POINTS="98 1161 98 1179 306 1178 308 1178 320 1172 418 1178 429 1178 430 1178 432 1178 432 1178 452 1170 964 1172 968 1155 966 1126 936 1116 934 1116 933 1116 932 1116 898 1124 864 1116 862 1116 861 1116 860 1116 858 1116 844 1125 844 1126 789 1126 766 1125 704 1120 702 1120 666 1125 651 1126 648 1125 639 1116 638 1116 636 1116 634 1116 594 1118 592 1118 592 1118 592 1119 585 1124 582 1128 572 1124 550 1118 549 1118 549 1118 548 1118 536 1124 528 1128 482 1128 468 1124 448 1118 447 1118 446 1118 444 1118 434 1124 423 1130 310 1130 291 1122 278 1119 278 1119 276 1119 202 1120 202 1120 195 1122 172 1130 98 1122 98 1161"/></Shape>
            <String CONTENT="futanda &amp; prætermittenda. Ornatum igitur hũc," HPOS="98" VPOS="1116" WIDTH="870" HEIGHT="63" WC="0.9970832039480624"/>
          </TextLine>
          <TextLine ID="line_23" TAGREFS="LT8" BASELINE="99 1209 966 1202" HPOS="98" VPOS="1162" WIDTH="868" HEIGHT="69">
            <Shape><Polygon POINTS="99 1209 99 1232 147 1224 189 1230 192 1230 194 1230 195 1230 196 1230 208 1222 310 1227 345 1228 345 1228 346 1228 351 1227 366 1221 384 1227 388 1227 390 1227 392 1227 412 1226 474 1220 488 1224 492 1227 494 1227 494 1227 495 1227 502 1224 514 1220 555 1222 592 1227 594 1227 596 1227 606 1221 616 1218 654 1221 704 1226 704 1226 705 1226 706 1226 714 1221 720 1216 765 1220 844 1222 846 1222 848 1222 868 1216 874 1215 880 1216 910 1222 912 1222 964 1215 966 1202 963 1173 916 1166 915 1166 882 1172 868 1162 867 1162 866 1162 864 1162 864 1162 838 1173 838 1174 826 1174 792 1174 776 1164 774 1164 772 1164 720 1164 718 1164 717 1164 716 1164 704 1172 698 1167 698 1167 696 1167 694 1167 602 1174 580 1166 579 1166 530 1166 528 1166 526 1166 504 1178 436 1178 405 1178 404 1178 345 1167 345 1167 264 1176 240 1168 240 1168 238 1168 237 1168 218 1179 216 1180 98 1180 99 1209"/></Shape>
            <String CONTENT="quem ab Epiſcopo requiri putant, faciunt dupli¬" HPOS="98" VPOS="1162" WIDTH="868" HEIGHT="69" WC="0.9963449468003943"/>
          </TextLine>
          <TextLine ID="line_24" TAGREFS="LT8" BASELINE="99 1258 969 1252" HPOS="99" VPOS="1214" WIDTH="870" HEIGHT="63">
            <Shape><Polygon POINTS="99 1270 150 1276 152 1276 228 1270 270 1276 272 1276 272 1276 273 1276 282 1270 285 1269 314 1270 387 1276 388 1276 388 1276 406 1270 418 1268 450 1270 494 1275 495 1275 514 1270 534 1266 594 1266 600 1270 603 1274 604 1274 604 1274 606 1274 633 1270 678 1264 770 1264 784 1270 790 1272 792 1272 794 1274 822 1274 822 1272 824 1272 825 1272 826 1270 837 1264 968 1270 969 1252 964 1215 849 1222 832 1215 826 1214 825 1214 824 1214 822 1214 814 1216 798 1226 766 1226 742 1216 734 1215 732 1215 730 1215 729 1215 722 1216 704 1224 687 1218 680 1215 678 1215 678 1215 676 1215 675 1215 670 1218 656 1226 528 1221 526 1221 525 1221 524 1221 516 1227 500 1220 494 1216 492 1216 422 1216 420 1216 392 1221 328 1227 316 1221 315 1221 314 1221 314 1221 309 1221 288 1226 267 1221 252 1218 250 1218 249 1218 243 1221 228 1230 172 1230 159 1221 154 1221 153 1221 153 1221 152 1221 144 1221 118 1228 99 1222 99 1258 99 1270"/></Shape>
            <String CONTENT="cem, nimirum alium Externum, &amp; alium Internũ" HPOS="99" VPOS="1214" WIDTH="870" HEIGHT="63" WC="0.9878185987472534"/>
          </TextLine>
          <TextLine ID="line_25" TAGREFS="LT8" BASELINE="100 1308 966 1299" HPOS="99" VPOS="1260" WIDTH="867" HEIGHT="68">
            <Shape><Polygon POINTS="100 1308 100 1320 202 1328 204 1328 288 1320 296 1320 296 1320 308 1326 309 1326 310 1326 462 1326 462 1326 462 1326 464 1326 474 1318 476 1317 480 1318 502 1324 504 1324 506 1324 537 1317 543 1317 548 1317 585 1324 586 1324 588 1324 590 1324 598 1317 600 1316 612 1317 646 1320 648 1320 776 1316 808 1314 814 1316 838 1322 838 1322 840 1322 842 1322 864 1314 866 1314 896 1314 898 1314 906 1320 908 1320 909 1320 910 1320 964 1314 966 1299 963 1270 932 1270 932 1270 915 1260 914 1260 914 1260 849 1260 848 1260 846 1260 844 1260 834 1270 832 1270 789 1270 789 1270 777 1262 777 1262 776 1262 774 1262 702 1263 700 1263 699 1263 690 1270 687 1274 572 1274 538 1270 500 1264 498 1264 496 1264 483 1269 468 1275 446 1269 444 1269 442 1269 441 1269 440 1269 438 1269 424 1275 388 1270 388 1270 298 1276 279 1269 273 1266 272 1266 272 1266 270 1266 268 1266 264 1269 256 1274 234 1269 228 1268 226 1268 218 1269 170 1276 159 1269 159 1268 158 1268 156 1268 154 1268 99 1268 100 1308"/></Shape>
            <String CONTENT="Externum ornatum collocant, in Cultu, &amp; In¬" HPOS="99" VPOS="1260" WIDTH="867" HEIGHT="68" WC="0.9995031398396159"/>
          </TextLine>
          <TextLine ID="line_26" TAGREFS="LT8" BASELINE="99 1356 969 1347" HPOS="98" VPOS="1312" WIDTH="872" HEIGHT="63">
            <Shape><Polygon POINTS="99 1356 99 1370 222 1376 222 1376 264 1370 366 1374 368 1374 369 1374 380 1370 384 1366 402 1368 453 1374 454 1374 519 1372 520 1372 522 1372 530 1366 530 1366 536 1366 572 1372 573 1372 573 1372 590 1366 597 1364 729 1364 734 1365 738 1370 740 1370 740 1370 741 1370 742 1370 762 1365 771 1364 783 1365 807 1370 808 1370 850 1364 874 1362 894 1364 936 1370 938 1370 968 1364 969 1347 964 1320 920 1320 920 1320 908 1312 906 1312 906 1312 904 1312 846 1322 842 1322 838 1322 814 1314 814 1314 813 1314 598 1324 586 1324 579 1324 494 1318 494 1318 492 1318 466 1324 442 1317 441 1317 440 1317 438 1317 424 1324 310 1318 309 1318 308 1318 308 1318 296 1328 254 1328 142 1320 141 1320 98 1329 99 1356"/></Shape>
            <String CONTENT="ceſſu, quem vtrunque requirunt in Epiſcopo, ho¬" HPOS="98" VPOS="1312" WIDTH="872" HEIGHT="63" WC="0.983963427391458"/>
          </TextLine>
          <TextLine ID="line_27" TAGREFS="LT8" BASELINE="99 1406 969 1396" HPOS="98" VPOS="1360" WIDTH="872" HEIGHT="63">
            <Shape><Polygon POINTS="99 1406 99 1416 144 1424 146 1424 147 1424 159 1418 237 1422 238 1422 240 1422 258 1416 280 1424 282 1424 284 1424 345 1414 348 1414 351 1414 438 1422 440 1422 488 1413 492 1413 498 1413 592 1420 594 1420 596 1420 621 1413 622 1413 630 1413 711 1419 712 1419 753 1412 758 1412 771 1412 866 1418 867 1419 956 1419 956 1418 956 1418 969 1410 969 1396 966 1370 854 1360 852 1360 850 1360 819 1370 758 1362 756 1362 754 1362 734 1371 684 1371 672 1362 672 1362 670 1362 622 1362 622 1362 621 1362 620 1362 606 1370 544 1366 543 1366 543 1366 525 1372 376 1364 376 1364 375 1364 345 1374 321 1365 320 1365 320 1365 318 1365 316 1365 306 1376 264 1365 262 1365 261 1365 219 1376 147 1366 146 1366 98 1377 99 1406"/></Shape>
            <String CONTENT="neſtum, &amp; modeſtum, &amp; rectè quidem. Itaque" HPOS="98" VPOS="1360" WIDTH="872" HEIGHT="63" WC="0.9983973655589792"/>
          </TextLine>
          <TextLine ID="line_28" TAGREFS="LT8" BASELINE="102 1455 969 1444" HPOS="100" VPOS="1407" WIDTH="868" HEIGHT="66">
            <Shape><Polygon POINTS="102 1455 102 1473 417 1473 417 1472 441 1467 456 1464 466 1467 484 1470 486 1470 543 1466 570 1462 573 1464 579 1468 580 1468 582 1468 584 1470 642 1470 642 1468 644 1468 666 1462 675 1461 682 1462 706 1468 708 1468 740 1461 752 1461 760 1461 789 1467 789 1467 830 1461 832 1461 834 1461 848 1467 849 1467 850 1467 850 1467 852 1467 862 1461 864 1460 874 1461 928 1466 930 1466 968 1458 969 1444 966 1416 870 1416 862 1407 861 1407 860 1407 858 1407 640 1419 530 1419 520 1413 519 1413 518 1413 518 1413 372 1420 122 1416 120 1416 118 1416 100 1424 102 1455"/></Shape>
            <String CONTENT="quòd ad cultum &amp; veſtitum priuatum Epiſcopo¬" HPOS="100" VPOS="1407" WIDTH="868" HEIGHT="66" WC="0.99281794362598"/>
          </TextLine>
          <TextLine ID="line_29" TAGREFS="LT8" BASELINE="100 1500 968 1492" HPOS="99" VPOS="1455" WIDTH="868" HEIGHT="64">
            <Shape><Polygon POINTS="100 1500 100 1515 332 1520 333 1520 418 1512 428 1512 432 1512 476 1518 477 1518 558 1510 566 1510 570 1510 610 1516 612 1516 690 1510 696 1510 698 1510 705 1516 706 1516 708 1516 710 1516 822 1516 822 1516 824 1516 825 1516 832 1510 950 1515 950 1515 951 1515 968 1508 968 1492 964 1466 861 1466 822 1455 820 1455 820 1455 798 1466 780 1456 778 1456 718 1456 717 1456 716 1456 698 1466 678 1456 678 1456 676 1456 610 1467 579 1461 578 1461 576 1461 574 1461 566 1468 486 1468 465 1460 464 1460 462 1460 462 1460 460 1460 448 1468 369 1461 368 1461 366 1461 364 1461 352 1468 279 1461 278 1461 99 1472 100 1500"/></Shape>
            <String CONTENT="rum, conſtitutum eſt, vt neque ſordidus ſit, neq;" HPOS="99" VPOS="1455" WIDTH="868" HEIGHT="64" WC="0.996456254501732"/>
          </TextLine>
          <TextLine ID="line_30" TAGREFS="LT8" BASELINE="99 1551 968 1542" HPOS="98" VPOS="1503" WIDTH="870" HEIGHT="63">
            <Shape><Polygon POINTS="99 1551 99 1566 690 1566 690 1566 692 1566 693 1566 699 1560 716 1566 717 1566 718 1566 843 1558 951 1564 952 1564 954 1564 956 1564 968 1557 968 1542 963 1510 860 1510 858 1510 838 1503 837 1503 836 1503 834 1503 822 1510 818 1512 664 1512 648 1510 622 1504 621 1504 620 1504 604 1510 602 1510 598 1510 588 1504 586 1504 585 1504 560 1510 544 1512 534 1510 520 1506 519 1506 518 1506 518 1506 516 1506 512 1510 504 1514 456 1510 418 1508 417 1508 416 1508 414 1508 411 1510 405 1515 398 1510 394 1508 393 1508 392 1508 339 1508 339 1508 324 1510 296 1516 236 1510 216 1509 214 1509 202 1510 170 1516 153 1510 150 1510 148 1510 147 1510 98 1510 99 1551"/></Shape>
            <String CONTENT="ſplendidus &amp; fulgidus, ſed ſit illorum perſonæ &amp;" HPOS="98" VPOS="1503" WIDTH="870" HEIGHT="63" WC="0.9994432802001635"/>
          </TextLine>
          <TextLine ID="line_31" TAGREFS="LT8" BASELINE="104 1598 969 1592" HPOS="102" VPOS="1556" WIDTH="867" HEIGHT="62">
            <Shape><Polygon POINTS="104 1598 104 1611 318 1617 320 1617 366 1612 394 1610 494 1612 562 1616 564 1616 566 1616 568 1614 579 1610 681 1614 722 1616 722 1616 723 1616 728 1614 738 1610 747 1614 750 1616 752 1616 753 1616 770 1614 832 1608 850 1614 852 1614 854 1616 969 1616 969 1592 968 1566 882 1556 880 1556 820 1564 813 1558 812 1558 810 1558 808 1558 808 1558 789 1564 740 1560 738 1560 736 1560 735 1560 728 1566 663 1557 662 1557 596 1563 537 1557 536 1557 494 1564 471 1558 470 1558 468 1558 468 1558 452 1566 372 1558 370 1558 318 1566 303 1560 302 1560 302 1560 300 1560 284 1568 164 1560 162 1560 160 1560 159 1560 147 1569 102 1569 104 1598"/></Shape>
            <String CONTENT="ordini congruens, &amp; decens &amp; accommodatus," HPOS="102" VPOS="1556" WIDTH="867" HEIGHT="62" WC="0.9900218489624205"/>
          </TextLine>
          <TextLine ID="line_32" TAGREFS="LT8" BASELINE="100 1648 972 1642" HPOS="99" VPOS="1604" WIDTH="873" HEIGHT="63">
            <Shape><Polygon POINTS="100 1648 100 1666 972 1659 972 1642 969 1612 796 1604 795 1604 746 1611 622 1605 622 1605 447 1616 424 1608 423 1608 422 1608 272 1616 138 1610 136 1610 99 1617 100 1648"/></Shape>
            <String CONTENT="cõcilio Agathenſi cap.2o. &amp; Gangrenſi cap.21. &amp;" HPOS="99" VPOS="1604" WIDTH="873" HEIGHT="63" WC="0.9960114446779093"/>
          </TextLine>
          <TextLine ID="line_33" TAGREFS="LT8" BASELINE="100 1696 969 1690" HPOS="99" VPOS="1653" WIDTH="870" HEIGHT="62">
            <Shape><Polygon POINTS="100 1696 100 1714 142 1708 234 1708 242 1714 242 1714 243 1714 244 1714 246 1714 256 1714 318 1708 382 1714 396 1714 398 1714 420 1713 510 1708 524 1713 526 1713 528 1713 530 1713 530 1713 531 1713 531 1712 540 1707 582 1712 594 1713 596 1713 597 1713 598 1712 610 1707 646 1712 662 1713 663 1714 750 1714 750 1713 752 1713 758 1710 771 1706 969 1708 969 1690 968 1665 934 1665 914 1653 912 1653 910 1653 909 1653 874 1665 848 1665 826 1653 825 1653 824 1653 714 1662 656 1653 536 1653 534 1653 500 1654 500 1654 498 1654 478 1666 422 1666 394 1654 393 1654 392 1654 390 1654 388 1654 376 1666 330 1666 302 1656 302 1656 300 1656 298 1656 261 1668 184 1668 171 1656 170 1656 168 1656 135 1656 134 1656 132 1656 130 1656 117 1668 99 1668 100 1696"/></Shape>
            <String CONTENT="eſt in can. Clerici qui diſt.23.itémque 21. quæſt.4." HPOS="99" VPOS="1653" WIDTH="870" HEIGHT="62" WC="0.9745523086133993"/>
          </TextLine>
          <TextLine ID="line_34" TAGREFS="LT8" BASELINE="100 1748 969 1740" HPOS="99" VPOS="1700" WIDTH="870" HEIGHT="68">
            <Shape><Polygon POINTS="100 1748 100 1767 135 1760 202 1766 214 1767 216 1767 216 1767 219 1766 232 1758 322 1764 345 1766 346 1766 392 1764 393 1764 394 1764 394 1764 404 1758 432 1764 440 1764 441 1764 442 1764 448 1764 474 1756 514 1762 524 1764 525 1764 544 1762 618 1755 633 1761 636 1762 638 1762 639 1762 654 1761 698 1755 723 1760 732 1761 734 1761 741 1760 768 1754 966 1756 969 1740 966 1708 898 1700 897 1700 840 1710 816 1710 806 1701 804 1701 802 1701 801 1701 759 1708 740 1701 738 1701 736 1701 735 1701 706 1708 687 1702 686 1702 684 1702 648 1708 606 1702 604 1702 470 1702 468 1702 446 1714 420 1714 410 1704 408 1704 406 1704 406 1704 405 1704 380 1713 320 1706 320 1706 318 1706 300 1714 222 1714 165 1707 164 1707 162 1707 160 1707 150 1714 135 1708 134 1708 132 1708 99 1716 100 1748"/></Shape>
            <String CONTENT="per totum. Quod ad inceſſum etiam eſt ſancitũ," HPOS="99" VPOS="1700" WIDTH="870" HEIGHT="68" WC="0.9868861373434675"/>
          </TextLine>
          <TextLine ID="line_35" TAGREFS="LT8" BASELINE="98 1796 968 1788" HPOS="98" VPOS="1750" WIDTH="870" HEIGHT="81">
            <Shape><Polygon POINTS="98 1796 98 1830 148 1830 150 1830 152 1830 152 1828 160 1820 184 1832 186 1832 188 1832 189 1832 212 1820 243 1820 268 1830 270 1830 272 1830 302 1824 344 1830 346 1830 348 1830 350 1830 351 1830 388 1818 477 1818 506 1828 507 1828 508 1828 510 1828 549 1820 588 1827 590 1828 616 1828 676 1828 676 1827 680 1827 777 1816 798 1824 800 1824 801 1824 850 1814 964 1826 968 1788 964 1758 680 1750 678 1750 678 1750 676 1750 666 1760 664 1760 656 1760 555 1752 555 1752 554 1752 524 1761 522 1761 519 1761 488 1752 488 1752 410 1752 408 1752 406 1752 380 1762 376 1762 368 1762 264 1754 264 1754 262 1754 232 1764 230 1764 222 1764 124 1755 123 1755 123 1755 98 1764 98 1796"/></Shape>
            <String CONTENT="ne ſit mollis ſiue fractus: néue militaris can. Dar¬" HPOS="98" VPOS="1750" WIDTH="870" HEIGHT="81" WC="0.9784948443466762"/>
          </TextLine>
        </TextBlock>
      </PrintSpace>
    </Page>
  </Layout>
</alto>
