1500 2172
332 153 274 34 CABVT V.

902 144 62 74 410

156 177 813 87 Tertiò vidẽtur hę mulieres diaconiſſę ad Mar

99 230 864 82 thę imitationem toleratę vel inductę in eccleſia,

98 284 867 80 atque ad exemplum earum mulierum piarum,

104 332 860 76 quę Chriſto miniſtrabant, de quibus Lucas 1o.

100 380 864 76 verſ. 41. 8.verſ.3. Vtcunque vtilis viſa eſt eccle¬

96 429 867 76 ſię pro tempore illa acceſſio & ſubſidiaria mulie¬

94 480 866 74 rum opera, antequam eſſent in Chriſtiana eccle¬

92 524 870 81 ſia Ptochodocheia, Noſodocheia & Hoſpitalia

102 590 860 63 quę dicuntur, quòd commodiſſimum eſſet & ma

93 626 868 70 ximè idoneum mulierum miniſterium quibuſdã

92 672 864 80 in rebus, atque adeo aptius, quàm Diatonorum.

147 722 808 74 Vnde quę ætas ſecuta eſt tẽpora Apoſtolica,

88 770 867 75 Diaconiſſas habuit, vt ex conciliis Nebcęſarien¬

87 818 868 76 ſi, Laodiceno, & Chartaginenſi apparet, & ex ve¬

87 867 870 78 terum ſcriptis, imprimis autem Epiphanio, qui

87 914 867 78 vixit ſub Theodoſio maiore, & hiſtoria eccleſia¬

87 962 867 78 ſtica: adeo vt magnę dignitatis poſtea huiuſmodi

86 1016 864 69 Diaconiſſę in eccrenaruerme rua fienyrias Dia¬

87 1060 866 80 coniſſa interfuit ſynodo Chalcedonẽſi quemad¬

86 1110 866 78 modum Euagrius ſcribit lib.2. cap.16. & Pulche¬

81 1160 868 70 ria etiam ipſius Theodoſij Iunioris Conſtantino

82 1209 867 76 pol. Imperatoris ſoror in Diaconiſſam electa eſt

86 1258 748 69 vt ex Hermio Sozom. facilè colligi poteſt.

128 1306 824 75 Præter Diaconiſſas autem neque Presbyteri¬

84 1353 864 80 das, neque epiſcopiſſas mulieres habebat Chri¬

81 1404 868 76 ſtiana eccleſia, quanquam Pepuziani hæretici

84 1452 860 78 nullam Maribus dignitatẽ in eccleſia tribuerent,

84 1502 861 78 quam eãdem etiam fœminis non cõcederent.At

81 1546 866 78 ex Pauli præcepto aliud ſemper orthodoxa eccle

76 1596 867 75 ſia obſeruauit. Nullũ enim huiuſmodi munus vn¬

81 1647 862 76 quã fœminis delegauit, quod in docendo verſare¬

82 1695 861 80 tur. Itaque Epiphani. Hęreſ. Collyridianorum

86 1746 855 86 quæ eſt 79. ſic ſcribit. Hρεςθυλερίδες ἠἰερίσταιοὔκ ἐιοιν

722 1808 56 75 ſi¬
