1500 2172
740 144 570 64 AD I. PAVL. AD TIM.

570 171 90 48 222

615 186 822 78 Itaque decreuerunt vt Diaconi quidem ante

568 250 873 70 viceſimum quilitun æ tatis amum nulli eligerẽ¬

576 315 82 50 tur.

616 334 825 82 Preſbyteri verò & Epiſcopi nulli ante triceſi¬

572 388 868 78 mum ætatis annum, quæ eſt iuſta hominis ætas,

572 435 872 76 crearentur cano. Placuit diſtinct. 77. & tota diſt.

578 486 866 78 78. Quod ex Numerorum cap. 4. & 8. ſumptum

573 534 870 75 aut imitatum videri poteſt. Et certè æquum eſt

573 585 870 75 iuſtam aliquam ætatem, & certam definiri, aut

573 628 872 81 ſpectari in Eccleſiaſticis perſonis eligendis, ad

576 682 867 72 quam tamen dona Dei minimè ſunt reſtringen¬

576 728 866 80 da. Nam & Timotheus quãuis ipſe admodũ ado¬

579 774 866 78 Ieſcens eſſet, tamen iam erat Euangeliſta: & Do¬

576 832 872 70 minus, cur vuit, & quando ruit udna ſua largitur:

578 873 867 78 vt potius hoc totum ex dotibus ingenii, & Dei

576 922 867 76 donis erga ſingulos ſit æſtimandum & diiudican¬

574 970 870 78 dum, quinam ſint idonei & eligendi, quàm ex cer¬

578 1023 710 74 to annorum numero à nobis conſtituto.

634 1065 813 81 Tertio loco quæſitum eſt, vtrum Epiſcopum

579 1122 867 72 futurum oporteat, ſecularium, quæ vocant, ne¬

582 1166 868 78 gotiorum peritum eſſe, eáque tractare & admini¬

579 1215 872 74 niſtrare poſſer in quo videtur fuiſſe diuerſa tum

580 1266 868 70 Patrum, tum Eccleſiæ veteris diſciplina, & con¬

579 1308 872 80 ſuetudo. Ac primùm in hac quæſtione, diſciplina

582 1358 866 78 Eccleſiaſtica à negotijs ſecularibus diſtingui de¬

584 1408 866 72 bett Dheiplinæ. n. Eccleſiaſticæ imperitus & i¬

585 1456 867 78 gnarus nõ debet eſſe Epiſcopus, ne magna in Dei

584 1504 867 75 Eccleſiam perturbatio confuſióque ab eo indu¬

582 1550 868 80 catur. Rudes enim diſciplinæ & ordinis Eccleſia¬

580 1604 870 74 ſtici homines ſæpe turpiſſimè grauiſſiméque pec¬

582 1653 868 74 cant. At que huiuſmodi diſciplinæ ignorantes ho¬

582 1702 867 70 mines etiam electos, repudiatos tamen eſſe ap¬

585 1748 792 90 paret ex diſtin.59. cano. Qui Eccleſiaſticis.

1290 1800 164 69 Negotia
