1500 2172
375 164 296 38 CAPVT III.

906 141 63 74 166

147 190 818 74 Venio iam ad eas poſtremæ ætatis conſtitu¬

92 249 870 66 tiones, per quas hoc Pauli dictum & præceptum

92 297 872 63 non tantum inflexum eſt à vero ſenſu: ſed omni¬

90 358 870 56 no immutatum, & ſublatum ex nimia & præpo¬

90 394 522 52 ſtera celibatus admiratione.

136 438 820 68 Ac primum quæſitum eſt anxiè, Vtrum celi¬

86 486 874 64 batus eſſet Miniſtris Eccleſiaſticis, ſiue iam voca¬

86 538 876 63 tis & ordinatis, ſiue vocandis & creandis præciſè

87 588 874 64 indicendus & præfiniendus. Reſpond. Cùm ne¬

90 634 867 68 que donum continentiæ ſit in noſtra poteſtate,

84 686 876 66 neq; ſemper, & vel in perpetuum à Deo detur, ſi

84 734 872 66 cui detur: ſed ſæpe tantùm ad tempus, perperam,

81 783 874 64 & iniquè eos agere, qui illum præſcribunt Epi¬

80 831 876 64 ſcopis & vllis Miniſtris Eccleſiaſticis, vel iam ele¬

80 880 874 63 ctis, vel eligendis. Onerant enim hominum con¬

80 927 873 66 ſcientias præter Dei verbum, quod facere non li¬

80 976 872 64 cet, iíſque leges imponunt, quod ſolius eſt Dei.

80 1023 868 69 Deinde Cataphrygum & Encratitarum hæreſin,

80 1077 868 57 qui nuptias damnarunt, & reuocãt & confirmãt.

80 1122 870 66 Etſi enim nuptias non in totum tollere videntur:

75 1172 873 64 eatenus tamen illis hæreticis aſlentiuntur, quate¬

78 1227 872 57 nus ſanctam illam Dei inſtitutionem (quæ eſt cõ¬

75 1270 872 68 iugium) putant polluere quoſdam pios: aut ſal¬

78 1323 867 62 tem obſtare, quò minus illi ad Dei obſequium

74 1366 866 66 ſint apti & idonei, cùm tamen ijs nihil eorum,

78 1418 862 68 quæ Dei verbum in paſtoribus requirit, pro ca¬

74 1466 552 62 ptu humanæ infirmitatis, deſit.

123 1512 819 68 Quare cùm Synodo Nicena prima de ea lege

70 1562 866 68 clericis imponenda ageretur & diſceptaretur,

70 1610 870 68 obſtitit vir ſanctus Paphnutius Epiſcopus &

70 1658 870 69 Chriſti martyr & ipſe ἀγαμος tamen, qui ex Dei

72 1708 867 64 verbo omni hominum generi honeſtum eſſe cõ¬

68 1758 868 80 iugium docuit ex Heb. 13. verſ 4. Atque hæc Hi¬
