1500 2172
327 159 306 33 CAPVT III.

849 130 70 69 258

57 182 868 64 oues meæ vocẽ meã audiunt, ait Chriſtus Ioa.10.

58 238 873 57 adeò vt ſublata & abolita illa veritate, vel mutata

57 285 874 66 in mendaciũ, deſinat quoque eſſe illîc Eccleſia, &

60 336 866 56 vbi illa veritas annuntiatur, illîc quoque naſcitur

58 381 867 68 Eccleſia. Ergo non eſt Eccleſia vel locis, vel cer¬

60 438 866 57 cio perionis aiipatajce aitrieea, ſed doctrinæ ver¬

62 477 874 69 bi Dei, vt etiã deſiniuit Synodus Gangrenſis de

62 534 303 62 ſanctitate agens.

104 573 828 72 Abuſi ſunt igitur perſpicuè hoc loco Papiſtę

63 624 870 68 dum hinc colligunt, verbi Dei certitudinẽ ex Ec¬

62 672 870 70 eleſiæ approbatione & hominum ſuffragio pen¬

62 722 868 62 dere. Nam falſum eſt. Subiiceretur enim Deus

60 770 870 69 hominibus, id eſt, creator creaturæ, & omnipo¬

62 818 868 64 tens vermibus terræ: & poſſent homines ſuam

60 862 868 70 Deo veritatem adimere ſi vellent, vel illi conſer¬

62 918 867 63 uare, quæ tamen penes eum vnum reſidet, neque

60 962 866 68 ex hominũ iudicio & authoritate pendet, vel im¬

60 1011 867 68 mutari poteſt Iacob.1.V.17. Præclarè enim Iren.

62 1059 864 69 lib.3. cap.1. & 11. Euangelium eſt columen fidei

60 1110 868 62 noſtræ, non hominũ authoritas. Et quod contra

60 1158 867 68 fundamenta. Manichæo. epiſtol. cap 5.ſcribit Au¬

62 1208 867 69 guſt. Ego verò Euangelium non crederem, niſi

62 1256 864 60 me Catholicæ Eccleſiæ commoueret authoritas,

63 1305 864 63 dictum eſt aduerſus eos qui pro animi libito, ex

62 1356 866 64 ſola ſuorũ præceptorũ & quidé recẽtium appro¬

63 1401 868 64 batione, hos ſacræ ſcripturæ libros recipiebant

66 1449 860 64 vt authenticos: illos autem, vt falſatos, reiicie¬

63 1496 862 70 bant, quod faciebant Manichæi, quibus opponit

62 1545 866 69 Auguſtinus maiorem & fideliorem hominum

63 1594 862 70 approbationem, nempe diuturnum totius Eccle¬

62 1648 276 60 ſiæ conſenſum.

111 1688 814 70 Denique quod iidem Papiſtæ ex hoc loco col¬

62 1740 864 78 ligunt, Eccleſiam errare non poſſe, falſum eſt, ſi
