1500 2172
380 129 280 38 CAPVT VI..

92 176 710 51 quis ſeruiat, quàm aſperis, & immitibus

882 116 63 78 628

130 208 814 66 Æquius eſt, vt ijs, qui nobis ſunt tanquam fra¬

88 278 858 52 tres, nos fummtainus, quai ijs, qui nobis ſunt

87 308 224 60 velut alieni.

135 348 808 76 Æquius denique eſt, vt ijs ſubiiciamur, quos

86 406 858 56 Dominus ipſe Deus tanto honore affecit, vt ſint

84 453 860 69 fideles & Chriſtiani, quàm ijs, quos tanta & pari

84 506 860 64 gratia Deus ipſe non eſt dignatus. Quæ omnia

81 562 862 52 argumenta breuiter continentur verbis Pauli.

81 603 862 63 Horum autem argumentorum locus eſt duplex:

82 651 860 60 Partim enim ducũtur à minori ad maius, partim

80 696 862 75 à perſonarum ipſarum, quibus ſubiiciuntur ſerui,

80 752 458 60 conditione & differentia.

126 792 818 64 Ne ſpernant igitur ſerui dominos ſuos fideles

75 842 866 69 id eſt, Chriſtianos, quòd ipſi ſint fratres in Chri¬

74 909 864 48 ito Pideles Domi appellantur, non qui pacta

74 940 860 69 ſeruis ſuis aut hominibus facta ſeruant: ſed quia

74 988 858 68 fidem Euangelij profitentur. Hîc enim fideles

72 1036 862 75 appellantur à fide in Chriſtum: nõ à fidelitate &

74 1090 498 63 promiſſionum præſtarione.

111 1140 824 63 Seruos autem fideles vocat dominorum ſuo¬

68 1185 866 72 rum fidelium fratres, non tam propter eiuſdem

68 1236 862 63 naturæ humanæ ſimilitudinem, quæ eſt inter o¬

66 1287 866 62 mnes homines ſiue ſeruos, ſiue dominos: omnes

66 1338 864 62 enim homines Dominus creauit ex vno ſangui¬

64 1384 867 64 ne Actor.17.verſ.26. quàm propter eiuſdem ado¬

68 1432 862 60 ptionis & fidei participationem. Qui enim per

68 1478 862 66 Chriſtum à Deo ſunt adoptati, illi ſunt inter ſe

66 1526 856 68 fratres, eiuſdem baptiſmatis, eiuſdem paris, e¬

68 1574 856 66 iuſdem hæreditatis & earundem primiſſionum

66 1624 864 63 conſortes & κοινωνοὶ vt docet Paulus Ephe.4 verſ.

69 1670 855 76 45.6. ſiue illi ſtatu ſerui ſint, ſiue liberi: ſiue Do¬

68 1722 584 80 mini,ſiue non Galat.3.verſ.28.

898 1716 20 36 1-

530 1779 237 72 11D.ij

867 1749 18 56 2

837 1788 90 69 1665
