1500 2172
561 159 105 44 330

714 135 582 62 AD I. PAVL. AD TIM.

555 184 867 75 Francorum procerem prope Aurelianẽſem ciui¬

554 237 868 70 tatem cœ nobium ſancti Benedicti condidiſſe, v¬

555 285 867 69 bi Maurus ipſius Benedicti diſcipulus, vt ait Sa¬

550 333 868 66 bell. Ennead. 8 lib 2. docuerit, & Floriacenũ Mo¬

555 381 868 72 naſterium adhuc hodie appellatur. Certè ab hoc

555 430 868 68 vitæ inſtituto prorſus nunc noſtri Monachi de¬

558 482 868 70 generarunt, quorum cœnobia, non ſunt literarũ

555 530 872 69 officinæ, ſed haræ porcorum, & paſcua hominũ

555 579 870 68 cantillando viuentium, more cicadarum. Ta¬

556 627 868 69 men poſtea vſurpatum eſt, vt pœnæ loco in Mo¬

560 686 868 56 nalteria detruderentur nomies inertes, ſcelera¬

556 722 872 69 ti & immorigeri, & tonderentur, vt ex hiſtorijs

561 772 866 68 præſertim Francogallorum apparet, & Grego¬

561 826 274 60 rio Turonenſi.

562 862 868 75 Quis autem vſus fuerit iſtorum hominum variè

562 921 570 69 queſitum eſt, quæ item regulæ.

606 963 825 74 Ac regulæ vt Nicephorus ait lib.9. cap.14. hæ

558 1016 873 69 primæ erant, vt omnia eſſent libera, votum au¬

561 1060 870 74 tem perpetuum iſta profeſſio non haberet: adeò

561 1114 874 64 vt nec ciborum, nec ieiuniorum certa tempora

561 1160 876 69 & indicta eſſent, ſed quantum vellent ederent, &

561 1210 874 68 biberent, & operarentur: item quando vellent,

561 1257 873 70 ieiunarent. Atque ita Pachoimus primas regulas

566 1304 872 72 inſtituerat. Sequuti ſunt alii qui reſtrinxerunt illã

561 1352 873 72 libertatem. Ac primũ in veſtitu: poſt autẽ in cibis.

567 1402 870 72 Qui primus autẽ inſtitota iſta ſcrupuloſius & mi¬

566 1449 872 68 nutius vel explicaſſe vel tradidiſſe cẽſetur, eſt Ba¬

566 1496 868 70 ſilius, ſiueiis eſt, qui Magnus dicitur: ſiue alius, eó¬

567 1548 876 69 que recentior. Ergo quoad habitum, cucullis ſunt

567 1593 874 69 vſi ſumpto more ab Ægyptiis Monachis, vt Caſ¬

567 1646 876 69 ſia.ſcribit. Melotis item. i. ouilibus veſtimentis,

567 1690 876 76 & vilibus pannis, Colobiis lineis ad imam vſque

572 1740 873 92 cubiti partem pertingentibus, vt expeditas ad

1282 1794 160 72 operan¬
