1500 2172
604 123 706 58 41a AD f. PAVT. AD TIM.

600 184 706 56 dum extat præſcriptum Exod.21.verſ.2.

652 228 812 60 Tertia ratio eſt, ipſa ſæuities dominorum, im¬

598 279 868 60 primis infidelium, quæ cùm ſupra modum eſſet

598 327 868 60 dura & intolerabilis, videbatur æquum eſſe, vt

598 375 868 56 ſe ab eo onere, iniuſto quidem & ſæuo, libera¬

598 423 868 63 rent ſerui Chriſtiani. Prætermitto verò rationẽ

600 474 867 62 quæ ex vitioſa ſcripturæ interpretatione mani¬

598 519 867 64 feſtè ducitur: nimirum quòd homines liberta¬

598 570 868 60 tis Chriſtianæ nomen facilè ad licentiam carnis

598 620 868 60 trãsferunt, & cùm ſe liberatos eſſe à Chriſto au¬

598 669 868 63 diunt, omne iugum excutere conantur, quod fa¬

598 718 354 56 ciunt Anabaptiſtæ.

640 766 825 58 Denique vt hæ rationes omnes ceſſent, æquũ

598 812 870 64 eſt tamen paſtores conſolari miſeras illas perſo¬

598 862 870 60 nas, & ad ſuum officium alacriter faciendum ex¬

600 908 159 63 hortari.

650 956 818 64 Quod enim ad ſuperiores illas tres rationes,

598 1010 870 62 planè ſunt ineptæ. Ac prima quidem, quoniam

598 1054 870 62 diſſimillima confundit, nẽpe ius poli, vt loquun¬

597 1114 872 52 tur, cum iure ſoll. Nam dictum illud Pauli, quod

596 1155 874 60 ad noſtram ſalutis rationem prorſus referri de¬

597 1203 872 62 bet, transfert ad negotia ciuilia & politias huma¬

597 1252 872 63 nas, cùm tamen vtriuſque rei ſit planè diuerſa &

597 1300 873 68 diſſimilis ratio, etiam ex ipſo Dei verbo conſti¬

597 1353 106 57 tuta.

644 1395 826 64 Secunda ratio continet paralogiſmum à dicto

596 1446 874 63 ſecundum quid ad dictum ſimpliciter. Quæ enim

597 1494 872 58 de Hebræis ſeruis ſanxit Dominus: ea neque in

598 1545 870 58 perpetuum, neque apud omnes homines locum

598 1592 872 62 habere debent, ſed in populo Iudæorum. Fuit

598 1641 873 58 enim ea lex politica, non moralis. Denique ter¬

597 1690 876 62 tia ratio, peccat in modo. Etſi enim remedium

598 1740 870 82 aduerſus inhumanam dominorum ſæuitiem que¬

1320 1792 154 64 rendum
