1500 2172
722 117 573 74 AD I. PAVL. AD TIM.

562 156 98 56 216

692 172 738 92 (Nam ſi quis propriæ domui præeſſe

561 240 812 86 neſcit, quomodo Eccleſiam Dei curabit?)

615 308 814 81 Argumentum eſt à minori ad maius, quo vti¬

564 360 868 78 tur Chriſtus Matth. 24. de talẽtis agens. cuius ra¬

567 412 866 74 tio & firmamentum eſt, non modò certiſſimum:

567 460 866 76 ſed etiam notiſſimum, & ab omnibus conceſſum,

567 507 866 82 hoc nempè, eum qui minorem nauim regere nõ

574 556 861 80 poteſt, nec maiorem poſſe. Maior autem vis huius

573 604 861 80 argumenti apparet, in his verbis Propriæ domui:

573 651 861 78 Eccleſiam Dei Eſt enim Eccleſia & ipſa do

576 700 862 78 mus vt inf. verſ.15. docebit Paulus, & eſt Hebr.3.

578 750 866 81 verſ.3. 4.5. ſed domus non priuati cuiuſdam ho¬

578 801 866 70 minis, ſed regis: non etiam familia & domus ali¬

578 844 866 78 cuius humani regis mortalis: ſed Dei ipſius ſum¬

579 894 868 74 mi & celeſtis omnium imperatoris. Ex hoc autẽ

579 942 866 82 intelligitur quanta ſit paſtorum Eccleſiæ digni¬

579 994 868 75 tas, qui in domo Dei præficiuntur. Ex hoc quo¬

582 1041 868 75 que colligimus Eccleſiæ dominium ad quẽquam

580 1092 873 74 nomiiiu non pertinere: nec cuiquam licere in ea

580 1136 870 82 ſibi ius authoritatémq;, niſi Deo ipſo, id eſt, Do¬

582 1185 873 87 mino deferente vſurpare, vt eſt in epiſt. ad Hebr.

648 1281 808 92 6 Non nouitium: ne inflatus, in crimi¬

590 1352 516 68 nationem incidat diaboli.

640 1394 820 76 Non nouitium, vel Neophytum, Metaphora

592 1444 870 80 traducta à plantis ad homines fideles, qui etiam

592 1492 873 75 in Dei domo, & Eccleſia plante nominantur. Pſal

596 1544 872 78 92, verſ. 14 & Chriſtus ipſe ita appellat, omnis ar¬

596 1592 873 80 bor, vel plantatio, quam Pater meus non planta¬

597 1640 872 76 uerit, &c. Matth. 15. Ac primùm qui Neophyti

598 1688 873 80 dicti ſunt explicandum eſt, propterea quòd abuſi

598 1736 873 86 ſunt Monachi hac voce ad votorum ſuorum di¬

1245 1782 230 81 ſtinctionem
