1500 2172
552 162 81 42 393

549 188 870 78 cultui intereſſe aſsiduè, quod hîc deſcribitur: &

549 243 867 74 pauperum curam habere, ac ea, quæ prodeſſe illis

549 303 867 62 ponunt, parare, quou laelebut Dorcas. Vnum c¬

549 345 428 68 nim alterius comes eſt.

610 412 807 64 o At quain tuxu viuit, ca viuens mor¬

549 466 159 74 tua eſt.

604 534 813 72 Ἀντίθεσις eſt, eáque duplex, Vna quidem, quæ

549 588 868 66 ſuperiorem ſententiam illuſtrat ex contraria vi¬

549 633 870 69 duæ deſcriptione. Altera, quæ in ipſius verſiculi

550 690 867 60 ſententia, quanquam breunisiſia, ſatet, habétque

554 730 866 70 magnam emphaſin, pulchrámque inſolentis vi¬

554 777 866 74 duæ picturã, quam inf. verſ. 13. copioſiùs poſtea

554 834 360 66 perſequitur Paulus.

598 870 820 74 Primum igitur laſciuientem & luxu diffluen¬

550 922 868 70 tem viduam opponit veræ viduæ Paulus. Neque

549 970 870 68 enim huiuſmodi ab Eccleſia ali vult, imò potius

550 1020 868 75 ſeriò admoneri, vt exitium ſuum intelligat & ap¬

554 1074 866 68 prehendat. Vocat autem eam παταλῶσαν, qua

555 1116 864 68 voce idem ſignificare videntur Græci quod vo¬

555 1166 866 68 cabulo ἐντρυφαν, vt apparet ex Iac.5. verſ.5. Eæ

555 1215 868 69 verò ſunt huiuſmodi omnes, quæ cùm viris ſunt

555 1262 864 68 orbatæ, delitiis, corporis voluptatibus, laſciuiæ

556 1310 862 74 indulgent, item ſumptuoſis veſtimnentis, magnis

556 1359 860 72 virotum cœtibus inuiſendis delectantur, ſéque

555 1407 866 69 ſtude corpore & vultu & cultu componunt, co¬

558 1458 862 69 munt, & comparant, vt viris placeant, arrideant,

556 1503 866 70 ac allubeſcant, quales penè ſunt hoc noſtro ſecu¬

556 1551 864 70 lo infinita. Itaque illę etiam ipſo Dei flagello

556 1604 862 69 miſerrimæ gaudent, & lętantur, quòd viros ſuos,

556 1650 864 66 id eſt, optimum vitæ ſuæ ſubſidium amiſerint.

561 1700 858 70 Nam hac ratione ſe ad omnem laſciuiam perpe¬

556 1746 866 86 trandam liberiores eſſe iam putant. Certum eſt

1288 1804 130 52 autem

724 141 564 62 AD I. PAVL. AV TIM.
