1500 2172
556 154 93 34 Ro

714 134 580 57 AD I. PAVL. AD TIM.

549 180 874 69 rum, à tentationibus Dæmonum. Sponſæ verò

549 234 876 63 ornatus in bonis operibus, & moribus, & ordini¬

550 288 873 54 bus. At paſtus omnium communiter quidem in

549 346 873 52 paſcuis ſeripturarum tanquam in hæreditate Do¬

552 386 183 51 mini &c.

590 429 832 64 Huius autem negligentiæ & abſentiæ caſtiga¬

550 484 872 56 tio non tantùm ad Synodum, aut conſiſtorium

550 536 870 54 Eccleſiaſticum pertinet, ſed etiam ad Magiſtra¬

550 580 872 58 tum pium & fidelem, vt docemur exemplo Con¬

549 627 868 63 ſtantini Magni, & refert Sozomenus lib. 2. cap.4.

596 678 824 60 Ex huius autem præcepti occaſione, & rectè

550 724 872 64 quidem, factum eſt, vt paſtores & Epiſcopi Ve¬

544 776 874 54 natores & Aleatores, non tantùm damnarentur:

548 820 873 63 ſed eriam deponerentur, quia ijs rebus & ſtudijs

548 870 873 62 occupati, & rebus Eccleſiæ attendere & moribus

544 918 878 63 hominum inuigilare non poſſunt. Denique ni¬

544 964 880 64 miæ diſſolutionis vitæ huiuſmodi ſtudia & occu¬

548 1017 874 60 pationes ſunt certiſſima teſtimonia, quanquam

548 1064 874 62 Germanis & Gallis Epiſcopis ſemper nimium i¬

546 1110 874 62 ſtæ res aſsiduæ & familiares fuerunt vt eſt in can.

549 1164 870 66 Quorundam & ſeq. diſtinct. 34. cano. Epiſeopus

544 1209 212 66 diſtinct.35.

590 1258 828 63 Subiicit Paulus σώφρονα, Alij prudentem ver¬

544 1310 874 58 tunt, alij ſobrium (Malè prudentem, eſt enimoρó¬

543 1362 867 51 νιμος prudens, non σ́φρων) Huic autem temperan

543 1407 876 52 tiæ coniungit Paulus iuſtitiã. Vult enim eſſe tẽ¬

543 1455 874 60 perantem, & iuſtum Tit.1.verſ. 8. Temperantem

540 1503 878 63 in ſeipſo, ne abripiatur vllo vitioſo affectu ad tur¬

540 1554 879 62 pia perpetranda. Iuſtum verò ad alios, ne quen¬

542 1602 878 58 quam offendat, aut re aut verbo, aut manu, aut lin¬

543 1648 873 63 gua vel rapiendo, vel fraudãdo. Quæ hîc diſputãt

537 1696 878 64 Canoniſtæ de prudentia Epiſcopi, qualis eſſe de¬

530 1748 884 84 beat, nos in explicatione vocis Nεσφύτα dicemus.

1276 1802 136 86 Rócuie?
