1500 2172
554 164 120 42 606

699 135 602 60 AD I. PAVL. AD TIM.

549 189 870 68 nibus licet nobis communicare cum excommu¬

546 238 873 69 nicato, quę publica pax & ciuitatis politia & ra¬

548 290 870 64 tio cum eo agere poſtulat, veluti habet ſuffragiũ

549 336 867 64 in creando Magiſtratu vnà cum reliquis ciuibus.

549 390 866 60 Itaque licet cum eo, tanquam cum ciue, agere &

549 444 866 56 communicare: non autem tanquam cum fratre,

550 484 868 64 vel Chriſtiano. Manet enim excommunicatus e¬

550 536 866 60 tiam ciuis, quanquam frater propriè non manet.

552 579 866 66 Nec obſtat quod ait 2. Theſſ.3. verſ.15. Paulus

550 628 868 62 monete vt fratrem. Id enim quem ſenſum habeat,

552 678 862 68 poſtea explicabitur. Vnde perperam Pontificij

555 728 866 56 excommunicatis omnem ſui iuris in iudicio ciui¬

550 776 868 63 li perſequendi poteſtatem adimunt. Etſi enim

555 834 867 54 poteſt encoianieatus conuemiri & appellari

552 873 864 62 de debito, & ſi qua nobis in eum actio competit:

552 918 870 68 ipſe tamen ex Pontificiorum iure & ſententia

550 972 872 58 debitores ſuos cõuenire non poteſt, neque vllũ

554 1016 746 64 ius ſuum iudicio & in foro ciuili perſequi.

600 1066 820 57 De priuata autem noſtra, qui ſumus fideles &

555 1116 867 56 Chriſtiani, cum excommunicato cõmunicatione

554 1168 868 58 etiam quæritur, quæ eſſe debeat. In quo etiam i¬

555 1215 868 62 pſo eſt diſtinguendum. Nam cum eo communi¬

552 1263 873 62 care volumus vel tanquã cũ homine, vel cũ ami¬

550 1311 873 63 co, fratre & ſocio. Omnis quidem arctior cum eo

552 1360 872 62 ſocietas, familiaritas, priuatáque amicitia noſtra

552 1408 870 64 diſſoluenda, at que diſſuenda eſt. Quæ ſunt autem

552 1458 866 58 ad vitæ huius ſocietatem tuendam neceſſaria, &

555 1504 864 63 quæ humanitatis, cum eo fieri & haberi poſſunt.

558 1554 867 62 Vnde & ab eo emere poſſumus, item cum eo cõ¬

550 1600 873 58 trahere, communem hæreditatem habere, ex cõ¬

550 1650 868 63 muni cum eo puteo & fonte aquam haurire, illi

550 1700 874 57 item poſſumus noſtras merces vendere. Sed etiã

552 1748 873 72 ſi ſit vxor, parens, cognatus, aut noſter filius ex¬

1216 1800 207 63 communi¬
