1500 2172
585 129 106 39 604

729 102 570 58 AD f. TAVE. AM TIM.

579 148 858 75 peccati. Volunt enim omnes rectè de ſe & ho¬

576 212 562 58 neſtè ab alijs ſentiri & iudicari.

627 252 812 68 Secundus finis, eſt ipſius Eccleſiæ incolumitas

574 303 867 66 id eſt, ſpectat ipſum Eccleſiæ cœtum, ne propter

578 351 862 63 vnius priuati ſcelus malè audiat tota Eccleſia, vi¬

574 400 867 66 deatúrque, ſi talem retineat, potius ſentina ma¬

573 450 867 68 lorum, & porcorum eſſe hara, quàm Dei ſacra¬

574 500 862 64 tiſsima ara & templum. Sic improbos & impios

573 548 864 63 è Dei Eccleſia eiici vult & præcipit Paul. Epheſ.

576 598 862 63 5.verſ.3.4. Nihil enim immundum in Dei Eccle¬

573 646 864 69 ſia tolerari debet, quantum quidem percipi &

573 693 358 63 deprehendi poteſt.

633 746 806 58 Tertius excommunicationis finis eſt aliorum

570 788 867 63 fidelium vtilitas, vt hoc exemplo territi ab huiuſ¬

572 854 867 48 mour peocacie ce erlinimous uoſtineant. Corrũ¬

570 891 870 64 punt enim facilè bonos mores colloquia & ex¬

570 940 866 58 empla aliorum praua. Ergo hac ſeueritate per¬

570 990 867 64 ſpecta etiam mali in officio continentur, & ti¬

573 1041 128 57 ment.

618 1088 819 60 Septimo autem & vltimo loco quæritur, quæ

570 1134 867 63 ſit legitimæ & iuſtæ excommunicationis pœna

572 1180 864 68 & effectũ. Et certè, vti diuini cuiuſdam & cœle¬

570 1233 864 62 ſtis fulminis, magnus eſt fragor & vis magna.

568 1281 868 62 Duo autem effecta ſolent enumerari excom¬

567 1330 870 63 nicationis præcipua & potiſſima. Vnũ, qui ratio¬

567 1377 868 66 ne Dei:alterũ qui Hominum, ſpectari debet. Ac

570 1430 864 58 quidem Dei ratione excommunicatio legitimè

568 1474 868 58 & iuſtè facta excommunicatum ſeparat à Chri¬

570 1524 861 62 ſto & vita æterna. Dicit enim Chriſtus quæcunq;

568 1572 867 54 ligaueritis in terra Matth.18. erunt ligata in cælis

567 1622 870 63 ne huius teli vis imbecilla eſſe iudicetur: aut Dei

572 1678 866 54 verbi authoritas vileſcat apud homines. Certè

567 1720 872 87 excommunicatio conſcientiam propriè ſpectat,

1305 1776 126 62 & ani¬
