1500 2172
567 138 105 72 309

724 140 572 74 AD I. PAVL. AD TIM.

608 264 818 54 Pietatem) Non tantùm doctrinam ipſam de

556 304 868 64 ſide complectitur hoc loco vox ἀσεθέας: ſed i¬

555 357 870 66 pſius doctrinæ præſtationem & praxin, quæ in

561 406 864 63 vita, conuerſatione, charitate, cultu Dei, cæte¬

554 468 870 50 Pirque friliibus ais reuus ponta eſt, vt Paulus

552 502 868 66 ipſe inf.verſ.12. interpretatur. Id quod ex ſequen¬

555 550 790 68 tis verſiculi ἀντεθέσει manifeſtiſſimè apparet.

598 597 820 69 Ex hoc loco facile colligi poteſt, Chriſtianæ

556 646 862 69 Theologiæ cognitioniſque veri Dei verum finẽ

549 702 870 62 non in mera contemplatione & θαρεία conſtitui

549 746 868 68 à Paulo: ſed in vita & actione ipſa, per quam ta¬

548 795 872 66 les efficimur, quales nos eſſe oportere doctrina

544 842 868 68 ipſa iubet, atq; ipſo Chriſtianorum nomine pro¬

543 892 872 60 fitemur. Vnde fit, vt omnino Monachiſmus ille

543 948 870 60 Papiſticus ſubruatur, qui Chriſtianæ religionis

543 988 867 66 profeſſionem in nuda rerum contemplatione, &

540 1036 870 64 doctrinæ meditatione collocat & deffinit, ſi mo¬

540 1084 820 70 do veram Chriſti doctrinam haberent tamen.

603 1178 40 63 12

648 1178 758 76 Nam corporalis exercitatio paululum

534 1239 868 76 habet vtilitatis: at pietas ad omnia vtilis eſt,

537 1300 867 84 vt quæ promiſsionem habeat vitæ præſentis

534 1365 213 54 ac futuræ.

580 1413 820 78 Τ·ποφορὰ eſt. Occurrit enim tacitæ obiectioni,

532 1470 870 68 quæ ex corrupto iam hominum iudicio fieri po¬

530 1514 870 72 tuit: vel quam in poſterum fieri debere ſanctus

530 1563 868 72 Apoſtolus & ſpiritu prophetico plenus iam tum

530 1612 866 70 præuidit. Cùm ergo mirum in modum ſemper

530 1662 868 72 homines ad externas illas actiones quæ ſpeciem

530 1708 867 74 pietatis præ ſe ferre videntur, ſtupeant, mirum e¬

528 1758 868 87 tat Paulum vnius tantùm pietatis meminiſſe, in

1318 1828 78 69 qua

558 214 867 57 voei gratiam efficaciámque promeretur oratio.
