1500 2172
370 150 324 24 CAEVT IIII

891 110 76 81 362

92 170 872 69 probabimus, Deo dante, & iã ex parte docuimus

92 232 870 54 ſupra cap.3.ex veteri & bene conſtituta Chriſtia¬

92 278 870 57 næ Eccleſiæ inſtitutione, non vnicum Epiſcopũ

92 326 868 58 id eſt, nõ vnam quandam duntaxat perſonam ad

92 375 868 57 regendam totam Eccleſiam electam & ordinatã

88 420 867 63 fuiſſe (id quod nunc fit in Papatu) ſed plures ſi¬

90 471 868 58 mul delectos, quibus Eccleſiæ cura demandare¬

90 519 870 63 tur, tum in ijs quæ ad doctrinam pertinent &

88 567 872 63 hi erant Paſtores, & Doctores: tum etiam quæ

90 618 872 60 ad mores, & Pauperum ærarium, quales erant

88 662 870 64 Paſtores iidem, Preſbyteri, Diaconi. Ex quo fit

88 714 873 63 vt à Tertulliano in Apolog. cap, 39. Rectores

88 759 867 64 Eccleſiæ dicantur non duntaxat ſoli Epiſcopi,

86 807 873 63 ſed cum illis etiam Diaconi, & Preſbyteri, tan¬

88 858 872 63 quam ipſorum Epiſcoporum collegæ. Quod idẽ

86 906 870 62 in lib. de fuga in perſequutione confirmat, & in¬

87 956 868 62 finitis penè locis Cyprianus. Atque etiam Augu¬

87 1002 588 63 ſtinus, veluti in Enchirid. cap.65.

132 1050 824 58 Ergo his ita præmunitis quæſitum eſt. Vtrum

84 1098 872 64 ad vnum tantùm Epiſcopum, vel delegatum ab

86 1152 870 58 eo aliquem, ius cenſuræ & emendationis morũ,

84 1197 879 63 (quæ Eccleſiaſtica dicitur) eiuſque cognitio tota

81 1264 876 44 Fertineatean porius au prures. &uou li pertinec

84 1300 872 57 ad plures, vtrum ad totum cœtum Eccleſiæ, an ad

80 1344 876 64 ſingulos fideles qui ſunt de eo cœtu, an ad eos tã¬

82 1394 876 60 tùm qui Eccleſiæ præfecti, Authores, ηγομένος, &

82 1442 874 60 Præpoſiti dicuntur, quales ſunt Preſbyteri & pa¬

82 1492 873 62 ſtores ſimul, qui alio nomine dicuntur ſenatus Ec¬

84 1538 224 57 cleſiaſticus.

130 1586 826 64 Ac primùm ad vnum duntaxat totam eam po¬

88 1636 870 62 teſtatem & cognitionem pertinere nõ poſſe pro¬

84 1682 872 64 bat Chriſti & Pauli dictum. Chriſtus vult per¬

88 1732 867 78 uicaciam rebellium denuntiari & dici Eccleſiæ,
