<?xml version='1.0' encoding='UTF-8'?>
<alto xmlns:xsi="http://www.w3.org/2001/XMLSchema-instance" xmlns="http://www.loc.gov/standards/alto/ns-v4#" xsi:schemaLocation="http://www.loc.gov/standards/alto/ns-v4# http://www.loc.gov/standards/alto/v4/alto-4-2.xsd">
  <Description>
    <MeasurementUnit>pixel</MeasurementUnit>
    <sourceImageInformation>
      <fileName>2013269.jpeg</fileName>
    </sourceImageInformation>
  </Description>
  <Tags>
    <OtherTag ID="BT7" LABEL="CustomZone" DESCRIPTION="block type CustomZone"/><OtherTag ID="BT8" LABEL="DamageZone" DESCRIPTION="block type DamageZone"/><OtherTag ID="BT9" LABEL="DigitizationArtefactZone" DESCRIPTION="block type DigitizationArtefactZone"/><OtherTag ID="BT10" LABEL="DropCapitalZone" DESCRIPTION="block type DropCapitalZone"/><OtherTag ID="BT11" LABEL="GraphicZone" DESCRIPTION="block type GraphicZone"/><OtherTag ID="BT12" LABEL="MainZone" DESCRIPTION="block type MainZone"/><OtherTag ID="BT13" LABEL="MarginTextZone" DESCRIPTION="block type MarginTextZone"/><OtherTag ID="BT14" LABEL="MusicZone" DESCRIPTION="block type MusicZone"/><OtherTag ID="BT15" LABEL="NumberingZone" DESCRIPTION="block type NumberingZone"/><OtherTag ID="BT17" LABEL="QuireMarksZone" DESCRIPTION="block type QuireMarksZone"/><OtherTag ID="BT18" LABEL="RunningTitleZone" DESCRIPTION="block type RunningTitleZone"/><OtherTag ID="BT19" LABEL="SealZone" DESCRIPTION="block type SealZone"/><OtherTag ID="BT20" LABEL="StampZone" DESCRIPTION="block type StampZone"/><OtherTag ID="BT21" LABEL="TableZone" DESCRIPTION="block type TableZone"/><OtherTag ID="BT22" LABEL="TitlePageZone" DESCRIPTION="block type TitlePageZone"/><OtherTag ID="BT3407" LABEL="MainZone-Continued" DESCRIPTION="block type MainZone-Continued"/><OtherTag ID="BT3408" LABEL="MainZone-P" DESCRIPTION="block type MainZone-P"/><OtherTag ID="BT3409" LABEL="MainZone-Head" DESCRIPTION="block type MainZone-Head"/><OtherTag ID="BT3410" LABEL="MainZone-Other" DESCRIPTION="block type MainZone-Other"/><OtherTag ID="BT3411" LABEL="MainZone-Sp" DESCRIPTION="block type MainZone-Sp"/><OtherTag ID="BT3417" LABEL="MainZone-Sp-Continued" DESCRIPTION="block type MainZone-Sp-Continued"/><OtherTag ID="BT3418" LABEL="GraphicZone-Decoration" DESCRIPTION="block type GraphicZone-Decoration"/><OtherTag ID="BT3419" LABEL="MainZone-Entry" DESCRIPTION="block type MainZone-Entry"/><OtherTag ID="BT3420" LABEL="MainZone-Lg" DESCRIPTION="block type MainZone-Lg"/><OtherTag ID="BT3421" LABEL="MainZone-Entry-Continued" DESCRIPTION="block type MainZone-Entry-Continued"/><OtherTag ID="BT3422" LABEL="MarginTextZone-ManuscriptAddendum" DESCRIPTION="block type MarginTextZone-ManuscriptAddendum"/><OtherTag ID="BT3423" LABEL="MainZone-List" DESCRIPTION="block type MainZone-List"/>
    <OtherTag ID="LT7" LABEL="CustomLine" DESCRIPTION="line type CustomLine"/><OtherTag ID="LT8" LABEL="DefaultLine" DESCRIPTION="line type DefaultLine"/><OtherTag ID="LT9" LABEL="DropCapitalLine" DESCRIPTION="line type DropCapitalLine"/><OtherTag ID="LT10" LABEL="HeadingLine" DESCRIPTION="line type HeadingLine"/><OtherTag ID="LT11" LABEL="InterlinearLine" DESCRIPTION="line type InterlinearLine"/><OtherTag ID="LT12" LABEL="MusicLine" DESCRIPTION="line type MusicLine"/>
  </Tags>
  <Layout>
    <Page WIDTH="1500" HEIGHT="2172" PHYSICAL_IMG_NR="265" ID="eSc_dummypage_">
      <PrintSpace HPOS="0" VPOS="0" WIDTH="1500" HEIGHT="2172">
        <TextBlock HPOS="898" VPOS="144" WIDTH="67" HEIGHT="49" ID="block_1" TAGREFS="BT15">
          <Shape><Polygon POINTS="898 144 965 144 965 193 898 193 898 144"/></Shape>
          <TextLine ID="line_1" TAGREFS="LT8" BASELINE="898 183 954 180" HPOS="896" VPOS="132" WIDTH="58" HEIGHT="68">
            <Shape><Polygon POINTS="898 183 898 200 954 196 954 180 950 134 896 132 898 183"/></Shape>
            <String CONTENT="536" HPOS="896" VPOS="132" WIDTH="58" HEIGHT="68" WC="0.9457167983055115"/>
          </TextLine>
        </TextBlock>
        <TextBlock HPOS="378" VPOS="131" WIDTH="268" HEIGHT="54" ID="block_2" TAGREFS="BT18">
          <Shape><Polygon POINTS="378 131 646 131 646 184 378 184 378 131"/></Shape>
          <TextLine ID="line_2" TAGREFS="LT8" BASELINE="381 170 573 168" HPOS="380" VPOS="153" WIDTH="194" HEIGHT="34">
            <Shape><Polygon POINTS="561 153 549 153 537 153 524 153 512 153 500 153 488 153 476 153 464 153 452 153 440 153 428 153 424 153 380 153 381 170 381 188 572 183 573 168 568 153 561 153"/></Shape>
            <String CONTENT="CAPVT" HPOS="380" VPOS="153" WIDTH="194" HEIGHT="34" WC="0.9999576926231384"/>
          </TextLine>
          <TextLine ID="line_3" TAGREFS="LT8" BASELINE="585 168 634 170" HPOS="584" VPOS="153" WIDTH="51" HEIGHT="34">
            <Shape><Polygon POINTS="621 153 609 153 597 153 585 153 585 168 584 177 606 188 608 188 609 188 633 186 634 170 632 153 621 153"/></Shape>
            <String CONTENT="Ve" HPOS="584" VPOS="153" WIDTH="51" HEIGHT="34" WC="0.9999618530273438"/>
          </TextLine>
        </TextBlock>
        <TextBlock HPOS="102" VPOS="191" WIDTH="864" HEIGHT="146" ID="block_3" TAGREFS="BT3407">
          <Shape><Polygon POINTS="102 191 966 191 966 337 102 337 102 191"/></Shape>
          <TextLine ID="line_4" TAGREFS="LT8" BASELINE="100 228 966 224" HPOS="99" VPOS="178" WIDTH="867" HEIGHT="69">
            <Shape><Polygon POINTS="100 228 100 246 222 240 264 246 282 248 284 248 284 248 290 246 306 240 428 240 441 246 441 246 442 246 444 246 444 246 450 246 490 240 504 246 506 246 506 246 507 246 518 246 574 240 584 246 584 246 585 246 585 246 586 248 633 248 633 246 639 246 678 238 963 246 966 224 963 190 886 190 885 189 868 178 867 178 866 178 864 178 864 178 842 189 840 189 838 188 828 183 826 183 826 183 801 188 795 189 792 188 768 178 766 178 765 178 765 178 764 178 748 188 746 190 674 190 636 190 624 186 604 178 604 178 603 178 602 178 582 184 568 190 512 190 502 184 489 178 488 178 434 178 432 178 432 178 418 184 406 190 398 184 392 178 390 178 388 178 388 178 246 180 244 180 243 180 240 183 228 190 202 182 198 180 196 180 196 180 188 182 154 190 135 182 132 180 130 180 129 180 99 180 100 228"/></Shape>
            <String CONTENT="ſius, &amp; alij ſibi ſucceſſores elegerunt. Auguſt. epi." HPOS="99" VPOS="178" WIDTH="867" HEIGHT="69" WC="0.9964863691689834"/>
          </TextLine>
          <TextLine ID="line_5" TAGREFS="LT8" BASELINE="102 274 963 272" HPOS="100" VPOS="248" WIDTH="862" HEIGHT="50">
            <Shape><Polygon POINTS="777 270 765 270 753 270 740 270 728 270 716 270 704 270 692 270 680 270 668 270 656 272 644 272 632 272 620 272 608 272 596 272 584 272 572 272 560 272 548 272 536 272 524 272 512 272 500 272 488 272 474 272 462 272 450 272 438 272 426 272 414 272 402 272 390 272 378 272 366 272 354 272 342 272 330 272 318 272 306 272 294 272 282 272 270 272 258 272 246 272 234 272 222 272 208 272 196 272 184 272 172 272 160 272 148 272 136 272 124 272 112 272 100 272 102 274 102 288 136 288 138 288 148 296 150 296 152 296 153 296 153 296 178 288 180 288 207 288 208 288 216 296 216 296 218 296 219 296 248 290 252 288 252 290 262 296 264 296 264 296 266 296 308 296 308 296 309 296 321 290 324 288 328 290 356 297 357 297 357 297 392 290 405 286 416 290 432 296 434 296 435 296 436 296 450 290 452 290 453 290 488 296 489 296 490 296 501 290 510 286 518 290 530 296 531 296 532 297 567 297 567 296 567 296 578 291 585 286 622 291 660 296 660 296 662 296 672 291 684 285 710 292 718 296 720 296 722 296 777 296 777 296 778 296 783 292 795 286 802 292 804 292 806 292 807 292 808 292 808 292 818 285 855 294 864 296 866 296 963 294 963 272 962 252 788 248 786 248 784 248 782 248 777 270"/></Shape>
            <String CONTENT="1e nncor lincanbapeupinoi Bureuuib.7.cap.32." HPOS="100" VPOS="248" WIDTH="862" HEIGHT="50" WC="0.969097993590615"/>
          </TextLine>
          <TextLine ID="line_6" TAGREFS="LT8" BASELINE="104 324 966 320" HPOS="104" VPOS="282" WIDTH="862" HEIGHT="63">
            <Shape><Polygon POINTS="104 324 104 340 250 339 272 342 290 345 290 345 326 342 366 339 378 342 388 345 388 345 390 345 420 342 470 338 477 342 478 344 480 344 480 344 482 345 543 345 543 344 543 344 544 344 546 342 555 338 624 338 664 342 675 344 676 344 704 342 820 336 892 342 894 342 894 342 896 342 914 336 963 342 966 320 963 291 873 291 856 282 855 282 854 282 852 282 832 290 812 282 810 282 808 282 808 282 783 291 722 291 678 282 678 282 676 282 654 291 634 284 633 284 632 284 630 284 602 291 570 285 568 285 530 291 502 284 501 284 500 284 500 284 471 291 392 284 390 284 388 284 357 292 339 284 339 284 338 284 304 290 291 284 290 284 290 284 288 284 286 284 278 291 270 285 268 285 267 285 266 285 264 285 249 292 240 285 238 285 237 285 236 285 159 291 124 284 123 284 123 284 104 292 104 324"/></Shape>
            <String CONTENT="Atq; hæc deſecũdo capite &amp; de tẽpore electionis" HPOS="104" VPOS="282" WIDTH="862" HEIGHT="63" WC="0.9979915874344962"/>
          </TextLine>
        </TextBlock>
        <TextBlock HPOS="105" VPOS="338" WIDTH="869" HEIGHT="195" ID="block_4" TAGREFS="BT3408">
          <Shape><Polygon POINTS="105 338 974 338 974 532 105 532 105 338"/></Shape>
          <TextLine ID="line_7" TAGREFS="LT8" BASELINE="159 370 964 368" HPOS="158" VPOS="330" WIDTH="807" HEIGHT="62">
            <Shape><Polygon POINTS="159 370 159 387 294 392 296 392 296 392 312 387 318 384 322 386 339 392 339 392 340 392 342 392 344 392 351 386 354 384 363 386 390 392 392 392 393 392 417 386 426 382 429 386 435 390 436 390 438 390 438 390 484 384 501 382 516 384 561 390 561 390 612 384 622 382 626 384 648 390 650 390 651 390 698 382 704 382 714 382 837 388 838 388 838 388 862 382 918 388 920 388 963 381 964 368 962 339 928 339 928 338 918 330 916 330 915 330 914 330 914 330 891 338 890 338 888 338 826 330 826 330 712 338 676 339 670 336 654 332 654 332 652 332 651 332 640 336 634 339 628 336 616 333 616 333 615 333 614 333 612 333 608 336 604 339 534 339 524 336 506 332 506 332 504 332 502 332 501 332 495 336 492 339 480 336 462 332 460 332 459 332 458 332 441 336 424 339 158 334 159 370"/></Shape>
            <String CONTENT="Tertium caput eſt, Quomodo ſit electio cele¬" HPOS="158" VPOS="330" WIDTH="807" HEIGHT="62" WC="0.9888784316453066"/>
          </TextLine>
          <TextLine ID="line_8" TAGREFS="LT8" BASELINE="105 420 964 417" HPOS="104" VPOS="375" WIDTH="861" HEIGHT="64">
            <Shape><Polygon POINTS="105 420 105 435 384 440 386 440 454 436 536 432 560 438 570 438 572 440 572 438 582 438 606 432 656 438 676 438 678 438 678 438 684 438 704 430 734 438 735 438 736 438 750 438 896 430 903 438 904 438 906 438 906 438 963 438 964 417 962 387 921 378 920 378 920 378 918 378 906 386 904 387 806 387 802 384 789 375 788 375 786 375 784 375 783 375 765 384 760 386 752 384 692 375 690 375 690 375 672 384 670 384 657 376 656 376 654 376 654 376 652 376 642 382 636 387 621 382 592 376 591 376 561 382 538 387 507 382 468 376 468 376 430 382 382 388 366 381 362 380 360 380 358 380 351 381 326 387 318 381 315 378 314 378 314 378 312 378 310 378 302 381 288 384 252 381 243 380 242 380 237 380 200 388 104 380 105 420"/></Shape>
            <String CONTENT="lebranda. Reſpond. Sic eſſe celebrandam, vt &amp;" HPOS="104" VPOS="375" WIDTH="861" HEIGHT="64" WC="0.9994403468237982"/>
          </TextLine>
          <TextLine ID="line_9" TAGREFS="LT8" BASELINE="104 468 966 468" HPOS="104" VPOS="430" WIDTH="862" HEIGHT="63">
            <Shape><Polygon POINTS="104 468 104 483 118 490 120 490 122 490 123 490 135 484 141 484 246 484 252 484 278 492 279 492 280 492 350 486 372 484 388 486 424 492 426 492 525 490 526 490 532 488 540 484 549 488 561 492 561 492 562 492 594 488 634 484 852 484 862 492 864 492 864 492 866 494 966 494 966 468 964 430 104 430 104 468"/></Shape>
            <String CONTENT="Perſona idonea reperiatur, &amp; Ratio animúſque" HPOS="104" VPOS="430" WIDTH="862" HEIGHT="63" WC="0.999021934138404"/>
          </TextLine>
          <TextLine ID="line_10" TAGREFS="LT8" BASELINE="104 516 530 513" HPOS="102" VPOS="474" WIDTH="428" HEIGHT="57">
            <Shape><Polygon POINTS="104 516 104 531 530 530 530 513 528 484 414 484 369 474 368 474 278 484 228 476 226 476 178 484 166 476 166 476 165 476 130 476 129 476 129 476 102 486 104 516"/></Shape>
            <String CONTENT="eligentium ſit ſyncerus." HPOS="102" VPOS="474" WIDTH="428" HEIGHT="57" WC="0.9989374006787936"/>
          </TextLine>
        </TextBlock>
        <TextBlock HPOS="105" VPOS="533" WIDTH="870" HEIGHT="244" ID="block_5" TAGREFS="BT3408">
          <Shape><Polygon POINTS="105 533 975 533 975 777 105 777 105 533"/></Shape>
          <TextLine ID="line_11" TAGREFS="LT8" BASELINE="150 567 969 561" HPOS="148" VPOS="519" WIDTH="820" HEIGHT="69">
            <Shape><Polygon POINTS="150 567 150 588 190 580 969 580 969 561 966 525 912 519 910 519 874 525 862 528 860 526 849 519 848 519 846 519 804 519 802 519 801 519 778 526 771 530 716 530 704 528 648 520 646 520 645 520 644 520 644 522 636 530 634 531 562 531 558 530 524 522 524 522 522 522 500 530 500 531 386 531 384 531 357 524 356 524 354 524 302 531 208 524 208 524 207 524 206 524 194 532 176 528 174 528 172 528 172 528 148 534 150 567"/></Shape>
            <String CONTENT="Perſona verò cognoſcetur idonea ſi fiat ſeriũ" HPOS="148" VPOS="519" WIDTH="820" HEIGHT="69" WC="0.9908549468568031"/>
          </TextLine>
          <TextLine ID="line_12" TAGREFS="LT8" BASELINE="104 612 964 610" HPOS="104" VPOS="573" WIDTH="861" HEIGHT="63">
            <Shape><Polygon POINTS="104 612 105 636 135 627 314 627 340 634 342 634 344 634 399 628 483 634 489 634 490 634 494 634 549 626 585 633 585 633 642 626 718 626 738 634 740 634 740 634 741 634 771 628 858 634 868 634 870 634 870 634 872 634 885 626 902 633 903 633 904 634 963 634 964 610 962 579 898 579 896 579 878 573 876 573 876 573 874 573 873 573 862 579 861 579 860 579 842 573 840 573 838 573 838 573 837 573 830 579 820 579 766 579 764 579 735 573 734 573 734 573 696 579 693 579 692 579 674 573 672 573 672 573 560 579 532 580 526 579 506 573 506 573 504 573 502 573 486 579 480 582 369 582 368 579 360 573 358 573 357 573 357 573 104 579 104 612"/></Shape>
            <String CONTENT="examen ac diligens ipſius tũ in Doctrina ipſa, &amp;" HPOS="104" VPOS="573" WIDTH="861" HEIGHT="63" WC="0.99314377259235"/>
          </TextLine>
          <TextLine ID="line_13" TAGREFS="LT8" BASELINE="104 664 969 660" HPOS="102" VPOS="620" WIDTH="867" HEIGHT="64">
            <Shape><Polygon POINTS="765 622 753 622 744 622 720 627 716 622 705 622 693 622 681 622 669 622 657 622 645 622 640 622 621 628 616 628 610 628 576 622 573 622 561 622 554 622 538 628 534 630 528 628 513 622 512 622 504 622 488 628 480 630 468 628 438 622 428 622 423 622 387 628 372 630 350 628 288 622 284 622 272 622 258 622 254 622 252 622 252 622 250 622 243 628 238 632 216 628 174 622 172 622 102 628 104 664 104 678 284 684 285 684 314 678 320 676 357 678 522 682 524 682 524 682 548 676 554 675 558 676 578 681 579 681 579 681 968 674 969 660 966 628 876 620 876 620 874 620 873 620 873 621 864 628 789 628 777 622 765 622"/></Shape>
            <String CONTENT="illius explicandæ methodo, tũ Vita &amp; motibus," HPOS="102" VPOS="620" WIDTH="867" HEIGHT="64" WC="0.9886395050131757"/>
          </TextLine>
          <TextLine ID="line_14" TAGREFS="LT8" BASELINE="104 712 970 708" HPOS="102" VPOS="670" WIDTH="868" HEIGHT="64">
            <Shape><Polygon POINTS="104 712 104 728 136 734 138 734 140 734 156 728 158 728 232 728 234 728 266 735 267 735 268 735 270 735 272 735 282 728 290 734 290 734 291 734 292 734 364 726 372 726 376 726 412 734 412 734 466 728 476 734 477 734 478 734 480 735 524 735 524 734 560 728 579 734 579 734 580 734 627 728 640 734 640 734 642 734 708 728 836 732 837 732 838 732 858 726 928 732 930 732 969 722 970 708 969 676 804 670 802 670 770 678 762 678 754 678 714 672 712 672 650 678 638 680 633 678 604 672 604 672 603 672 602 672 585 680 584 681 500 681 500 680 483 672 482 672 480 672 480 672 448 681 446 682 376 682 376 681 364 672 363 672 363 672 333 672 333 672 332 672 330 672 315 682 314 684 252 684 252 682 231 674 230 674 228 674 186 680 129 674 129 674 128 674 102 684 104 712"/></Shape>
            <String CONTENT="sintne in eo tales, quales antea præſcripſit Paulus" HPOS="102" VPOS="670" WIDTH="868" HEIGHT="64" WC="0.9950016362994325"/>
          </TextLine>
          <TextLine ID="line_15" TAGREFS="LT8" BASELINE="104 762 216 759" HPOS="104" VPOS="729" WIDTH="112" HEIGHT="57">
            <Shape><Polygon POINTS="104 762 104 777 146 786 147 786 147 786 160 780 166 777 171 780 177 784 178 784 178 784 180 784 216 782 216 759 213 734 104 729 104 762"/></Shape>
            <String CONTENT="cap.3." HPOS="104" VPOS="729" WIDTH="112" HEIGHT="57" WC="0.9996842543284098"/>
          </TextLine>
        </TextBlock>
        <TextBlock HPOS="107" VPOS="774" WIDTH="876" HEIGHT="1025" ID="block_6" TAGREFS="BT3408">
          <Shape><Polygon POINTS="107 774 983 774 983 1799 107 1799 107 774"/></Shape>
          <TextLine ID="line_16" TAGREFS="LT8" BASELINE="146 808 970 804" HPOS="144" VPOS="765" WIDTH="826" HEIGHT="63">
            <Shape><Polygon POINTS="146 808 146 822 220 828 222 828 333 822 339 828 340 828 342 828 344 828 345 828 345 828 357 822 482 826 483 826 536 820 555 826 555 826 556 826 558 826 585 820 585 820 586 820 608 826 609 826 610 826 687 820 753 826 753 826 754 826 756 826 765 819 778 825 780 825 782 825 783 825 783 825 792 819 808 825 808 825 810 825 838 819 856 825 858 825 858 826 958 826 958 825 960 825 962 825 970 818 970 804 969 774 849 765 848 765 846 765 828 772 768 766 766 766 765 766 765 766 756 772 728 768 728 768 726 768 711 776 628 776 615 765 614 765 612 765 561 765 560 765 558 765 556 765 549 771 402 765 400 765 400 765 380 777 330 777 272 768 270 768 268 768 252 777 184 777 166 770 166 770 165 770 164 770 144 777 146 808"/></Shape>
            <String CONTENT="Imperitia verò pſalmodiæ &amp; cantus, doctum" HPOS="144" VPOS="765" WIDTH="826" HEIGHT="63" WC="0.9975731415407998"/>
          </TextLine>
          <TextLine ID="line_17" TAGREFS="LT8" BASELINE="105 856 972 850" HPOS="104" VPOS="814" WIDTH="868" HEIGHT="63">
            <Shape><Polygon POINTS="105 856 105 873 213 878 214 878 242 872 255 870 261 872 276 878 278 878 278 878 316 872 338 868 356 870 378 874 380 874 447 870 492 867 518 870 585 876 585 876 586 876 600 868 603 867 610 868 654 874 654 874 684 867 690 866 694 867 710 874 710 874 711 874 783 868 795 874 796 874 798 874 970 862 972 850 969 825 930 814 928 814 927 814 904 824 903 824 798 818 796 818 795 818 795 818 789 822 776 816 774 816 686 816 684 816 684 816 682 816 675 822 640 816 640 816 639 816 626 822 618 826 579 822 549 820 548 820 546 820 537 822 524 826 518 822 513 819 513 818 512 818 512 818 510 818 480 822 450 828 426 828 418 822 414 819 412 819 412 819 411 819 410 819 399 822 378 828 338 828 327 820 324 819 322 819 321 819 320 819 320 819 312 820 296 826 240 820 224 820 222 820 222 820 218 820 200 828 104 820 105 856"/></Shape>
            <String CONTENT="&amp; probum hominem à munere Epiſcopi exclu¬" HPOS="104" VPOS="814" WIDTH="868" HEIGHT="63" WC="0.9945877989133199"/>
          </TextLine>
          <TextLine ID="line_18" TAGREFS="LT8" BASELINE="104 906 972 900" HPOS="102" VPOS="862" WIDTH="870" HEIGHT="57">
            <Shape><Polygon POINTS="104 906 104 918 969 920 972 900 970 870 948 862 946 862 945 862 876 870 855 872 844 870 824 862 822 862 820 862 820 862 819 862 812 870 808 872 806 870 795 864 795 864 794 864 766 870 746 873 736 870 724 862 723 862 722 862 722 862 720 862 711 870 704 874 668 874 658 868 651 864 650 864 598 862 598 862 597 862 579 868 561 874 506 874 489 867 482 864 480 864 444 864 442 864 441 864 440 864 438 867 432 872 417 867 408 864 406 864 406 864 405 864 400 867 386 874 345 867 333 864 332 864 330 864 328 864 327 867 315 876 238 866 231 866 230 866 225 866 158 876 102 866 104 906"/></Shape>
            <String CONTENT="dere minimè vel debet, vel poteſt, quicquid à" HPOS="102" VPOS="862" WIDTH="870" HEIGHT="57" WC="0.9997391751471986"/>
          </TextLine>
          <TextLine ID="line_19" TAGREFS="LT8" BASELINE="104 954 970 950" HPOS="104" VPOS="914" WIDTH="867" HEIGHT="62">
            <Shape><Polygon POINTS="104 954 104 966 128 974 129 974 129 975 225 975 225 974 226 974 260 966 261 966 303 966 304 966 320 974 320 974 321 974 322 974 342 966 372 974 374 974 375 974 376 974 394 964 394 964 418 964 670 974 672 974 672 974 674 974 687 963 688 963 729 963 752 963 764 972 765 972 765 972 766 974 849 974 849 972 850 972 862 966 938 972 938 972 939 972 970 962 970 950 969 924 920 915 918 915 878 922 876 922 873 922 838 915 838 915 837 915 824 922 814 914 813 914 812 914 810 914 748 921 738 922 732 921 700 914 699 914 698 914 682 921 676 926 578 926 572 920 566 915 564 915 562 915 561 915 561 915 542 920 525 926 392 926 352 918 336 916 249 916 248 916 246 916 243 918 231 926 104 918 104 954"/></Shape>
            <String CONTENT="Gregorio Magno contrà reſponſum ſit, &amp; pro¬" HPOS="104" VPOS="914" WIDTH="867" HEIGHT="62" WC="0.9991531764919107"/>
          </TextLine>
          <TextLine ID="line_20" TAGREFS="LT8" BASELINE="104 1004 974 999" HPOS="104" VPOS="962" WIDTH="870" HEIGHT="60">
            <Shape><Polygon POINTS="104 1004 104 1016 200 1016 216 1022 218 1022 219 1022 220 1022 243 1014 244 1014 248 1014 314 1020 315 1020 368 1012 374 1012 378 1012 417 1020 418 1020 472 1012 474 1012 474 1012 498 1017 500 1017 652 1011 664 1011 666 1011 698 1018 699 1018 700 1018 702 1018 710 1012 894 1017 894 1017 972 1010 974 999 972 972 944 962 942 962 940 962 939 962 910 970 910 972 801 972 796 970 756 962 754 962 690 962 688 962 670 969 664 972 657 969 644 963 642 963 640 963 640 963 628 969 622 974 568 974 537 968 496 963 495 963 494 963 484 968 474 974 458 968 447 964 446 964 444 964 444 964 442 964 438 968 435 969 432 968 428 963 426 963 424 963 381 963 380 963 378 963 376 963 372 968 368 972 316 975 280 975 268 968 267 968 266 968 264 968 230 974 202 968 201 968 200 968 165 974 104 966 104 1004"/></Shape>
            <String CONTENT="batum in cano. Florentinum Archidiaconum di¬" HPOS="104" VPOS="962" WIDTH="870" HEIGHT="60" WC="0.9909884848377921"/>
          </TextLine>
          <TextLine ID="line_21" TAGREFS="LT8" BASELINE="104 1052 974 1048" HPOS="104" VPOS="1006" WIDTH="870" HEIGHT="62">
            <Shape><Polygon POINTS="104 1052 104 1064 274 1068 276 1068 278 1068 278 1068 282 1065 285 1060 453 1060 462 1065 468 1066 468 1066 470 1068 585 1068 585 1066 640 1066 808 1060 824 1066 825 1066 826 1066 972 1066 974 1048 970 1020 944 1020 942 1018 921 1006 920 1006 920 1006 918 1006 916 1006 878 1018 878 1020 732 1020 732 1018 708 1006 706 1006 705 1006 646 1010 645 1010 644 1010 630 1018 627 1022 555 1022 552 1018 537 1008 536 1008 534 1008 532 1008 506 1011 504 1011 502 1011 494 1018 492 1020 488 1018 465 1008 464 1008 462 1008 412 1018 404 1020 398 1017 374 1010 372 1010 370 1010 369 1010 339 1017 336 1018 333 1017 308 1010 308 1010 306 1010 304 1010 278 1017 236 1010 172 1010 172 1010 171 1010 170 1010 159 1017 118 1010 117 1010 117 1010 104 1016 104 1052"/></Shape>
            <String CONTENT="ſtinct. 85. Sed iam Epiſcopi officium in cantile¬" HPOS="104" VPOS="1006" WIDTH="870" HEIGHT="62" WC="0.9886908227083634"/>
          </TextLine>
          <TextLine ID="line_22" TAGREFS="LT8" BASELINE="104 1100 975 1098" HPOS="102" VPOS="1060" WIDTH="873" HEIGHT="56">
            <Shape><Polygon POINTS="104 1100 104 1116 166 1110 196 1116 206 1116 207 1116 222 1116 273 1110 375 1114 434 1116 435 1116 436 1116 446 1114 459 1110 471 1113 480 1116 480 1116 482 1116 500 1113 516 1110 525 1113 536 1116 537 1116 537 1116 574 1113 618 1108 666 1112 708 1116 710 1116 726 1112 738 1110 753 1112 780 1116 782 1116 974 1110 975 1098 974 1070 944 1060 944 1060 942 1060 824 1068 782 1060 780 1060 778 1060 777 1060 765 1070 734 1070 722 1060 722 1060 720 1060 654 1060 652 1060 651 1060 650 1060 636 1070 612 1070 598 1060 598 1060 597 1060 596 1060 594 1060 568 1066 538 1060 537 1060 537 1060 519 1070 518 1071 440 1071 438 1070 426 1060 424 1060 424 1060 376 1060 375 1060 374 1060 372 1060 362 1070 360 1070 357 1070 328 1060 327 1060 327 1060 284 1070 278 1070 270 1070 204 1060 202 1060 202 1060 186 1070 184 1070 102 1070 104 1100"/></Shape>
            <String CONTENT="nas conuerſum fuerat, relicto abdicatóque ab il¬" HPOS="102" VPOS="1060" WIDTH="873" HEIGHT="56" WC="0.9889281915158642"/>
          </TextLine>
          <TextLine ID="line_23" TAGREFS="LT8" BASELINE="105 1148 972 1144" HPOS="104" VPOS="1110" WIDTH="868" HEIGHT="60">
            <Shape><Polygon POINTS="105 1148 105 1161 270 1170 272 1170 272 1170 288 1161 290 1161 342 1170 344 1170 345 1170 358 1162 380 1167 381 1167 382 1167 382 1167 402 1160 405 1160 484 1160 488 1160 518 1168 519 1168 520 1170 646 1170 646 1168 648 1168 648 1168 656 1162 812 1167 813 1167 814 1167 838 1160 876 1167 878 1167 879 1167 897 1160 970 1160 972 1144 969 1118 867 1116 860 1110 858 1110 858 1110 856 1110 783 1116 772 1116 771 1116 762 1110 760 1110 759 1110 682 1110 681 1110 680 1110 658 1116 648 1118 104 1113 105 1148"/></Shape>
            <String CONTENT="lis munere &amp; onere concionandi. Fuit etiam o¬" HPOS="104" VPOS="1110" WIDTH="868" HEIGHT="60" WC="0.9955464932653639"/>
          </TextLine>
          <TextLine ID="line_24" TAGREFS="LT8" BASELINE="104 1197 972 1194" HPOS="102" VPOS="1158" WIDTH="870" HEIGHT="58">
            <Shape><Polygon POINTS="104 1197 104 1209 210 1209 214 1209 222 1215 222 1215 224 1215 225 1216 261 1216 261 1215 262 1215 276 1210 282 1209 290 1210 314 1215 315 1215 316 1215 327 1210 333 1209 552 1209 561 1212 567 1215 568 1215 570 1215 604 1212 687 1208 705 1214 710 1215 711 1215 712 1215 714 1215 716 1215 716 1214 722 1208 744 1214 748 1215 750 1215 752 1215 860 1215 860 1215 861 1215 862 1215 885 1208 897 1215 898 1215 900 1215 900 1215 970 1215 972 1194 969 1160 735 1166 675 1160 656 1158 654 1158 644 1160 614 1166 604 1160 602 1158 600 1158 598 1158 598 1158 597 1158 596 1158 592 1160 582 1167 474 1167 380 1160 366 1160 364 1160 363 1160 363 1160 348 1166 308 1161 308 1161 272 1167 196 1160 184 1160 184 1160 183 1160 182 1160 182 1160 170 1167 102 1160 104 1197"/></Shape>
            <String CONTENT="lim diligenter &amp; ſancitum, &amp; obſeruatum, vt cõ¬" HPOS="102" VPOS="1158" WIDTH="870" HEIGHT="58" WC="0.9808814798792204"/>
          </TextLine>
          <TextLine ID="line_25" TAGREFS="LT8" BASELINE="104 1246 974 1242" HPOS="102" VPOS="1204" WIDTH="872" HEIGHT="63">
            <Shape><Polygon POINTS="104 1246 104 1262 196 1260 216 1263 252 1268 252 1268 284 1263 300 1260 315 1263 336 1266 338 1266 339 1266 351 1263 363 1258 375 1263 384 1266 386 1266 387 1266 388 1266 394 1263 404 1258 448 1263 488 1266 488 1266 489 1266 490 1266 495 1263 502 1258 555 1264 579 1264 580 1264 582 1264 585 1264 598 1258 698 1258 738 1264 748 1264 750 1264 752 1264 754 1264 772 1258 789 1264 790 1264 792 1264 795 1264 838 1258 849 1264 850 1264 850 1264 852 1264 972 1264 974 1242 969 1215 728 1215 717 1212 698 1206 696 1206 694 1206 693 1206 692 1206 684 1212 680 1215 628 1210 585 1209 585 1209 584 1209 582 1209 579 1210 573 1215 548 1210 513 1204 512 1204 480 1209 466 1212 456 1209 436 1204 435 1204 434 1204 432 1204 432 1204 424 1209 420 1214 416 1209 410 1204 408 1204 406 1204 406 1204 386 1209 376 1210 357 1209 322 1204 321 1204 320 1204 320 1204 320 1206 315 1209 308 1216 249 1216 219 1208 213 1206 212 1206 210 1206 208 1206 202 1208 176 1215 152 1208 147 1206 147 1206 146 1206 102 1206 104 1246"/></Shape>
            <String CONTENT="ſtitutionum Eccleſiaſticarum némo ignarus in" HPOS="102" VPOS="1204" WIDTH="872" HEIGHT="63" WC="0.9969029267628987"/>
          </TextLine>
          <TextLine ID="line_26" TAGREFS="LT8" BASELINE="104 1296 975 1292" HPOS="104" VPOS="1254" WIDTH="872" HEIGHT="60">
            <Shape><Polygon POINTS="104 1296 104 1314 438 1314 438 1314 440 1314 441 1314 444 1310 448 1306 538 1306 549 1308 558 1312 560 1312 561 1312 580 1308 596 1306 634 1308 711 1312 712 1312 748 1306 764 1305 807 1306 946 1311 948 1311 950 1311 975 1304 975 1292 972 1263 858 1263 858 1262 842 1256 840 1256 838 1256 807 1262 790 1254 789 1254 789 1254 788 1254 759 1262 753 1264 531 1264 528 1262 518 1256 518 1256 516 1256 514 1256 488 1262 474 1264 460 1262 432 1256 430 1256 292 1257 291 1257 280 1262 272 1264 225 1262 174 1257 172 1257 104 1260 104 1296"/></Shape>
            <String CONTENT="Paſtorem Eccleſiæ ordinaretur, vt tradit Sozom." HPOS="104" VPOS="1254" WIDTH="872" HEIGHT="60" WC="0.9941955399005971"/>
          </TextLine>
          <TextLine ID="line_27" TAGREFS="LT8" BASELINE="104 1342 975 1338" HPOS="102" VPOS="1300" WIDTH="873" HEIGHT="63">
            <Shape><Polygon POINTS="104 1342 104 1358 339 1364 339 1364 486 1358 500 1358 501 1358 514 1364 516 1364 518 1364 616 1364 616 1364 654 1358 676 1364 678 1364 678 1364 974 1354 975 1338 970 1305 885 1310 866 1305 855 1300 854 1300 852 1300 834 1305 804 1310 786 1305 777 1300 776 1300 774 1300 772 1300 762 1305 742 1310 730 1305 723 1300 722 1300 722 1300 705 1305 674 1311 660 1305 656 1302 654 1302 576 1302 574 1302 573 1302 570 1305 558 1311 550 1305 549 1304 549 1302 549 1302 548 1302 546 1302 531 1305 498 1310 472 1305 462 1302 460 1302 381 1304 380 1304 378 1305 363 1314 196 1314 102 1305 104 1342"/></Shape>
            <String CONTENT="lib.4. cap. 24. Quæ ſanè cõditio nõ eſt in futuro" HPOS="102" VPOS="1300" WIDTH="873" HEIGHT="63" WC="0.9988504464809711"/>
          </TextLine>
          <TextLine ID="line_28" TAGREFS="LT8" BASELINE="105 1394 975 1389" HPOS="104" VPOS="1350" WIDTH="872" HEIGHT="64">
            <Shape><Polygon POINTS="105 1394 105 1407 172 1414 172 1414 174 1414 188 1407 190 1407 274 1407 278 1407 314 1414 315 1414 316 1414 339 1407 357 1414 358 1414 360 1414 402 1406 406 1406 411 1406 435 1413 436 1413 438 1413 438 1413 440 1413 450 1407 471 1413 472 1413 474 1413 474 1413 476 1413 484 1407 510 1413 512 1413 512 1413 586 1407 597 1413 598 1413 598 1413 600 1413 602 1413 603 1413 612 1406 614 1406 621 1406 885 1413 886 1413 975 1404 975 1389 975 1359 944 1350 944 1350 942 1350 940 1350 926 1359 861 1359 838 1359 838 1358 828 1350 826 1350 826 1350 825 1350 824 1350 800 1358 728 1352 728 1352 690 1358 684 1359 676 1358 646 1352 645 1352 644 1352 621 1358 616 1359 608 1358 566 1352 564 1352 531 1358 530 1358 522 1358 429 1352 428 1352 426 1352 404 1358 393 1360 369 1358 330 1353 328 1353 306 1358 291 1362 254 1362 250 1358 246 1353 244 1353 243 1353 242 1353 104 1358 105 1394"/></Shape>
            <String CONTENT="Paſtore negligenda, ſi quis talis reperiri poteſt." HPOS="104" VPOS="1350" WIDTH="872" HEIGHT="64" WC="0.9940270924568176"/>
          </TextLine>
          <TextLine ID="line_29" TAGREFS="LT8" BASELINE="106 1442 976 1437" HPOS="105" VPOS="1400" WIDTH="872" HEIGHT="62">
            <Shape><Polygon POINTS="106 1442 106 1458 248 1454 327 1458 370 1461 372 1461 374 1461 375 1461 376 1458 384 1452 394 1458 394 1458 396 1458 398 1458 399 1458 400 1458 406 1452 436 1458 441 1458 442 1458 447 1458 483 1452 506 1458 518 1461 518 1461 519 1461 520 1461 532 1458 558 1450 574 1456 579 1460 580 1460 582 1461 686 1461 686 1460 687 1460 698 1456 722 1450 754 1456 765 1458 765 1458 766 1458 768 1458 770 1456 778 1449 804 1449 816 1456 818 1458 819 1458 820 1458 820 1460 850 1460 850 1458 850 1458 852 1458 852 1456 854 1456 861 1449 884 1456 890 1458 891 1458 892 1458 975 1455 976 1437 975 1410 846 1410 844 1408 830 1400 828 1400 826 1400 826 1400 771 1407 758 1410 742 1407 700 1400 699 1400 666 1407 650 1412 627 1412 621 1406 610 1400 609 1400 608 1400 606 1400 604 1400 592 1406 586 1410 561 1406 543 1404 542 1404 526 1406 513 1408 508 1406 500 1401 498 1401 324 1401 322 1401 321 1401 314 1406 296 1413 280 1406 279 1406 278 1406 250 1412 237 1404 234 1402 232 1402 231 1402 105 1402 106 1442"/></Shape>
            <String CONTENT="Sin minus, eligi tamen poterit, qui non erit omni¬" HPOS="105" VPOS="1400" WIDTH="872" HEIGHT="62" WC="0.9788161027431488"/>
          </TextLine>
          <TextLine ID="line_30" TAGREFS="LT8" BASELINE="105 1491 976 1484" HPOS="104" VPOS="1443" WIDTH="873" HEIGHT="69">
            <Shape><Polygon POINTS="105 1491 105 1504 166 1504 184 1512 184 1512 186 1512 252 1504 264 1504 280 1504 360 1510 362 1510 405 1504 422 1503 429 1504 440 1509 441 1509 442 1509 489 1504 520 1503 537 1504 556 1509 558 1510 652 1510 652 1509 654 1509 662 1504 669 1503 698 1504 722 1508 723 1508 724 1508 726 1508 728 1504 736 1500 975 1504 976 1484 974 1452 903 1455 897 1452 874 1443 873 1443 872 1443 870 1443 834 1454 824 1455 814 1454 780 1444 778 1444 777 1444 777 1444 776 1444 765 1455 754 1455 636 1456 627 1455 574 1448 573 1448 573 1448 572 1448 572 1449 561 1456 561 1458 538 1458 537 1456 526 1448 525 1448 524 1448 524 1448 522 1448 520 1448 512 1455 496 1448 495 1448 406 1448 406 1448 378 1449 376 1449 376 1449 363 1460 363 1460 362 1460 315 1449 314 1449 314 1449 276 1460 228 1449 226 1449 225 1449 201 1460 180 1454 178 1454 178 1454 177 1454 176 1454 162 1461 104 1461 105 1491"/></Shape>
            <String CONTENT="no ordinis Eccleſiaſtici ignarus, modò reliquas" HPOS="104" VPOS="1443" WIDTH="873" HEIGHT="69" WC="0.9923878113428751"/>
          </TextLine>
          <TextLine ID="line_31" TAGREFS="LT8" BASELINE="108 1538 976 1532" HPOS="106" VPOS="1494" WIDTH="870" HEIGHT="58">
            <Shape><Polygon POINTS="108 1538 108 1552 975 1546 976 1532 975 1503 814 1494 814 1494 813 1494 786 1503 783 1503 777 1503 740 1496 740 1496 700 1503 696 1503 690 1503 660 1496 660 1496 626 1503 614 1504 562 1504 560 1503 555 1498 554 1498 552 1498 550 1498 494 1503 453 1504 428 1503 394 1498 394 1498 334 1503 276 1506 260 1503 249 1498 248 1498 246 1498 219 1503 183 1506 174 1503 168 1498 166 1498 166 1498 106 1502 108 1538"/></Shape>
            <String CONTENT="animi dotes habeat, quæ ſunt ad paſtorale munus" HPOS="106" VPOS="1494" WIDTH="870" HEIGHT="58" WC="0.9858290832093421"/>
          </TextLine>
          <TextLine ID="line_32" TAGREFS="LT8" BASELINE="110 1586 974 1581" HPOS="108" VPOS="1542" WIDTH="866" HEIGHT="63">
            <Shape><Polygon POINTS="110 1586 110 1602 538 1605 540 1605 555 1604 584 1598 704 1604 744 1604 746 1604 753 1604 777 1598 795 1604 795 1604 796 1604 920 1604 920 1604 921 1604 951 1598 969 1604 974 1581 970 1551 776 1542 774 1542 772 1542 753 1548 740 1542 740 1542 738 1542 736 1542 735 1542 726 1551 724 1551 722 1551 669 1542 668 1542 666 1542 666 1542 656 1551 654 1552 622 1552 621 1551 610 1544 610 1544 609 1544 608 1544 460 1551 432 1552 429 1551 424 1546 423 1546 422 1546 328 1544 327 1544 286 1551 274 1554 262 1551 228 1545 228 1545 226 1545 201 1551 192 1554 189 1551 180 1546 178 1546 178 1546 177 1546 108 1551 110 1586"/></Shape>
            <String CONTENT="neceſſarię. Neque enim cantus Eccleſiaſtici neq;" HPOS="108" VPOS="1542" WIDTH="866" HEIGHT="63" WC="0.986489553840793"/>
          </TextLine>
          <TextLine ID="line_33" TAGREFS="LT8" BASELINE="108 1635 980 1629" HPOS="106" VPOS="1592" WIDTH="873" HEIGHT="64">
            <Shape><Polygon POINTS="108 1635 108 1648 178 1648 188 1656 189 1656 190 1656 190 1656 274 1648 324 1656 326 1656 393 1647 423 1656 424 1656 424 1656 466 1648 543 1654 544 1654 546 1654 564 1647 609 1653 610 1653 610 1653 645 1646 714 1646 724 1653 726 1653 728 1653 728 1654 774 1654 774 1653 776 1653 806 1644 946 1653 948 1653 950 1653 980 1641 980 1629 976 1602 933 1592 932 1592 932 1592 912 1600 910 1600 777 1593 776 1593 744 1598 732 1592 730 1592 729 1592 678 1599 662 1592 660 1592 660 1592 658 1592 645 1598 570 1593 568 1593 567 1593 549 1599 537 1604 526 1599 510 1593 508 1593 472 1593 471 1593 470 1593 459 1599 453 1602 444 1599 429 1594 428 1594 426 1594 424 1594 414 1599 400 1604 372 1598 348 1594 346 1594 320 1598 276 1605 106 1598 108 1635"/></Shape>
            <String CONTENT="iſtarum regularum Synodicarum ignoratio adi¬" HPOS="106" VPOS="1592" WIDTH="873" HEIGHT="64" WC="0.9890116046775471"/>
          </TextLine>
          <TextLine ID="line_34" TAGREFS="LT8" BASELINE="111 1683 978 1677" HPOS="110" VPOS="1640" WIDTH="868" HEIGHT="66">
            <Shape><Polygon POINTS="111 1683 111 1696 159 1696 159 1696 171 1704 172 1704 172 1704 174 1706 254 1706 254 1704 255 1704 284 1696 288 1696 327 1696 366 1696 375 1702 376 1702 376 1702 378 1702 488 1702 488 1702 489 1702 501 1695 504 1695 586 1702 588 1702 714 1694 777 1701 778 1701 818 1695 932 1700 933 1700 978 1690 978 1677 975 1647 868 1647 840 1640 838 1640 838 1640 837 1640 820 1646 806 1640 804 1640 802 1640 759 1648 672 1648 640 1641 640 1641 639 1641 638 1641 621 1648 579 1641 578 1641 542 1650 488 1650 478 1641 477 1641 476 1641 474 1641 440 1648 333 1642 332 1642 330 1642 328 1642 320 1650 135 1644 135 1644 134 1644 110 1653 111 1683"/></Shape>
            <String CONTENT="tum pijs &amp; doctis viris ad paſtoris officium ex¬" HPOS="110" VPOS="1640" WIDTH="868" HEIGHT="66" WC="0.9896427343289057"/>
          </TextLine>
          <TextLine ID="line_35" TAGREFS="LT8" BASELINE="111 1731 975 1731" HPOS="111" VPOS="1690" WIDTH="864" HEIGHT="64">
            <Shape><Polygon POINTS="111 1731 111 1755 142 1755 142 1754 144 1754 146 1754 159 1746 250 1746 268 1754 272 1754 272 1754 273 1755 406 1755 406 1754 408 1754 412 1752 424 1746 480 1752 501 1754 502 1754 504 1754 508 1752 519 1746 580 1752 614 1754 615 1754 628 1750 654 1746 722 1746 730 1750 735 1754 736 1754 738 1754 740 1754 772 1750 808 1746 831 1749 855 1754 856 1754 858 1754 858 1754 866 1749 870 1746 876 1749 882 1754 884 1754 885 1754 886 1754 975 1748 975 1731 975 1702 732 1690 730 1690 729 1690 700 1701 684 1690 684 1690 682 1690 681 1690 680 1690 678 1690 666 1700 596 1701 567 1690 566 1690 564 1690 562 1690 534 1701 504 1690 502 1690 501 1690 370 1701 360 1692 358 1692 357 1692 274 1690 273 1690 272 1690 272 1690 258 1702 206 1702 196 1694 196 1694 195 1694 142 1690 141 1690 141 1690 111 1701 111 1731"/></Shape>
            <String CONTENT="cludere debẽt, quia illa duo vel vſu, vel exerci¬" HPOS="111" VPOS="1690" WIDTH="864" HEIGHT="64" WC="0.9904270660877228"/>
          </TextLine>
          <TextLine ID="line_36" TAGREFS="LT8" BASELINE="111 1780 742 1776" HPOS="110" VPOS="1740" WIDTH="633" HEIGHT="76">
            <Shape><Polygon POINTS="111 1780 111 1804 178 1815 178 1816 225 1816 225 1815 226 1815 228 1815 240 1808 249 1815 250 1815 252 1815 252 1815 364 1814 366 1814 382 1808 388 1804 441 1804 444 1808 450 1814 450 1814 452 1814 453 1814 454 1814 502 1808 531 1803 543 1808 555 1812 555 1812 556 1812 558 1812 572 1808 579 1806 603 1808 652 1814 654 1814 654 1814 672 1808 692 1803 741 1808 742 1776 740 1752 712 1750 705 1743 705 1742 704 1742 704 1742 702 1742 700 1742 686 1748 675 1740 674 1740 672 1740 650 1740 648 1740 648 1740 646 1740 646 1740 634 1752 602 1752 579 1740 579 1740 530 1740 530 1740 528 1740 494 1752 494 1752 438 1752 438 1752 412 1740 411 1740 410 1740 408 1740 375 1752 302 1742 300 1742 298 1742 297 1742 284 1752 249 1742 248 1742 246 1742 246 1742 244 1742 234 1752 110 1752 111 1780"/></Shape>
            <String CONTENT="atione facile poſtea ediſci poſſunt." HPOS="110" VPOS="1740" WIDTH="633" HEIGHT="76" WC="0.9974737995200686"/>
          </TextLine>
        </TextBlock>
        <TextBlock HPOS="729" VPOS="1791" WIDTH="95" HEIGHT="58" ID="block_7" TAGREFS="BT17">
          <Shape><Polygon POINTS="729 1791 824 1791 824 1850 729 1850 729 1791"/></Shape>
          <TextLine ID="line_37" TAGREFS="LT8" BASELINE="728 1827 819 1830" HPOS="728" VPOS="1784" WIDTH="92" HEIGHT="74">
            <Shape><Polygon POINTS="728 1827 728 1842 764 1844 765 1845 776 1857 776 1857 777 1857 777 1857 778 1857 818 1851 819 1830 819 1791 774 1784 772 1784 771 1784 771 1784 771 1785 762 1792 758 1796 728 1794 728 1827"/></Shape>
            <String CONTENT="z.iij." HPOS="728" VPOS="1784" WIDTH="92" HEIGHT="74" WC="0.9934516946474711"/>
          </TextLine>
        </TextBlock>
      </PrintSpace>
    </Page>
  </Layout>
</alto>
