1500 2172
716 153 554 69 AD I. PAVL. AD TIM.

540 178 86 45 270

532 202 874 81 Nec enim verè in abſtracto diceretur, etſi verè

534 260 874 75 pronuntiaretur in concreto, quia cõcretionis vo¬

532 308 873 70 cabula totam Chriſti perſonam deſignant vtra¬

536 357 870 69 que natura conſtãtem. Abſtracta autem vocabu¬

537 406 864 68 la naturas ipſas ſeorſim & per ſe conſideratas.

586 452 824 74 Juſtificatus Spiritu) Eſt adiunctio & ἔνδεξις &

537 501 878 75 velut ſuperioris myſterij amplificatio, quòd in

537 549 874 68 illa etiam vili natura, quam pro nobis aſſumpſit

540 598 873 68 Chriſtus (vt docet Paulus Philip.2.) eluxit, reful¬

537 645 873 76 ſit, & apparuit manifeſtiſſimè etiam diuina Chri¬

537 696 876 74 ſti natura, quæ hîc Spiritus appellatur. Itaque cõ¬

538 746 874 74 uenit hic locus cum Rom. cap.1: verſ. 4. vbi vna

540 795 873 70 quædam ſpecies iſtius diuinæ virtutis recenſetur,

537 840 876 75 nempe Reſurrectio. Sic etiam 1. Pet.3.verſ.18.

540 890 873 74 vbi hæc vis ſpiritus appellatur. Ergo iuſtificare

538 938 880 75 eſt non iuſtum declarare & probum virum: ſed

538 987 879 74 veriſſimè oſtendere & incõcuſſis argumẽtis, quæ¬

538 1036 876 75 que refelli non poſſunt, demonſtrare aliquid, pro¬

543 1084 872 72 bare, & deprehendere, Sic Matth. 11.verſ.19. Quæ

543 1134 874 70 enim exactè perfecta ſunt & exquiſitè ſiue ad a¬

543 1184 873 68 muſſim probata, dicuntur iuſtificata eſſe etiam

543 1228 872 78 apud nos Gallos. Vnde vulgò dicimus, Iustifier

544 1278 874 74 vn arrest de conte. Iuſtitia enim appellatur omnis

538 1328 880 72 exacta ratio, quæ obſeruata eſt in re aliqua de¬

546 1377 873 72 monſtranda. Hoc Pauli dictum oſtendit poten¬

544 1434 872 62 tiani enffernom pompis & apparatu quodam

548 1474 872 68 externo apparuiſſe: ſed in ſpiritu, id eſt, in virtute

548 1521 873 70 diuina, miraculis, operibus, doctrina cœleſti, &

548 1570 872 70 incomprehenſibili ipſius erga homines efficaci¬

546 1617 874 68 tate. Deinde tollit Paulus hac voce omnem illã

544 1668 873 72 hæſitationem animi, quæ poteſt inhærere nobis,

548 1720 873 69 propter humilem Chriſti hominis ſtatum, qui

546 1770 670 75 fuit ſeruilis, abiectus, & contemptus.

1314 1810 108 78 Viſus
