1500 2172
716 112 562 72 AD I. PAVL. AD TIM.

560 158 872 82 odio & auerſatione ipſius guſtus & odoris,

558 212 876 84 quod faciunt ij, qui natura ſunt abſtemij, & vinũ

560 260 873 82 guſtare non poſſunt: ſed certo animi propoſito

560 310 873 80 & inſtituto, vt carnis libidinem in tam feruente

560 357 874 84 ætate, tanquam æſtate, reprimeret, atque compeſ

561 406 873 80 ceret: vti qui equis, ne nimium ferociant, pabuli

561 462 776 75 partem adimunt, ne nimium impinguentur.

610 502 825 80 Ergo qui ſuperſtitione aliqua ducti, qui hæreſi

562 552 874 74 alicui addicti, qui voto conſtricti, vino abſtinent

562 602 874 78 hoc Timothei exemplo iuuari vel deffendi non

564 654 872 75 poſſunt, cuius factum hîc à Paulo commemora¬

564 705 538 69 tum eſt ab illis diſſimillimum.

610 747 825 74 Denique ratio addita eſt à Paulo, & modus,

567 796 873 74 ex quo Timotheum æſtimare vult, quatenus &

568 846 872 72 vino & cęteris cibis abſtinere debeat. Nimirum

570 892 872 76 quatenus ratio valetudinis & corporis ſanitas

567 944 874 76 patitur id fieri: non vt longæui tantum fiamus:

567 990 870 76 ſed vt cõmodiùs & faciliùs Deo inſeruiamus. At

567 1047 870 70 que fiae quidem partieularieer pertinent ad Ti¬

568 1086 876 74 motheum: Videamus iam quæ ex his colligi de¬

568 1140 874 74 beant, & ad omnes Presbyteros & Eccleſiæ præ¬

573 1186 868 74 pontos diffundantur. Duo verò canones ex hoc

573 1233 868 81 verſiculo à nobis excerpentur, iique generales

573 1298 178 66 & vtiles.

616 1326 828 76 I Presbyteri eam victus rationem ac ſobrie¬

568 1380 878 75 tatem inſtituunto, quæ & ipſorum muneri facile

573 1431 873 74 obeundo conducat, & cæteris ad exemplum tem

574 1484 591 70 perantiæ eſſe & prælucere poſſit.

624 1524 825 75 2 Presbyteri atque præpoſiti Eccleſiæ in ea vi

570 1572 878 75 ctus ſui ſobrietate ac ratione inſtituenda, & bo¬

568 1620 878 75 næ valetudinis ſuæ, & virium ſtomachi atque to¬

568 1677 646 69 tius corporis ſui rationem habeuto.

600 1720 789 87 Atque hic vterque canon eſt exp licandus.

1368 1767 74 62 Ac
