1500 2172
870 122 72 68 626

354 135 285 28 CAPVT VI.

84 153 866 81 Chriſtianus eſſet factus: imò verò ad dominum

82 214 866 66 ſuum remittit. Hæc autem ſecunda ratio tanti

81 258 866 75 momenti etiam inter Chriſtianos viſa eſt, vt ſæ¬

84 310 861 66 pè canonibus Synodorum fuerit ſancitum, ne

84 356 861 70 quis ſeruus, aut addictus alteri, veluti curialis, aut

80 406 866 68 cliens, inuito domino, aut patrono ad clericatum

80 456 864 66 admitteretur, ne ius cuiquam ſuum prætextu re¬

80 502 864 70 ligionis & cultus Dei eriperetur. Eſt in canoni¬

80 552 864 68 bus Apoſtolorum. Eſt etiam in canone Præſenti

80 598 862 72 & ſeq. vel potius in tota diſtinct.54. Illud tantùm

75 672 867 54 ſuit obreruatum, vt qui Audæis leruiebant, ſi

75 699 866 69 Chriſtiani fieri vellent, poſſent redimi ab inui¬

74 746 864 72 tis dominis, quod in odium Iudæorum maximè

70 794 322 64 fuit conſtitutum.

117 840 820 75 Ex hoc autem loco manifeſtiſſimè & pulcher.

68 890 870 76 rimè refutatur Anabaptiſtarũ & Αʹτάκλων omniũ

68 942 864 75 inſania, qui Magiſtratus de Eccleſia Chriſtiana

68 994 864 70 tollunt, tanquam Magiſtratuũ poteſtas ſit & E¬

68 1038 862 76 uangelicæ doctrinæ, & Chriſtianæ libertati non

68 1090 861 72 modò repugnans: ſed omnino contraria. Atqui

64 1137 866 72 aliud docet hoc loco Paulus, Doctrinam ipſam

62 1192 866 66 Euangelij nimirum blaſphemari, & meritò im¬

62 1236 864 72 probari, ſi per eam dicantur tolli & peruerti iura

62 1284 858 72 politica, confundi rerum dominia, & ius ſuum

62 1332 862 72 cuiquam eripi. Neque Enim euangelium tollit

62 1380 864 75 humanas politias, quin imò eas confirmat & ſan¬

60 1425 75 60 cit.

104 1478 819 70 Afferunt obſtinati homines duos Scripturæ

58 1524 861 78 locos, è quibus primus eſt is, qui 1. Corinth.7. V.

58 1574 862 74 23 Nolite fieri ſerui hominum. Secundus autem

63 1622 854 70 qui eſt Ioan.8. verſ.32.36. Veritas vos liberauit.

58 1671 862 75 Ad quorum vtrunque vna hæc reſponſio ſatis eſt

56 1726 862 75 nimirum eos confundere diuina cum terrenis

650 1779 81 87 D.j
