1500 2172
548 153 102 51 441

722 132 560 64 AD I. PAVL. AD TIM.

548 182 867 76 tis viceſimum quintum: ſed poſtea receptum in¬

544 242 868 66 ſtitutúmque eſt, vt ſtatim poſt annos pubertatis,

546 286 867 64 id eſt, poſt duodecimum ætatis annum poſſet,

549 333 864 70 quę votum ordinis & vitæ Monaſticæ ſuſcepiſſet

548 381 867 69 etiam à Prælato conſecrari cano. Puella 2o. queſt.

549 430 867 70 2. quem ex concilio Triburienſi ſumptum eſſe

549 483 866 64 volunt. Ante autem duodecimum ætatis annum,

549 530 868 68 ne ex parentum quidem iuſſu & confirmatione,

550 579 868 62 votum ab ijs factum ratum eſſet conſtitutum eſt.

549 627 867 63 Denique ne qua inuita in Monaſterium detrude¬

549 676 868 68 retur, ſed ſi qua ergaſtulum illud iubentibus pa¬

550 728 868 63 rentibus eſſet ingreſſa, decimo quinto anno æta¬

550 772 870 68 tis interrogetur à Pręlato de voto, cui ſi ipſa non

552 820 867 63 aſſentitur, ne votum ante illam ætatem factum o¬

550 872 868 66 mnino valeat. Sic can. Firma can.Sicut & ſeq.20.

554 916 866 70 quęſtione I.ſancitum eſt, à quibus tamen hodie

549 966 872 70 planè diſceſſum eſt. Coguntur enim etiam an¬

550 1012 872 72 tequam penè vſum rationis habeãt miſerę puel¬

549 1064 873 69 lulę, vt ſe in Monaſterium aliquot detrudi ſinant,

550 1110 878 74 quòd vel non ſatis formoſę ſint, vel cęteris liberis

552 1160 874 70 pars hereditatis maior accreſcat his in piſtrinum

550 1216 561 63 iſtud & Monaſterium relegatis.

603 1252 824 75 Quæ virgo vel vidua votum ipſa ſibi impoſue¬

556 1306 867 63 rat, & habitum Monialis aſſumpſerat domi ſuę

556 1360 868 64 vel in ædibus patris:non autem ab Epiſcopo vel

556 1404 870 72 pręlato illud acceperat, primum poterat illud, ſi

558 1458 867 62 ronet portea deponere, neque cogebatur in eo

558 1500 867 69 vitę ſtatu inuita permanere, niſi fuiſſet poſtea ab

555 1550 870 68 Epiſcopo conſecrata. Poſt autem aliud decretum

554 1599 873 64 eſt. Nam neque deponere illud velum potuit, ac

555 1647 872 68 ne ea quę illud priuatim domi ſuę aſſumpſerat:

552 1694 870 69 ſed cogetur etiam ante conſecrationem factam

554 1744 873 69 in eo ſtatu & habitu permanere perpetuo vitæ

549 1791 878 81 tempore, & Monaſterium ingredi can. Si quis ſa¬
