1500 2172
372 164 302 28 CAPVT III.

900 142 54 56 158

102 192 861 64 eos verè pœnitere, & vtiles Eccleſiæ eſſe poſſe.

100 240 861 64 Reſpond. in eo variã fuiſſe veteris Eccleſiæ ſen¬

100 294 866 60 tentiam. Primùm enim fuit ſeuerior Eccleſia:

102 340 861 63 & erat moribus receptum, vt lapſi ſiue in hæ¬

100 388 862 62 reſin, ſiue in apoſtaſiam, ſiue in aliud aliquod cri¬

98 438 867 62 men, & vitium, & depoſiti proptereà, non admit¬

99 488 866 60 terentur vnquam poſtea in gradum vllum Eccle¬

98 532 866 64 ſiaſticum, propter ædificationẽ Eccleſiæ. Dein¬

100 585 862 60 de aliud receptum & conſtitutum fuit, nempe

100 628 864 66 vt etiam recipi poſſent, ſi pœnituiſſent. Quam ſe¬

98 678 868 60 cundam ſententiã cùm Luciferiani damnarent &

98 726 868 63 improbarent, hæretici ſunt habiti. Denique tan¬

98 777 867 58 dem res tota in concilio Agathẽſi compoſita &

98 838 870 50 conſeieutu eneyte ſapiimmrumce reſtitui & reti¬

94 873 870 64 neri in gradu poſſent: ad maiores tamen non poſ¬

94 921 868 60 ſent prouehi. Excepti tamen ſunt ex eo numero

96 969 866 58 apoſtatæ. canon. Contumaces & cano. Domino

94 1016 350 63 ſancto diſtinct. 50.

142 1064 819 66 Vnius vxoris virum. Secunda Epiſcopi futuri

93 1116 867 54 conditio. Primùm autem huius loci explicatio

93 1166 866 62 vera videnda eſt. Deinde ratio præcepti. Deniq;

96 1214 866 66 quæ huius loci poſtea corruptela ſiue deprauatio

92 1258 220 62 facta fuerit.

141 1306 820 63 Ac quidem primùm hic locus à patribus verè

90 1359 872 64 & purè & ſyncerè explicatus eſt, veluti à Iuſtino

88 1407 873 62 & hîc à Chryſoſtom. Atque etiam à Hieronymo,

92 1460 868 60 quanquam infeſtiſſimo nuptiarum hoſte:item ab

88 1506 873 62 Ambroſio, epiſt. 82. & Theodorito (etſi poſtea

92 1554 867 62 Græca Eccleſia cum Latina de huius loci expli¬

92 1602 870 62 catione diſputauit & diſſenſit.) Ne is nimirum

88 1653 868 62 in Epiſcopum eligeretur, qui vno eodémque tẽ¬

88 1701 868 60 pore duas apud ſe haberet vxores. Tales enim

87 1749 868 82 tunc multi etiam Iudæi erant, qui exemplo Daui¬
