1500 2172
722 130 556 56 AD I. TAVL. ADTIM.

558 152 69 46 138.

549 172 873 78 fuerit. Id enim & bona cõſcientia in honeſta belli

549 231 872 64 cauſa potuit, & idem nunc quoque licet cæteris.

549 276 873 70 Miniſtri verò ſtratioticis moribus & planè mili¬

549 327 870 68 taribus ſunt omnino damnandi vt Cal. epiſt.354.

552 381 870 63 docet, propter ferociam ingenii, & proteruiam

555 426 736 66 quæ manſuetudini paſtorali contraria eſt.

598 474 826 64 Non turpis lucri cupidum) Hoc tertium eſt vi¬

555 524 870 66 tium quod in Epiſcopo futuro atque etiam ele¬

554 573 872 63 cto damnat Paulus, tanquam omnis mali & of¬

552 616 873 69 fendiculi maximi fontem, nimirum auaritia. Eſt

554 670 874 64 enim mater & radix omnium vitiorum. Similis

550 716 874 70 locus. Tit .1.verſ.7.1.Pet.5.verſ.3. Sed vt nec lu¬

550 766 879 68 crum quærere nec captare debet Epiſcopus: ita

550 814 878 68 neque gloriam ſuam ſpectare, nec ventrem cõ¬

550 862 878 69 moditatémque ſuam aliquam pro fine ſui mini¬

554 909 873 70 ſterij ſibi proponere. Galat. 6. verſ. 13. Philip.I.

552 960 874 69 Eſt quidem dignus operarius mercede ſua, vt ait

555 1008 872 66 Chriſtus Matth.1o. verſ.1o. ſed aliud eſt alimen¬

554 1056 878 68 tum & victus neceſſarius: aliud autem lucrum &

555 1102 879 69 imprimis turpe, quod hîc ſpectari à nobis vetat

555 1154 873 62 Paulus. Deinde nec hic ipſe debet eſſe doctorum

555 1200 876 66 Eccleſiæ finis, dum hoc munus tam ſanctum, vel

555 1251 872 68 ſuſcipiunt vel exercent, vt inde viuant & alantur,

556 1299 873 66 ſed vt Dei gloriam promoueant. Alimentum e¬

556 1347 874 70 nim & victus quædam acceſſio potius eſt, quàm

558 1396 873 68 ſe opus te finis huius muneris, & rectè facientem

556 1444 873 72 officium ſequi debet alimentum, vti vmbra cor¬

561 1503 248 64 pus ſequitur.

608 1538 824 74 Sed quæſitum eſt, Quod ſit lucrum illud turpe,

561 1588 870 70 quod conſectari vetantur Epiſcopi, & paſtores

560 1636 873 69 Eccleſiæ? Reſpond. Omne illud, quod legibus

560 1690 872 68 municipalibus, vel honeſtis moribus accipi pro¬

561 1737 870 86 hibetur, pugnãt que cum verbo Dei, æquitate na¬

1336 1788 94 69 turæ
