1500 2172
710 152 568 57 ADII. PAVL. AD TIM.

549 174 88 48 342

543 192 870 90 nenda ac illi ipſi ſit in omni miniſterii Euangeli¬

546 252 867 78 ci quod obibat ratione conuerſandum & agen¬

548 302 868 74 dum. Adeo vt etiam hæc præcepta ad reliquos

549 346 867 82 paſtores pertineant, qui nobis in Timotheo, tan¬

552 393 868 82 quam in perfecti miniſtri idea, à Paulo depicti

554 444 867 80 proponuntur. Eſt verò hic locus etiam tacita re¬

556 492 867 78 greſſio ad ſuperiùs inſtitutam diſputationem de

555 542 868 80 officio veri & Euangelici paſtoris, quam & hoc,

556 591 866 80 & ſequenti capite perſequitur. Hæc eſt igitur ra¬

556 638 870 78 tio ordinis, ne putemus hoc ſcriptum Pauli eſſe

558 687 872 80 ſcopas diſſolutas. Quod Athei obiiciunt. Summa

561 740 868 72 verò huius doctrinæ eò pertinet, vt doceantur

561 789 868 74 paſtores ſuperiorem doctrinam reuerenter &

566 832 864 76 grauiter tractandam eſſe: & in reliquis miniſterij

562 880 867 75 & muneris ſuipartibus ita illis eſſe cõuerſandum,

566 928 867 75 vt nemo eos, quantunuis ætate iuuenes, deſpi¬

567 981 870 74 ciat vel contemnat: ſed ſint totius gregis exem¬

570 1026 867 72 plar in Verbis, & factis, & in Doctrina, & in vita,

573 1076 866 78 Videri autem poteſt non ad omnes in vniuerſum

572 1125 866 70 verbi Dei miniſtros pertinere hęc Pauli exhorta¬

572 1172 870 78 tio: ſed ad eos tantùm, qui adhuc iuuenes ſunt:

572 1218 870 80 neque dum ſibi per ætatem eam authoritatem

576 1270 867 80 compararunt, per quam ſint populo commenda¬

574 1317 870 74 biles & venerandi, quales ſunt adoleſcentes ad¬

576 1364 868 81 Auc paſtores, & nondũ prouectæ ætatis. Sed cùm

576 1418 868 64 etia iiilius fionorentur, qui, quanuis ætate grãdæ¬

576 1461 870 76 ui, moribus tamẽ ſunt iuuenes, certè ad ſenes etiã

579 1510 866 80 hæc præcepta pertinẽt, ne hi ipſi in ea ætate pro¬

579 1560 870 75 pter morum diſſolutionem contemnantur, ſi idẽ

576 1606 872 78 agant, quod homines moribus iuuenes & proter¬

576 1653 874 81 ui, & laſciui & leues. Quæ certè vitia adoleſcentiã

578 1713 436 68 ſequi & comitari ſolent.

610 1746 840 104 Dicit Paulus reóreroe, id eſt, Iuuentutis. Differt

1362 1802 88 68 hæc
