1500 2172
722 140 582 72 AD I. PAVL. AD TIM.

532 168 72 54 198

530 194 873 78 fectis vini ducta. Ea verò nimirum ſunt luxus, o¬

530 246 873 78 mnis intẽperies & libido. Vera.n. eſt illa Hiero.

531 297 870 75 ſententia, ad Titum 1. Vbicunque ſaturitas atque

534 340 872 81 ebrietas fuerint, ibi libido dominatur. Nunquã

537 392 870 80 ego ebrium caſtum putabo. Fx quo, fit vt non

537 440 867 78 tantùm ebrij & ebrioſi: ſed etiam qui ardentius

538 490 868 76 vinũ appetunt, hac voce cõprehendantur, dãnen¬

537 538 872 76 tur, atque prohibeantur, ne ſint Epiſcopi aut pa¬

537 585 872 78 ſtores Eccleſiæ: aut ſi in huiuſmodi vitia incide¬

538 634 868 76 rint, vt deponantur. Quare Vinolentia, Ebrie¬

543 693 864 69 tas, & Luxus, damnantur in Eplicopo non ab ho¬

543 729 868 82 mine: ſed à Dei ſpiritu, vt hoc notent paſtores

544 778 868 78 vinoſi & ebrioſi. Imo verò ſæpiſſimè ebrij. De

548 832 642 76 quo ipſe Calu.epiſto.370. videndus.

592 874 824 81 Hoc eodem præcepto Pauli vetantur paſto¬

544 924 864 75 res, imò verò Chriſtiani omnes conuiuia & in¬

544 972 866 76 uitationes illas ad potandum ex compacto face¬

546 1018 870 81 re. Id quod etiam Ethnicis quibuſdam diſplicuit,

550 1077 867 72 vt Aſſuero regi. Eſtner 1. Et contilij Laodiceni

550 1119 868 78 capite 55. concilio Agathenſi cap. 4. vetitum eſt

550 1167 868 78 ſeueriſſimé. Auguſtinus etiam epiſt. 65. ad Aure¬

552 1215 867 80 lium Auguſt. grauiſſimè comeſſationes iſtas &

552 1264 864 75 ebrietates damnat & execratur in ipſo grege, ne¬

552 1322 556 72 dum in paſtoribus Chriſtianis.

604 1362 814 78 Deniq; cauponas & popinas ipſas ingredi ve¬

556 1413 862 72 taitur clerici, niſi peregrinentur in aliena regio¬

555 1455 868 80 ne.Id quod diutiſſimè & ſanctiſſimè fuit, tum in

561 1506 860 76 Oriente, tum in tota Græcia obſeruatum: adeò

558 1554 866 80 vt miram hãc Chriſtianorum clericorum ſobrie¬

558 1608 867 72 tatem, & tanquam caſtitatem & temperantiam

556 1653 870 75 laudauerit etiã Iulianus apoſtata, nominis Chri¬

556 1700 870 76 ſtiani ifeſtiſſimus hoſtis, voluerítq; Sacerdotes

556 1752 872 92 ipſos Paganorum eodem modo cauponis & po¬

1329 1792 110 78 pinis
