1500 2172
554 162 87 38 630

740 141 537 57 AD I. PAVL. AD TIM

549 198 771 58 Cντητο͂ meminit Paulus 1. Corinth.1.verſ.2o.

592 243 820 63 Pia verò eadem doctrina Euãgelij ab effectu

546 296 866 60 nominatur, quia pietatem nos docet. Eſt autem

550 348 862 56 pietas, Verus Dei cultus, qui veram proximi

544 393 868 63 dilectionem parit ex ſeſe, tanquam primarium

544 434 183 63 fructum.

592 484 818 64 Huic pietati opponit Paulus vitia contrariæ

546 536 867 60 doctrinæ & Matæologiæ ſorbonicæ, hæc nimi¬

546 585 867 62 rum Mendacium, quia veritate priuantur: Aua¬

546 638 867 56 ritiam, Pietatem in quæſtum conuertunt: & Vi¬

543 681 870 62 tia peſsima quæ profert, qualis eſt Inuidia, Male¬

543 730 870 62 dicentia, Suſpicio mala, Vaniloquentiam, Con¬

544 780 868 52 tentiones, Pugnæ. Denique peruerſa exercitatio

549 824 866 63 Tit 3.verſ 9. ſup.1.verſ.6. Cæteræ voces ſunt faci¬

543 876 868 60 les & perſpicue. Vna hæc, πθαδιατριβαὶ, obſcura.

543 924 872 58 Attingit enim Paulus eorum ſpecioſos quidens

543 974 873 56 ſed tamẽ falſos prætextus, cùm huiuſmodi quæ¬

540 1017 874 56 ſtiones inſtituunt. Hoc enim ſe & conari & velle

543 1070 873 54 ad Philoſophorum imitationem (qui de ſue ſectæ

543 1116 873 62 dogmate, ſtudioſè inquirunt & diſputant, ſcho¬

546 1167 870 60 laſque inſtitutas habent) vt aliquæ de pulcherri¬

538 1215 874 62 ma omnium ſcientia, nempe de vera Dei Theo¬

542 1263 874 62 logia, & modeſtæ diſputationes inſtituantur, &

543 1314 873 62 vigeant inter Chriſtiãnos, quò ſint aduerſus &

543 1359 873 62 hæreticorum & Ethnicorũ argumẽta paratiores

546 1408 870 63 atq; munitiores. Philoſophi ſuas illas Scholas &

546 1460 870 58 diſputationes vocabant διατειβας. Hi quoq; ſuas

543 1508 872 60 de rebus diuinis diſſertationes, vt ex hoc loco

543 1554 873 62 apparet, διαταβὰς nominabant. Ergo Paulus allu¬

544 1604 872 60 dit ad hanc ipſam vocem, quam in eos ipſos le¬

544 1650 873 58 pidè retorquet. Docet enim huiuſmodi diſputa¬

546 1700 870 57 tiones quę à ſana doctrina, recedunt, nõ eſſe δια¬

549 1748 866 72 τθας, id eſt, honeſtas ſcholas & diſputationes

1270 1796 147 80 veiliter

1431 1808 8 51 .
