1500 2172
388 166 312 34 CAPVT III.

914 134 66 82 244

117 196 866 70 pertinet: neque Sacramentorum adminiſtratio.

112 250 868 68 Hæc fuit vetuſtiſſima Diaconatus deſcriptio:quæ

114 302 866 62 tamen poſtea magna hominum temeritate im¬

112 348 867 66 mutatà eſt, & cum Epiſcoporum munere penè

114 402 867 64 confuſa, quos tamen hîc & Philip.I.apertè diſtin¬

117 452 848 60 guit Paulus. 1

158 494 822 68 Ac primùm Diaconorum muneris perturba¬

111 543 868 64 tio facta eſt, cùm velut oculi Epiſcopi dici cœpe¬

110 596 872 57 runt, quoniam omnia totius Eccleſiæ acta ober¬

110 638 870 69 rantes perluſtrabãt, & ad Epiſcopum offendicula

112 688 868 63 quæ in Eccleſia naſcebantur, deferebant, vt eſt in

110 742 872 58 cano. Diaconi Eccleſiæ diſtinct.93. Vnde apparet

108 789 870 60 eos in locum Presbyterorum, ad quorum curam

110 832 868 68 ea diligentia de inſpiciendis hominum piorum

108 884 872 63 moribus pertinet, temerè fuiſſe ſubſtitutos. Ac

111 932 866 66 quidam è Scholaſticis magna ignorantia nullos

114 982 861 60 præter Epiſcopos & Diaconos in Eccleſia ordi¬

106 1029 868 60 nes conſtituunt, quòd, excepto Epiſcopali officio

106 1094 867 51 reriqua inuma a Llaconis luicepta & obita fuiſſe

106 1124 866 64 dicunt. Qúod eſt falſum, cùm etiam ex 1.Corint.

108 1174 864 68 16. appareat ſæpe quoſdam etiam extra ordinem

104 1222 868 66 ab Eccleſia delegatos, & electos ad curam & ad¬

105 1274 866 68 miniſtrationem Eccleſiaſticę pecuniæ, quia Dia¬

105 1336 783 45 coni ſatis eſſe tantõ oneri non poterant.

144 1376 830 58 Hoc Diaconõrum munus iam tam latè patens

105 1418 864 66 etiam amplificari poſtea cœpnt jet penè cum E¬

105 1466 866 66 piſcopi officio confundi, certè in multis adæqua¬

102 1515 867 63 ri. Nam in cano. Perlectis 5 Ad Diaconum per¬

104 1563 866 66 tinet diſtinct. 25. hæc omnia Diaconis tanquam

105 1614 656 62 muneris eorum partes tribuuntur.

152 1658 798 69 1 Aſſiſtere Sacerdotibus, id eſt, Epiſcopis.

148 1710 822 63 2 Miniſtrare in omnibus, quæ aguntur in Sa¬

100 1754 868 81 eramentis Chriſti, veluti & in Baptiſmo, cheiſmã¬

735 1808 72 84 lij.
