1500 2172
376 165 302 48 CAPVT III.

904 132 69 84 220

106 196 874 80 ſijs ſtrictè & religioſè obſeruari. Hoc decretum

111 256 870 68 extat tot. Tit. & diſtinct.52. Vt nemo per ſaltum

108 304 874 68 ordinetur Dicebantur autem per ſaltum ordinari

106 352 868 68 & promoueri qui prætermiſsis omnino aliis gra¬

108 402 870 68 dibus, vel mediis & inferioribus non acceptis &

105 450 873 72 deguſtatis, ad maiores dignitates prouchebantur.

104 500 872 63 Erant enim in eccleſiaſticis muneribus certi or¬

105 548 872 69 dines conſtituti, per quos gradatim erat ad Epi¬

104 598 874 64 ſcopatum conſcendendum, ne quiſquam non ſa¬

104 646 873 68 tis probatus, aut expertus in paſtorem Eccleſiæ,

104 696 872 64 & tam arduum munus eligeretur. Erant igitur

104 741 872 68 hi ordines Oſtiarius, Lector, Exorciſta, Cantor,

105 789 872 69 Cereariꝰ, Acolytus, Subdiaconus, Diaconus, Pre¬

100 838 874 68 ſbyter, Epiſcopus, can. illud diſt. 77. Sed hos o¬

100 892 874 63 mnes tamen rigidè obſeruare in ſingulis eligẽdis

99 939 876 64 ac velut ex neceſſitate quadã, eſt certè ſuperſti¬

99 988 873 62 tio, cùm etiam ex iſtis quidã ordines non ſint. Sa¬

99 1044 873 57 tis eſt, in puuigiima ratione io, qui m doctorem

99 1082 872 69 vel paſtorem Eccleſiæ aſciſcẽdus eſt, probatus ſit

98 1131 870 69 in doctrina & moribus: ſiue quòd in aliquibus in¬

106 1178 862 72 ferioribus gradibus iã ſubſtiteritiſiue quòd alibi

98 1230 872 70 alióq; modo ſit probatus. Nam ex iſtis tot ordi¬

100 1278 760 68 nibus, quidã ſunt, & inanes & ſuperſtirioſi.

141 1328 831 68 Denique hoc ipſum poſtea videmus in abu¬

93 1378 876 64 ſum, & ridiculũ quiddam in Papatu fuiſſe conuer¬

92 1425 873 64 ſum. Omnes enim iſti ordines ſacrificulandis ab

92 1473 876 70 Epiſcopo conferuntur, ſed fruſtrà, & ſunt tituli

92 1524 878 64 & dignitates vanæ & ſine effectu. Secundo

92 1570 876 68 Ioco, Certa quædam ætas cuique ordini Eccle¬

92 1622 878 68 fiaſtico adipiſcendo eſt Synodis conſtituta, infra

93 1671 872 68 quam haberi obtineríque illi gradus nõ poſſent,

92 1719 872 69 veluti Synodo ſexta vniuerſali, concilio Chartag.

92 1767 878 87 3. cap. 4. Agathenſi cap.16. Toletano 4. cap.17.

711 1816 87 90 Eij.
