1500 2172
543 123 92 30 60

702 104 562 54 AD I. PAVL. AD TIM.

536 144 862 70 cies eſt, quas auari conſectantur maximè: tamen

532 195 866 70 hîc omne opum genus complectitur. Itaque oi¬

532 243 861 70 λάργνεςς hîc à Paulo dicitur, qui ſiue argentum,

531 294 864 66 ſiue aurum, ſiue agros, ſiue frumẽtum, ſiue quaſ¬

532 342 862 69 libet alias opes ardenter expetit, & vitioſè, id

531 390 862 69 eſt, & plus quàm oportet, & alio modo, atque ad

530 438 864 68 alium finem quàm oportet. Nam & auaritia ipſa

530 488 860 68 Latinum vocabulum, quanquam nomen eſt ab

530 538 860 66 auro deriuatum, immoderatam tamen quarum¬

530 585 855 70 libet opum appetitionem vel ſtudium generali¬

525 652 864 51 cer compicetieur, quemaumiodum docet Augu¬

525 682 862 66 ſtinus. Alij auaritiam ab auiditate dictam ma¬

524 732 862 66 lunt, vnde multa auara appellant, quæ auro non

524 780 556 64 egent, vti dicitur mare auarum.

572 832 818 62 Duplex autem malum enumerat hoc loco

522 878 864 64 Paulus ex omnibus ijs, quæ auaritia procreat,

518 926 864 62 nempe Defectionem à fide, & Animi cruciatum.

520 974 861 66 Defectionem à fide ex nimio opum vel conge¬

518 1023 864 64 rendarum, vel conſeruandarum ſtudio, accidere,

518 1072 862 66 infinita hominum exempla docent, & quotidia¬

516 1128 862 52 na experientia. Quot enim hominum millia in

513 1170 866 62 noſtra, præſertim Gallia, propterea fidem Chri¬

514 1216 861 69 ſti, quam antea profeſſi fuerant., abnegarunt?

516 1268 792 60 Quot adhuc hodie propterea deſciſcunt?

516 1316 855 66 Quot etiam in media ipſa Eccleſiarum pace pro¬

512 1365 858 64 pter opes Deum factis negant, quem ore profi¬

508 1413 862 64 tentur? Hæc vna maximè cauſa Samoſatenum in

506 1458 866 69 maledictam illam hæreſin, quæ poſtea Arrianiſ¬

506 1508 862 69 mi radix fuit, induxit vt opes à Zenobia Arabum

504 1554 860 70 regina haberet, neque ab ea priuaretur ijs bonis,

502 1605 861 70 quæ vt Epiſcopus Antiochiæ poſſidebat. Et inter

496 1653 866 68 cauſas hæreſeõn & à Paulo, & ab omnibus aua¬

492 1701 866 63 ritia recenſetur. Satan ipſe ita tentauit Chriſtum

488 1746 864 86 Matth.2. Omnia regna mundi tibi dabo, ſi cadẽs
