1500 2172
408 150 252 26 CANVTV.

892 120 72 64 518

102 168 864 69 in nobis ineſſe debet. Bernard.ſerm.58.in Cant.

100 225 868 57 ſic eam definit, Eſt inuitatio & ſtimulatio quædã

108 272 861 60 charitatis piè nos ſollicitantis æmulari fraternã

99 324 868 56 ſalutem, æmulari decorem domus Dei, incremẽ¬

98 370 872 60 ta lucrorum eius, incrementa frugum iuſtitię eius

102 420 867 60 laudem & gloriam nominis illius Iſtiuſmodi er¬

102 471 867 63 go erga Deum religioſis affecti bus quoties is

106 518 861 66 qui animas regere, aut ſtudio prædicationis ex

98 566 870 63 officio intendere habet, hominem ſuum interio¬

94 616 874 62 rem ſenſerit permoueri, toties pro certo ſpon¬

93 663 873 68 ſum adeſſe intelligat: toties ſe ab illo ad vineas

92 716 168 56 inuitari.

135 758 831 68 Externa vocatio eſt, hominum qui iudicare

92 812 873 60 ponune de noſtra ad aliquod munus capacitate

88 856 874 62 & idoneitate teſtimonium libero, non redempto

88 906 873 57 non captato ipſorum ſuffragio, in Dei timore &

92 956 868 62 via à Deo præſcripta atque legitima patefactum

90 1005 279 56 & declaratum.

141 1050 819 64 Vt ſit autem hæc externa vocatio noſtra legi¬

87 1102 873 56 tima, duo hæc concurrere debent:è quibus tamẽ

92 1158 866 48 vnum alterum præcedit, nimirum Electio, quæ

88 1202 864 58 præcedit: Ordinatio ſeu approbatio electi,

87 1248 387 58 ſequitur electionem.

130 1294 825 63 Electio eſt, eorum qui poſſunt & debent ſyn¬

86 1346 868 62 cerum atque ſanctum de nobis teſtimonium, per

87 1394 866 62 quod deſignamur ad certum munus gerendum.

126 1440 830 64 Ergo hîc videndum 1 A quibus fieri debeat

82 1491 873 63 electio. 2 Quando, 3 Quomodo. Ac qui¬

84 1536 868 64 dem primum illud ſtatuendum eſt, quòd Nemo

81 1586 872 63 à ſeipſo eligi vel debet, vel poteſt. Verum enim

81 1635 872 63 illud eſt, Nemo iudex ferendus in propriæ ratio¬

80 1684 870 63 ne cauſæ:item & illud, Laus in proprio ore ſorde¬

80 1734 866 76 ſcit. Neque obſtat quod ſuprà de interna eligẽ¬
