1500 2172
584 141 100 30 465

723 124 570 51 AD l. TAVL. AD TIM.

568 159 861 75 te, vt nulla ex parte ſibi ſuóque muneri deſint,

570 214 862 69 nec quenquam vel vita vel negligentia offendant

567 279 864 52 demque viuant ireprenenſibiles, vt loquutus eſt

567 308 246 56 ſup. 5.verſ.22.

614 357 812 74 Ergo verba hæc ſic interpretor, vt ad ipſum

572 405 855 69 Timotheum referantur: non ad mandatum, etſi

562 456 864 64 tamen id patitur ratio Grammatices. Poſtea vo¬

564 506 864 72 cem ἀπιλον refero ad leuiora delicta: vocem autẽ

561 567 866 60 ανέπληπιιον ad grauiora peceata, quæ & ſcelera &

561 602 862 76 crimina nominantur, vt apparet ex cap.3.huius e¬

562 646 153 64 piſtolæ.

604 696 819 75 Vſque ad illuſtrem) Docet tertio loco, quàm

560 748 866 72 conſtanter in tota ſuperiori doctrina ipſóq; ſuo

558 806 867 58 munere fit & omnibus Chriſtianis & paſtoribus

555 846 870 66 perſeuerandum. Nimirum vſque ad ſecundum

555 891 868 74 Chriſti aduentum, quem Jllustrem appellat. Si¬

552 940 783 72 milis locus Tit.3.verſ.13.1.Theſſ.2. verſ.19.

598 993 826 66 Eſt autem huius ſententiæ & conſolationis v¬

549 1038 876 69 ſus duplex. Primus quidem aduerſus ignauiam

546 1090 876 68 noſtram, ne fathiſca mus, aut deficiamus lõgi aſſi¬

549 1136 873 72 duíque laboris pertæſi, quaſi nimium diu nos ex¬

549 1196 870 58 erceat & in certamine retineat Deus. Secundus

548 1233 872 72 autem vſus eſt aduerſus impatientiam, ne Deum

546 1284 872 68 exiſtimemus vel mentitum: vel diutius, quàm par

546 1329 868 72 ſit, promiſſorum ſuorum implementum differre.

548 1377 870 74 Nec enim prius certandi finis erit, quàm Chri¬

543 1425 826 70 ſtus aduenerit iudex vîuorum & mortuorum.

592 1474 822 68 Appellat autem hunc Chriſti aduentum E’π¬

542 1572 872 68 miſeræ illi conditioni, qua nunc premimur Deo

546 1620 867 66 vero ſeruientes, opponamus: tum vt hac cogita¬

543 1668 870 72 tione omnes afflictiones quas pro Chriſti nomi¬

543 1716 870 82 ne pati hîc neceſſe eſt, lubenter deuoremus, in i¬

1314 1780 99 70 pſius
