1500 2172
558 158 98 33 303

714 134 567 56 AD I. PAVL. AD TIM.

552 182 868 69 dignitate opinio. Primùm enim ſanciuerunt Ec¬

554 237 870 62 cleſiaſtici canones, vt vidua iunior, atque etiam

556 290 867 60 vt Monialis, quæ poſt votum nubit, inter diga¬

552 339 873 56 mos tantùm cẽſeretur, & reponeretur, can. Quot¬

556 387 866 52 quot 27. quæſt. I Poſt autem inualeſc ente ſuper¬

555 430 868 56 ſtitione ſancitum eſt, in eas aliquid acerbius. Vo¬

555 480 867 63 luerunt enim, vt ſi qua Monialis poſt votum nu¬

560 530 862 58 pſiſſet, vt non tantùm Sacramentorum vſu pri¬

556 579 864 57 uaretur: ſed etiam à toto Eccleſiæ cœtu excom¬

556 628 864 58 municaretur, quia votum de cœlibatu & conti¬

556 682 866 56 nenitia vibiarat, quou Deo gratum eſſe falſò &

556 723 864 62 inſulſè crediderunt. Eſt hæc pœna conſtituta in

556 771 870 66 can. Virgines 27. quæſt.1.qui ex conſilio Eliberti¬

560 822 316 63 no decerptus eſt.

606 858 818 74 Sed iam quæ ſint illa offendicula, quæ præbẽt

556 916 870 56 viduæ iuniores ad Diaconatum electæ videamus.

556 966 866 62 Sunt autem imprimis hæc duo nimirum, quòd I

555 1012 868 63 Inſtitutum vitæ genus in magnam contumeliam

556 1060 867 62 Chriſti commutant magnam animi leuitatem &

555 1112 867 58 carnis laſciuiã demonſtrantes. 2 In hoc ipſo vitæ

558 1160 866 63 genere ſuſcepto ſi perſtent, magna tamen Eccle¬

552 1208 870 62 ſiæ præbent offendicula, dum ſunt Otioſæ, Di¬

554 1256 870 64 ſcurſatrices, Nugaces, Garrulæ. Cæterum cùm

555 1306 867 57 improbat Paulus quod nubant hæ viduæ, quæ

555 1353 866 57 iam electę ſunt, non ideo facit, quaſi ſecundas nu¬

555 1406 867 58 ptias damnet, vel etiam tertias, & quartas, id

556 1449 866 62 quod Montaniſtarũ hæreticorũ, aut Papiſtarum

555 1497 867 66 Montanizantium propriũ eſt, ſed quòd tale quid

555 1546 868 63 fit, oritur ex animi magna, tũ Leuitate, quæ gra¬

554 1598 872 62 ues matronas & eas quæ ſunt hoc munus publicũ

554 1647 868 60 adeptæ, non decet: tum Laſciuia ſiue infreni ac

554 1692 868 64 indomita carnis petulantia, quam tamen abieciſ¬

555 1740 867 75 ſe debuerant, & exuiſſe. Id quod etiam cum Chri¬

1314 1794 111 78 ſtiani
