1500 2172
717 140 586 68 AD I. PAVL. AD TIM.

538 164 87 36 249

585 186 820 86 Α'ιτιλογία eſt ab effectu. Nec enim tales Dia¬

538 240 867 78 conos fruſtra à ſe requiri docet Paulus: ſed quis

537 290 868 76 ſit harum virtutum in illis fructus nunc oſtendit,

538 338 868 80 nimirum Gradus honoríſque in Eccleſia maio¬

538 392 868 76 ris commendatio, & Bonæ conſcientiæ, magnæ¬

546 436 861 78 que apud fideles libertatis & authoritatis com¬

544 492 862 70 paratio & teſtificatio. Hoc primum opponere

544 531 862 80 videtur Paulus contumelijs, calumnijs, conuitijs

544 580 864 81 & probris, quæ vulgò patiuntur ij, qui ſanctè &

543 633 864 76 ſyncerè Deo ſeruiunt, & ipſius Eccleſiæ mini¬

544 678 866 76 ſtrant, qui præ cæteris apud profanos homines

548 726 861 76 probris conſpui ſolent. Sed & hic idem effectus

549 774 862 80 Diaconatum tanquam præcipuum quoddam in

549 822 861 72 Dei Eccleſia munus cõmendat. Denique Diaco¬

549 878 864 72 nos iplos conſolatur, & docet grégem ipſum, &

548 918 866 81 ſingulos pios & fideles, quantum huiuſmodi per¬

552 966 864 81 ſonis, qui ſyncerè hoc munere vel funguntur, vel

550 1029 374 80 functi ſunt, debeant.

604 1116 812 88 14 Hæc tibi ſcribo, ſperans forevt ce¬

555 1188 406 64 leriùs ad te veniam.

600 1251 819 80 Παράκλνσις eſt, Conſolatur enim Timotheum,

556 1306 862 69 & admonet cur tam minutim ſingula ſit perſecu¬

560 1358 862 64 tus. Denique ſpem facit proximi aduentus ſui.

560 1401 861 74 Primùm ipſius Timothei cauſa, ne cùm ad ab¬

560 1452 861 72 ſentes literæ ſcribantur, exiſtimet velle Paulum

558 1498 861 72 diutius abeſſe, quàm Eccleſiæ vtilitas poſtulet.

560 1546 862 76 Ad tempus enim reliquerat Timotheum Epheſi

560 1596 866 72 Paulus, vt ipſe docuit cap.1. donec in Macedoniã

556 1641 862 78 ad conſtituendas Eccleſias proficiſceretur. Itaq;

555 1690 870 75 ne ſui promiſſi oblitus cenſeretur, aut hoc falſo

555 1738 870 87 prætextu Timotheum reliquiſſe, hoc addidit. Si¬

1317 1788 100 66 mile
