1500 2172
585 158 93 21 282

726 136 578 52 AD I. PAVL. AD TIM.

628 177 819 75 Εξήγησις, Rem enim ipſam & doctrinam illam

579 234 868 60 falſam iam explicat. Duas autem illius ſpecies e¬

580 284 866 57 numerat, nempe Ciborũ prohibitionem, & Cõ¬

582 333 864 63 ingij, ſiue quòd illæ tuncipræcpuè ſubnaſceren¬

580 381 862 63 tur: ſiue quòd primæ. Certè ex ijs duabus rebus

576 426 867 66 ſuperſtitioſè interdictis infinita poſtea aliarum

560 477 884 68 ſuperſtitionum ſcaturigo & congeries vel gene¬

576 528 866 60 ra ſunt nata, & ’inducta. Magno vero noſtro

573 573 870 66 bono explicatio harum hæreſcon & diabolicæ

573 618 867 69 doctrinæ à Paulo particularis addita eſt, ne vlli,

572 669 868 70 ac ne hæretici quidem ipſi, generalem illam falſæ

572 718 868 68 doctrinæ deſcriptionem à Paulo propoſitam à

568 770 864 68 ſe detorquere, & in alios torquere poſlent, eſſétq;

572 818 866 68 incertum, quinam hîc deſignarentur à viritu

567 880 870 51 laneto. Piuius autem promoitionis meminit E¬

572 912 867 68 piphan. in Collyridianis, vbi etiam tertium ca¬

570 963 868 66 put addit, nempe Mortuorum adorationem ſiue

567 1011 870 68 eultum. Meminit etiam Socrat.lib.2. cap. 43. Eu¬

564 1054 440 69 ſeb.lib.5. Hiſtor. Eccleſ.

610 1107 824 62 Hîc autem notandum eſt à Paulo non certas

564 1166 870 58 quaſdam perſonas, ſed doctrinam potius ipſam

560 1206 872 66 notari, quæ vel, In vniuerſum, vel In parte Cibos

566 1254 870 66 & coniugia prohibet, atque in earũ rerum abſti¬

561 1305 870 64 nentia cultum Dei & partem pietatis atque ſan¬

561 1350 870 69 ctitatis vitæ noſtræ conſtituit. Id quod prorſus

561 1401 438 62 cum verbo Dei pugnat.

610 1448 822 68 Ac plures ſunt ſectæ, quæ his Pauli verbis da¬

555 1497 876 69 mnantur. Primùm, quæ in vniuerſum damnarunt

558 1548 868 68 ea quæ hîc commemorantur, & quæ nobis con¬

555 1596 866 70 ceſſa eſſe Deus voluit. Deinde, quæ non in totũ,

555 1644 870 66 ſed ex parte tantùm hæc ipſa prohibuerunt, de

554 1689 872 69 quibus & hîc doctiſſimè Cal. & nos in lib. Augu.

555 1740 873 76 de Hæreſ. ad Quodvultdeum diximus. Manichæi

1308 1800 117 70 igitur
