1500 2172
540 160 874 86 Iura conſcientiæ & ſeruitutem peccati, à quanos

543 214 864 76 Chriſtus liberauit, cum iure politiæ & ſeruitute

542 264 870 80 hac corporis, quæ etiam in Eccleſia manet, & à

543 309 866 81 Chriſto ipſo ſublata non eſt, quia idẽ iubet red¬

543 357 867 86 di Cæſari, quæ ſunt Cæſaris, quæ diſtinguit ab ijs

548 411 860 72 quæ ſunt Dei. Denique Chriſtus ipſe tributum

550 471 856 66 Publicanis & Cæiaris onciatious perſoluit, ne

548 512 754 74 hîc latiùs hoc argumentum perſequamur.

610 604 804 86 2 Qui verò fideles habent dominos, ne

549 662 866 90 cos deſpiciant quòd fratres ſint: ſed potius

549 717 870 96 inſeruiant, quòd fideles ſint ac dilecti, vt

552 784 867 86 qui ſint beneficij Dei participes. Hæc doce,

552 854 294 62 & exhortare.

543 111 72 78 627

694 114 562 70 AD I. PAVL. AD TIM.

574 900 843 75 Ἀνταπόδοσις vel ſubiectio. Alteram enim pro¬

555 946 864 82 poſitæ dominorum diuiſionis ſpeciem perſequi¬

555 999 867 75 tur, eorum nempe, qui ſunt fideles, Pij, & Chri¬

554 1042 870 80 ſtiani domini, quibus quantùm ſerui Chriſtiani

556 1096 867 78 parere teneantur, docet hoc loco Paulus. Eſt igi¬

558 1143 867 78 tur hic alter canon. Serui fideles dominos Chri¬

560 1194 866 74 ſtianos quàm maximo honore colunto, & quã

562 1244 864 74 poſſunt ſummiſſè illis obſequuntor. Vtitur autẽ

561 1292 867 76 hîc pulcherrima ἀντιθέσει, qua non modò præce¬

562 1340 866 80 ptum hoc illuſtrat: ſed tacitè ſeruorum obiectio¬

561 1386 868 78 nibus reſpondet, contundítque præfractorum

564 1440 866 72 dura ingenia breui reſponſione. Ait igitur Pau¬

566 1485 864 75 lus, ſerui dominos fideles, Ne ſpernant, quòd

564 1534 867 70 ſint fratres, ſed Potius tantóque magis eos hono

564 1580 867 81 rẽt, quòd ſunt Fideles Dilecti, Gratię Dei parti¬

567 1634 864 74 cipes. Æquius eſt enim vt amicis obſequamur,

572 1684 860 70 quàm vel inimicis, vel hominibus non ita nos

567 1730 866 87 diligen tibus. Æquius eſt, vt manſuetis dominis

1347 1786 84 57 quis
