1500 2172
561 159 87 36 345

740 129 578 60 AD I. PAVL. AD TIM.

561 183 868 70 vel in ſeſe:vel in ſua doctrina ineſſe animaduertat

560 243 870 62 corrigat, & emendet. Denique ea vitia potius à

560 300 866 54 leiplo, quain ab anis difcat, ne videatur negligen¬

560 336 754 63 ter aut perfunctoriè officium ſuum facere.

634 384 794 60 Perſiſtat verò, id eſt, continuet, neque fatige¬

561 434 867 63 tur aut fathiſcat, néue ſuſceptum ſemel opus pro¬

562 480 862 68 pter infinitas penè moleſtias deſerat. Id enim eſt

561 531 866 60 non modò leuis animi: ſed etiam infidelitatis &

562 580 864 64 diffidentiæ de Dei miſericordia ſignum veriſsi¬

562 628 866 68 mum. Ergo perſeueret, quantunuis difficile opus

564 680 250 54 hoc videatur.

644 722 784 68 Finis tandem & fructus ſuauiſsimus, atque

562 772 868 64 adeò ſalutaris ſequitur, ſalus nimirum ipſius pa¬

562 820 866 60 ſtoris dum in munere ſuo obeundo fideliter Deo

564 870 864 68 paret. Habent enim in eo ipſo optimum miſeri¬

561 932 868 52 cordiæ Dei erga ſe teſtimonium paſtores, quia

562 968 864 63 opera bona ſunt noſtræ adoptionis & æternæ ſa¬

562 1016 866 58 lutis certa teſtimonia & indicia, præſertim quæ

562 1066 864 62 in cuiuſque vocationis opere implendo & obeũ¬

562 1114 572 63 do apparent 1. Timoth.2. verſ.15.

634 1160 796 62 Ipſius quoque gregis ſalus conſequitur, quia

566 1216 866 54 ea ratione & per miniſterium Euangelij Domi¬

564 1258 866 62 nus adducit ſuos ad ſalutem. Vnde Miniſtri Euã¬

567 1308 861 62 gelici ſunt ſalutis hominum miniſtri & organa.

564 1356 866 63 Deus autem ipſe eſt illius author & cauſa. Eadẽ

566 1406 866 66 phraſi alibi quoque vtitur ſcriptura, vt Iacob5.

567 1458 864 58 verſ.21. Prouerb. 23. verſ.14. Hæc autem magna

566 1503 868 63 laus eſt miniſterij Euangelici, per quod ſeruari

566 1554 866 64 dicimur, vti quod operarij cum Deo iidem mini¬

567 1604 476 75 ſtri vocantur 1. Corinth.3.

1232 1730 192 81 CAP. V
