1500 2172
363 150 264 34 CARVAV.

874 128 76 62 370

86 192 870 57 mana eluitas uecreume. Ita capneatur etiam can¬

86 231 333 63 Nullus diſtinct.63.

123 278 832 63 2 Obiicitur Paulus 1. Corin.5. qui conuocaſſe

87 327 867 64 videtur totam Eccleſiam, cùm ait verſ.4. vobis

87 375 867 66 & meo ſpiritu conuocatis in nomine Domini,

87 423 868 63 cùm de inceſtuoſo iudicando ageretur. Ergo ad

86 470 873 68 illius ſuffragia hæc cenſura pertinet.i. ad ſingulos

87 519 873 69 de populo. Reſp. Paulum decernere quidem quid

84 567 878 64 ſit faciendũ, ſed à Preſbyteris & à Senatu Eccle¬

87 616 876 70 ſiæ:id enim ſuffragijs populi non permittit. Ita¬

92 669 872 64 que non pertinet ad populum ea deliberatio:

87 716 874 68 ſed ad præpoſitos Eccleſiæ, populo aſſentiente.

90 764 872 64 Aiunt Quod ad omnes pertinet, ab omnibus fie¬

88 810 873 72 ri debet. Reſpond. ex Ambroſio in lib. de Digni¬

92 860 874 70 tate Sacerdotal. cap.3 Agi quidem debere à quo¬

92 910 870 68 que pro loco & munere, quod in Dei Eccleſia ge¬

92 958 874 64 rit. Aliud enim eſt, quod ab Epiſcopo requirit

98 1006 868 60 Deus: aliud quod à Laico. Sed cùm ſint paſtores

94 1054 873 63 & Preſbyteri Eccleſiæ ηγομενοι, ad eos cenſuræ iu¬

94 1104 872 68 dicium pertinet, ad quos eoſdem pertinet immo¬

92 1154 874 68 rigeros Deo diuini iudicii metu iniecto com¬

96 1200 868 70 peſcere. Ad totam verò Eccleſiam ſpectat diſce¬

94 1251 872 66 re alieno exemplo, quenque Deo rebellẽ pœ¬

96 1300 873 63 na eſſe dignum. ltaque publicæ cenſuræ in Eccle¬

98 1348 874 64 ſia fieri debent ad ipſius ædificationem, & vt in¬

98 1396 872 64 telligant omnes ſcelera in cœtu Chriſtianorum

99 1443 872 68 non eſſe tolleranda in can. Certum eſt 5 ſed ad¬

99 1492 872 63 huc 24. quæſt.4. Aliæ obiectiones afferuntur, ſed

99 1540 876 62 omnino leues Executioni igitur publicæ cenſuræ

99 1588 870 60 interuenire debet notitia & conſenſus Eccleſiæ

102 1638 868 66 audientis & admonitæ de pœna ſcelerati homi¬

104 1688 868 70 nis & obſtinati:ipſius tamen iudicium & execu¬

106 1737 770 75 tio ad ſolos præpoſitos Eccleſiæ pertinet.

718 1785 96 82 q.iiij.
