1500 2172
398 118 264 56 CAPVT V.

147 180 520 56 Ac primùm quidem primus.

906 111 62 80 556

148 218 816 68 Iam inde à primis Apoſtolorum temporibus

102 270 862 66 propter & Muneris eminentiam, & functionum

100 316 864 69 ipſarum Eccleſiaſticarum finem receptum eſt,

100 366 867 66 vt maior quędam ſanctitas à præpoſitis Eccleſiæ

98 412 866 68 requireretur, quàm à reliquo populo Chriſtiano.

104 464 860 66 Qui enim in eo gradu collocantur, vitæ exẽplo

99 510 866 68 cæteris prælucere debent, quemadmodum docet

98 558 867 69 Petrus. 1.Epiſt.5.verſ.3. Vnde à Chriſto appellan¬

98 609 864 66 tur & Lux & ſal terræ, in quo cæteri ſaliuntur.

96 656 864 68 Math.5. Neque modò in iis, quæ ad cultum Dei,

99 705 862 68 verámque vitæ reformationẽ & ſanctimoniam

96 758 866 60 pertinent, quale eſt vt ſcortatione abſtineant, fur

93 806 868 62 to, cæde, idololatria, hæc ſeuerior vitæ ratio in

96 850 866 66 præpoſitis Eccleſiæ requirebatur: ſed etiam in re

93 902 867 64 bus ἀδιαφόροις & mediis: & quæ etiam licent reli¬

96 950 866 68 quis Chriſtianis, nempe propter muneris ipſius

93 996 868 66 Eccleſiaſtici dignitatem & ſanctitatem, maio¬

90 1047 872 66 rémque commendationem. Vnde Paulus 1. Co¬

88 1092 866 72 rinth. 9. verſ. 27. ait ſe contundere corpus ſuum,

92 1143 864 64 & ſubiicere, ne cum aliis prædicauerit, ipſe re¬

92 1192 864 66 probus fiat, cedatque illiin exitium, quod

87 1239 873 69 ab aliis requirit. Et quæ ſecuta ſunt Apoſto¬

86 1287 870 70 los tempora auſteriorem, rigidiorem, ſeueriorém

92 1338 864 68 que ſemper præpoſitis Eccleſiæ, quàm reli¬

87 1388 868 64 quo populo, diſciplinam indixerunt, quemadmo

86 1436 870 63 dum & ex canonibus Apoſtolorum, qui dicuntur

86 1482 867 66 & decretis ſynodorum apparet, maximéque ex

87 1530 864 68 eo, quòd Theleſphorus Epiſcopus Roma. ieiu¬

86 1580 866 66 nium Quadrageſimale primùm ſolis clericis in¬

86 1626 866 69 dixerat, à quibus ſeruabatur, non etiam à reliquo

86 1674 866 84 Eccleſiæ populo, vt apparet etiam ex ipſo decre¬

729 1772 98 76 A.ij.

86 1725 62 66 to.
