1500 2172
372 159 309 32 CABVT III

912 134 66 66 154

110 183 870 63 mitates tantùm humanæ naturæ, & vitioſitatis

110 240 867 62 humanæ appendices & communes omnibus

111 286 866 63 hominibus propter inhærentem nobis pecca¬

108 334 870 62 ti originalis radicem. Peccata in futuro Epiſco¬

111 382 868 66 po ineſſe poſſunt, crimina in eo nulla ineſſe vel

110 430 870 66 tolerari debent. Itaque ſi quis ſit homicida, adul¬

110 480 872 64 ter, falſus teſtis, latro, pirata, vel ſeditioſus, Epi¬

110 530 872 68 ſcopus ne eligitor:electus per ignorantiam depo¬

110 582 870 63 nitor, vt eſt in Agathenſi concilio cap. 50. & in

111 626 868 66 canon. Si Epiſcopus diſtinct. 50. Idémque Am¬

111 706 476 34 brouus docet Eplitola ou.

153 722 826 63 Hîc autem variæ quæſtiones incidunt & oriũ¬

110 771 866 68 tur, quarum quaſdam tantùm, quæ ſunt vtiliores,

111 824 400 58 breuiter tractabimus.

154 867 825 68 Prima eſt, vtrum hac eadem voce irreprehen¬

105 918 874 66 ſus comprehendantur peccata quæ ſcelera qui¬

110 966 870 63 dem ſunt, publica pœna tamen minimè puniun¬

110 1016 866 63 tur, qualis ſub Paganiſmo idololatria: & in Papa¬

108 1062 867 64 tu, ſacrificium miſſæ, vt qui hæc admiſerit, id eſt,

110 1112 870 64 qui idololatra fuerit, qui Miſſam blaſphemam

108 1161 870 63 cantauerit eligi non poſſit in Epiſcopum. Nec

105 1209 873 63 enim iſta peccata publicè in Papatu accuſari poſ¬

104 1258 876 62 ſunt, nedum damnari. Reſpond. Diſtinguendum

105 1310 873 58 eſſe. Aut enim de eo quærimus, qui ignorans talis

105 1354 873 63 fuit: aut qui fidem Chriſti ſemel ſuſceptam abne¬

106 1402 870 66 gauit. Ignorans, & poſtea ad fidem conuerſus po¬

105 1452 874 64 teſt exemplo Pauli, fieri Epiſcopus. Non poteſt

106 1500 870 64 autem is qui ſciens & abnegata Chriſti fide talis

106 1548 870 63 fuit. Nec enim tam ſpectat Paulus in criminibus

106 1599 873 62 & vera infamia definienda, quid leges hominum

106 1650 874 58 ſtatuerint, quàm quid Dei verbum damnet. Ergo

110 1694 870 68 Chriſtianus qui defecit à fide, qui apoſtata fuit,

108 1746 873 74 qui Chriſtum abnegauit publicè, qui Chriſtum

714 1804 96 70 g.iiij.
