1500 2172
896 112 57 68 472

382 142 256 36 CANM V.

92 170 870 64 de quouis alio poteſt, præterquam in hoc caſu

94 220 867 62 verbo Dei expreſſo: ſi modò, qui accuſant non

92 267 868 63 ſunt omnino infames perſonæ: vt eſt præclarè re¬

92 314 870 68 ſponſum ab Euſebio Vercellenſi Epiſcopo, &

92 364 868 62 extat in canone De accuſatoribus3 quæſt.5. Pre¬

90 410 873 68 ſbyteri igitur admitti à collegis ſine teſtibus, iíſ¬

94 462 870 60 que duobus vel tribus, ne accuſatio quidem ipſa

94 513 868 62 poteſt. In quo eſt Preſbyterorum prærogatiua

93 561 868 62 præter cæteros homines hîc à Paulo expreſſa,

94 606 867 69 quia variis hominum calumnijs, multorúmque

92 656 386 64 inuidiæ ſunt obnoxij.

140 699 822 69 Teſtes autem eos hîc requirit Paulus, qui in

90 752 870 64 cæteros reos audiri & admitti poſſunt, non alios.

87 802 876 62 Ergo huius canonis & priuilegij ratio (in quo ter¬

86 846 876 64 tia hui' verſiculi pars poſita erat) apparet eſſe, nõ

92 898 870 62 quòd presbyterorum peccatis, & vitijs parcere

86 945 873 64 & conniuere ſuadeat Paulus (quos grauius pro¬

86 996 874 62 pter dignitatem peccare certum eſt) non quòd

90 1046 872 58 priuilegia fori & immunitatis perſonis Eccleſia¬

86 1094 874 60 ſticis tribui velit, qui Romanor. 13. omnes atque

86 1142 872 56 etiam paſtores ipſos magiſtratibus ſubditos

84 1190 874 63 eſſe iubet, vti & Petrus I.Pet.2.verſ.17. Non quòd

86 1242 872 60 ſemina odij & ſuſpicionum inter gregem & pa¬

82 1288 868 62 ſtorem ſerere, aut alere cupiat: ſed quòd rerum

84 1347 873 52 iplarum experientia doceat quoſdam odiſſe prin¬

86 1388 870 62 cipes & eos omnes qui ſibi præſunt: atque etiam

84 1436 872 60 tantam eſſe humanæ mentis malignitatem, vt eos

87 1480 868 62 qui vitia noſtra reprehendunt, maximè in odium

86 1530 868 57 ac inuidiam aliorum adducere conemur. Cui ma¬

86 1580 868 62 lo & effræni licentiæ occurſum eſſe ſapienti iſto

86 1628 440 58 remedio voluit Paulus.

129 1671 822 69 Illud autem priuilegium, vt Epiſcopi nonniſi

86 1724 864 88 a ſeptuaginta teſtibus, iiſque non Laicis homini.
