1500 2172
592 228 818 57 2 Ratio eſt, vt Spiritus ſancti dona in ele¬

540 279 873 57 ctum effunderentur, eúmque quatenus, quaque

538 327 872 57 menſura Dominus ipſe videbat conducere, im¬

543 375 864 60 pleret. Quod ipſum etiã tota Eccleſia pro electo

540 422 867 60 ſummis votis à Deo petebat. Vnde ab Auguſt.

542 470 868 64 manuũ impoſitio nihil aliud eſſe definitur, quàm

542 519 748 62 oratio ſuper hominem. de Baptiſmo lib.4.

585 568 822 63 Hæc tamen cæremonia, cùm ſit tantùm ritus

540 616 872 58 quidam, non vſque adeò certè neceſſaria eſt, mo¬

538 666 867 60 dò preces adhibeantur in confirmando electo,

536 714 868 62 & Eccleſia vniuerſa vota ſua eum eo coniungat,

537 768 866 56 vt ſpiritu Dei corroboretur. Id verum eſſe appa¬

534 810 868 63 ret, quòd Paulus ipſe non ſemper hac voce & cæ¬

536 861 868 60 remonia vtitur, cùm de electione Epiſcoporum

536 904 394 64 agit. vti Tit.1. verſ.5.

548 116 74 74 540

708 123 555 52 AD I. PAVL. AD TIM.

584 952 822 66 Deinde quòd etiam ipſis Papiſtis & canoni¬

532 1002 868 63 bus teſtibus, non requiritur hæc impoſitio ma¬

530 1054 872 54 nuum in omnibus ordinibus & dignitatibus Ec¬

530 1101 873 58 cleſiaſticis veluti in acolytho, & Subdiaconis or¬

530 1149 872 60 dinandis, vt expreſſe refertur can. Subdiaconus &

528 1197 868 68 cano. ſeq. diſtinct. 24. quicquid ibi gloſſa gloſſet,

530 1245 250 56 & diſtinguat.

582 1293 814 64 Tertiò, quod etiam ipſis Papiſtis teſtibus, vis

528 1347 868 57 tota huius impoſitionis manuum à precibus pẽ¬

526 1394 868 52 deat, nõ ab ipſo ritu & iniectione manuum in or¬

525 1443 873 56 dinandos, adeò vt ſit tantùm illa cæremonia ſi¬

526 1492 872 56 gnum quoddam externũ commendationis cuiuſ¬

524 1538 873 60 dam, quæ à tota Eccleſia fit Deo, illius perſonæ,

525 1587 874 58 quæ iam electa eſt, & quæ in poſſeſſionem ſui

522 1635 872 60 muneris eſt mittenda Vnde præter miſſa preca¬

520 1684 872 60 tione nihil omnino valet & efficit ipſa manuum

514 1731 876 78 impoſitio, etiam ab Epiſcopo facta vt eſt in cano

1138 1782 244 74 Quorundam

549 190 508 50 præſtaret, & efficeret talem.
