1500 2172
338 162 249 42 CAPVT V.

878 136 72 80 398

81 194 867 78 re Chriſtianũ quemlibet, ſiue marẽ, ſiue fœ minã

82 249 866 70 longe ſanctiori viuendi ratione omnibus innoteſ

81 297 868 69 cere, quàm infideles homines ſoleant: adeò vt

82 345 864 70 quæcunque vel honeſtas ipſa, vel iuſtitiæ & pieta¬

80 394 864 68 tis leges poſtulant, ea lubentiſſimè omnia præ¬

80 441 866 72 ſtare ſtudeat. Sic Chriſtus Math.5.verſ.46. Nã ſi

80 492 861 69 dilexeritis, eos qui diligunt vos, quã mercedem

75 538 867 69 habebitis, nonne publicani hæc faciunt. Eſt etiã

74 586 867 68 huius hypotheſeos & ſententiæ ratio apertiſſima

74 636 866 66 ex definitione Chriſtiani viri, & Chriſtianæ do¬

74 686 864 68 ctrinæ ſiue religionis. Eſt enim vir Chriſtianus,

74 738 864 66 qui cæteris hominibus vitæ ſanctioris facem in

69 782 866 63 omnibus præfert. Math.5. Eſt etiam Chriſtianiſ¬

68 831 864 69 mus vt Baſil. definit Homil.1o. in Examero. no¬

63 879 870 64 ſtra cum Deo ſimilitudo, quãtum humaha natura

62 926 867 74 illius capax eſſe in hoc mundo poteſt. Eſt igitur

63 978 862 70 vir Chriſtianus non tantum, vt cæteri, ad Dei glo

60 1023 864 74 riam natus: ſed ad Dei optimam ſimilitudinem

58 1078 862 68 & perpetuum obſequium deo præſtandum & for

58 1124 861 69 matus & intentus. Denique vt ait Paulus. 2.Ti¬

57 1173 858 66 mo.3.verſ. 17. ὁεην ἀνθρωπες τιὸς πᾶν ἔργον ἀγαθὸν

52 1215 868 74 ἐξηρτισμένος. Id quod de infidelibus hominibus di

54 1268 862 72 ci minime poteſt. Itaque Paul Rom.33. & Petrus

54 1316 862 72 I.epiſt. cap.3.latum diſcrimen inter fideles & inſi

52 1364 867 68 deles conſtituunt: veluti quòd appellanturfideles

50 1410 870 70 filij lucis, homines Dei, & ſerui Ben Hre infideles

51 1461 866 72 appellantur filij tenebrarum, filij diaboli, & ſerui

50 1510 866 69 peccati. Ergo hic canon eſt, Chriſtianus quilibet

48 1558 861 72 vt cæteris exemplum ſit pietatis, ſuorũ omnium,

44 1606 870 72 imprimis autem domeſticorum curã habeat. Qui

42 1653 868 70 ſecus faxit, fidem abnegaſſe, & infideli deterior

40 1702 867 74 eſſe cẽſetor. Voce προνοεῖν & Animi & corporis no

38 1754 868 80 ſtrorum curam complectitur demandátque Pau
