1500 2172
346 153 303 27 CARVT FII

886 126 58 64 184

74 178 870 66 tur quodammodo pars eſſe' externi ornatus, &

72 232 872 60 ſpecies quædam commendationis apud homines.

75 282 870 60 Imprimis autem in perſona, quæ quotidie in pu¬

74 327 870 64 blicum prodire debet, deformitas videtur eſſe o¬

74 375 862 64 dioſa & incõcinna. Vnde vulgò tritũ prouerbiũ,

74 426 867 62 forma digna imperio, & in Philopœmene (vt in

74 474 873 64 eius vita ſcribit Plutarchus) deformitas vultus

74 525 873 62 contemptum gignebat. Quamobrem quæſitum

74 574 872 60 eſt, vtrum qui non eſt integro corpore & toto

72 618 873 66 in Epiſcopum eligi poſsit & debeat. In quo di¬

70 666 873 62 ſtinguẽda eſt, Deformitas Αʹκαλλία, à Mutilatio¬

70 718 876 60 ne corporis, quam vocant, id eſt, à πειρώσει mem¬

74 766 873 60 brorum. Ac quidem de deformibus hæc regula

70 826 874 50 comrereuta cies vt detormes an Eecleliaſticis di¬

72 862 873 60 gnitatibus non arceantur adipiſcendis: nec ade¬

74 914 870 60 pti etiam deponantur. Deformitas autem elegã¬

70 962 872 62 ti formæ opponitur. Mutilatio autem integritati

69 1008 532 58 corporis. Itaque ab ea differt.

120 1056 819 60 Ergo de mutilatis & corpore vitiatis & trun¬

75 1107 866 58 catis hominibus tum Ilerdenſi concilio, tum ca¬

70 1155 868 63 nonibus Apoſtolor. tum reſponſis Pontificum,

72 1203 868 64 veluti Gregorij Maximi lib.2. epiſt. 25. ſtatutum

68 1269 873 48 eity ve qur ſeſpros ſerentes pruuemerque, & per

69 1305 872 58 impatientiam aliquo membro mutilarunt, ne di¬

76 1350 866 64 gnitatẽ Eccleſiaſticã adipiſcantur: & adepti de¬

74 1401 864 54 ponantur cano. Præcipimus diſtinct.34. & cano.

68 1446 870 64 Si quis diſtinct.55. Imprimis autem qui ſeipfos

68 1497 868 62 caſtrarunt, quia tales ſunt homicidæ ſui cano.22.

66 1544 276 60 Apoſtolorum.

114 1593 825 63 Qui autem vi & renitentes mutilati corpore

62 1641 876 62 ſunt aut caſtrati: vel ex iuſta honeſtáque cauſa id

63 1690 874 57 paſsi ſunt imſe fieri, veluti valetudinis tuẽdæ cau¬

62 1743 876 75 ſa, & ex concilio medicorum, vt ſanarentur à
