1500 2172
732 130 555 66 AD I. PAVL. AD TIM.

544 178 873 80 petit, non vnum tantùm, me authore, populo

546 231 872 76 proponendum eſſe:ſed duos aut plures. Vbi au¬

548 284 867 68 tem vnus tantùm idoneus eſſe poteſt, etiam in eo

549 327 867 78 ipſo liberam eſſe populi electionem deliberatio¬

549 378 868 74 nem, & aſſenſionem. dico adeò, vt ſi quem etiam

550 429 862 74 magis aptum agnouerit populus, aut vnus aliquis

550 474 866 76 è populo, de eo Presbyteriũ monere & poſſit &

554 530 864 68 debeat. Atq; hæc omnia quæ diximus in ordina¬

554 573 866 74 ria vocatione locum habent. Nam extraordina¬

552 624 822 72 ria vocatio alia eſt, quæ nulla habet pręcepta.

602 670 818 66 Secundum caput eſt. Quando electio ſit cele¬

556 717 868 72 branda. Reſponſio verò facilis eſt, nimirum vbi

555 768 868 72 prior paſtor vel defunctus eſt:vel legitimè depo¬

555 816 870 69 ſitus. Nam vel viuente adhuc, vel manente & of¬

558 862 868 75 cio fungente priori, ſecundus eligi non debebit

558 909 870 75 niſi fortaſſe in ſubſidium defeſſi, veluti ſi nimia

558 962 870 72 ſit iam ſuperſtitis infirmitas ſenectus morbus, cę¬

558 1011 873 74 citas, aut aliud quippiam ſimile, alius aduocari

561 1062 867 69 poteſt, qui illi primo tantum accedit, non autem

561 1107 867 74 ſuccedit, vt docet Socra.lib.7. cap.4o. Herun lib.

562 1156 866 72 8. cap.26. Bernard.epiſtola 126. & tota 7. quæſt.I.

561 1204 870 70 in Decretis reſponſum eſt. Quod ſi prior paſtor

561 1256 872 66 defunctus erat, illud ferè fuit obſeruatum, vt non

561 1304 872 70 niſi demum poſt tertium ſepulturæ diem in locũ

562 1350 868 74 defuncti de alio eligendo ageret Eccleſia, vt eſt

561 1400 872 68 in canone rranas i ontifice diſtinctione 79. Viri

564 1449 870 68 etiam graues, & Epiſcopi ſoarum Eccleſiarum

562 1497 870 69 amantiſſimi ſæpe ſibi Succeſſores ipſi deſigna¬

562 1548 870 68 runt, etiam viui quòd futurum periculum proſpi¬

562 1594 872 68 cerẽt in futura poſt ſuum obitum electione. Hos

561 1642 873 69 autemita ab ipſis deſignatos, poſtea populus at¬

562 1694 872 68 que vniuerſa Eccleſia comprobabat ant equã le¬

555 1740 882 82 gitimi fierent paſtores vti Auguſtinus & Athana¬

1370 1791 76 52 ſius
