1500 2172
340 159 352 33 CABVT. IIII.

904 120 70 75 272

96 180 878 75 uanda, 1 Quanti momenti ſit hæc prædictio. 2

102 236 870 66 Quid contineat. Magni enim eſſe momenti ex eo

99 284 874 68 apparet, quod ρντως, id eſt diſertè & præciſè à Dei

99 333 876 66 ſpiritu prędicta fuit, & reuelata. Etſi enim omniũ

100 382 872 60 eorum, quæ Paulus annuntiauit, Spiritus ſanctus

100 432 874 66 eſt author: hanc tamen tanquam ſpecialem quã¬

102 480 874 63 dam prophetiam & admonitionem vtilem futu¬

100 524 872 64 rã Eccleſiæ manifeſtauit, & obſeruari voluit Spi¬

102 573 873 68 ritus ſanctus. Quæri verò poteſt, vbi hoc prædi¬

104 622 874 69 xerit Spiritus. Reſpond. Alium librum, & alium

102 672 873 68 locum, quàm hunc ipſum, non eſſe quærendum.

106 717 870 72 Satis enim eſt hanc fuiſſe prophetiam, quæ Pau¬

104 770 874 68 lo & Eccleſiæ reuelata fuerit. Nec enim fuit Pau¬

104 818 873 69 lus mendax: ſed Dei propheta: & de his rebus,

105 866 874 68 vti de aliis multis, Dei voluntatem compererat

108 918 657 64 quemadmodum apparet ex 2. Teſſ.3.

153 960 824 72 Non poſſet fortaſſe prima fronte hæc doctri¬

108 1014 862 66 na, quæ hîc à Paulo damnatur, vti Dæmoniaca,

110 1060 866 68 & hypocriſis plena, tanti eſſe momenti videri,

110 1110 868 62 cùm de cibis tantùm agat, & matrimonijs. Re¬

108 1160 868 62 ſpondeo tamen cùm hac ratione veræ ſanctitatis

110 1208 870 63 definitio, & cultus Dei natura prorſus peruerſa

106 1257 874 66 fuerit, & in meram nõ modò ſuperſtitionem, ſed

108 1308 870 66 impietatem vel hypocriſin conuerſa, merito

110 1356 870 64 deteſtandam & periculi plenam dici & damnari.

111 1402 868 60 Cùm enim huiuſmodi ſententiæ inter Chriſtia¬

110 1450 872 68 nos obtinent, iam rebus externis alligatur vera

110 1504 872 62 ſanctitas. nimirum ciborum & coniugij continẽ¬

111 1548 870 66 tiæ. Deinde hac ratione cenſetur Deus melius

111 1598 870 68 coli. Demum hac feneſtra ſemel patefacta certa¬

114 1647 867 68 tim homines ex ingenij ſui vanitate in ἐθελοSoη¬

112 1696 873 62 σκέας ruunt, & Deum ex ſui animi commentis co¬

120 1746 864 75 lunt: non autẽ amplius ex ſacroſancto ipſius ver¬

684 1791 116 81 m.iiij.
