1500 2172
364 141 308 74 CAPVT III.

909 150 52 84 128

150 254 816 66 In electione autem perſonarum Eccleſiaſtica¬

100 308 846 62 rum tria quæri & poſſunt, & ſolent. Nempe 1

104 356 860 63 Qui eligendi ſint. 2 A quibus eligẽdi. 3 Quo¬

102 406 866 57 modo eligendi. Quod vltimum caput de forma

100 450 866 64 electionis agit. Hîc de perſonis, quæ eligi poſſunt

100 502 866 58 alibi in hac ipſa, & de ijs, ad quos ius eligẽdi per¬

102 549 864 56 tinet & de legitima electionis forma: dicetur.

104 598 864 60 Primùm enim eſt naturâ, vt ſint quædam perſo¬

102 645 864 64 næ, quæ eligi poſſint, de quibus idcirco primo

102 693 369 56 loco fuit dicendum.

148 740 818 63 Agit autem Paulus hoc toto capite de Epiſco¬

100 790 864 62 pis, & Diaconis. Attamen aliæ ſunt Eccleſiaſti¬

102 840 866 57 cæ & neceſſariæ dignitates præter Diaconos &

100 888 866 63 Epiſcopos, quales Presbyteri, de quibus nihil

102 938 862 58 penitus hoc loco traditum eſſe à Paulo quidam

100 982 862 57 exiſtimant. Volunt enim Presbyterorum ele¬

100 1032 864 66 lectionem explicari in Epiſtola ad Titum cap.1.

104 1083 860 62 Hîc verò Epiſcoporum. Sed falſa eſt eorum ſen¬

102 1131 860 57 tentia. Eoſdem enim vocat Paulus Preſbyteros

102 1182 858 63 & Epiſcopo, svti apparet ex cap.1. verſ.5, & 7. E¬

104 1230 861 60 piſtolæ ad Titum. Atque etiam ex 1. Pet.5 verſ.1

102 1276 861 62 & annotat cum Chryſoſtomo Hieronym. ex qui¬

102 1326 861 62 bus Iſidorus didicit, cuius dictum eſt in canone

104 1374 861 63 Clero. Et clericos 5 Presbyter diſtinct.21. Itaque

102 1431 861 56 priuſquant du ba, juu metradit d præcipit Pau¬

102 1473 860 58 lus, accedamus, illud explicandum eſt, vtrum i¬

104 1521 858 58 dem ſit Epiſcoporum, & Preſbyterorum, de qui¬

102 1568 862 57 bus in ſacra ſcriptura & præſertim in Apoſtoli¬

104 1617 858 60 cis ſcriptis fit mentio, nomen, dignitas, vocatio,

104 1664 860 63 munus, & præſtatio. Nam Diaconi ab Epiſcopis

100 1712 861 64 hîc diſtinguntur & ſeparantur aperté. Preſbyte¬

100 1762 862 63 rivox. Græcis eſt πρεβύτερος. Itaque eſt Græca

100 214 576 57 Paulus præfatione etiam ſancit.
