1500 2172
363 132 309 30 CArvIe v

914 98 64 68 682

106 146 873 76 in Capitalia, & Subnaſcentia, ex illis capitalibus.

156 204 820 69 Capitalia conſtituunt ex Gregorio Magno

110 252 872 69 lib.31. Moralium ſeptem, nempe, Inanem gloriã

111 302 868 68 Iram, lnuidiam, Accidiam, Auaritiam, Gulam,

114 350 867 70 Luxuriam. Itaque quærunt qua ratione hîc à

116 399 866 69 Paulo auaritia radix omnium malorum dicatur,

116 460 868 57 cum præter cam ana quoque me capdalia vitia.

117 494 868 76 Sed ita hoc à Paulo de auaritia dicitur, vt de alijs

118 561 410 56 quoque non negetur.

165 588 822 75 Maior difficultas eſt, quòd quidam cenſent à

118 642 868 68 Paulo mutatam eſſe quæſtionem. Cùm enim

118 688 874 70 de ριλοπλυσία ſuprà ageret, nunc de φιλαργυρία eũ

118 738 884 72 diſſerere putant, & ad eam argumentum trãsfer¬

118 786 878 74 re, cuius incommoda & effecta recenſet, nõ autẽ

120 834 873 72 φίλοπλοσίας. Sed reſpondeo etſi diuerſo vocabulo

123 886 874 68 Paulus vtitur, rem tamẽ eandẽ vtroq; ſignificari.

126 932 872 74 Nã & qui diteſcere volunt, ſunt φιλάργυεα & qui

129 984 868 70 ſunt φηλάργυες cupiunt diteſcere, ſunt ρiλo¬

126 1032 867 68 πλύσον Quod autem quidam quærunt quomodo

128 1077 870 72 Paulus dixerit ἡς τὶς ἐρεγόμενοι referẽs ad auaritiã

129 1131 868 63 vocem ῆς, cùm nemo auaritiam appetat, ſed aurũ

129 1184 868 63 ſabet lacnem rcipounonem. Nec enim refert

129 1224 870 72 Paulus vocemῆς ad totam φἰλαργυειας ſignifica¬

129 1274 870 72 tionem: ſed ad poſtremam tantùm compoſitio¬

132 1326 867 68 nis ipſius vocabuli dictionẽ nempe ἀργυρίας, quæ

135 1370 868 74 & ἀπὸ τῶ ἀργύρς & ἀργυρίς deducta eſt. Significat

135 1420 870 72 autem & argentum & nummum. Vtrunque autẽ

138 1473 622 68 auari expetunt, & ardenter ſitiunt.

183 1516 824 69 φιλαργυρίας autem voce ſtudium pecuniæ ma¬

141 1566 867 72 nifeſtiſſimè deſignat Paulus: ſed & omnem quo¬

147 1612 864 72 que rei cuiuſlibet turpis & vitioſę immoderatã

148 1662 862 74 appetitionem, in vniuerſum complectitur. Qã¬

153 1713 860 82 quam enim ἀργύρον vna quædam earum rerũ ſpe¬

718 1756 112 75 F.iiij.
