1500 2172
704 124 576 58 AD f. PAVL.AD TIM.

537 153 86 39 501

532 171 874 76 bera adhibent, vbi verba & ſanctas exhortatio¬

532 226 873 69 nes aut admonitiones afferre & in promptu ha¬

531 282 873 63 bere debebant: non autem ad eos, qui in ſuos do¬

532 327 492 69 meſtica diſciplina vtuntur.

584 368 826 76 Denique quæſitum eſt de Epiſcopo, vtrum ad

534 418 870 68 bellum proficiſci poſsit, in acie armatus ſtare,

532 471 874 64 duellum ſibi delatum committere, & acceptare.

534 520 873 69 Denique torneamenta, quæ vocant, vel ipſe obi¬

532 567 868 68 re, vel ſpectare? Ac quidem quod ad militiam

534 616 867 72 pertinet, ſcripſit Origenes Homilia 6.ad cap.8.

536 663 872 68 Leuit. Eſt & aliud opus, ait, quod fecit Moſes, ad

536 716 872 64 bella non vadit, non pugnat contra inimicos. Sed

537 760 870 72 quid facit? orat. Id quod eſt relatum in canon. Si

537 813 872 63 quis vult diſt. 36. Adeò vt vetentur clerici manu

538 856 868 74 authoritatéq; propria ipſi in hoſtes arma ſume¬

536 908 872 69 re, & cum aliis fidelibus (nam de infidelium ex¬

537 958 872 68 ercitu dubitandum non putabant, quin omnino

534 1002 873 70 ab eo Epiſcopi abeſſe deberent) ad arma cõcur¬

531 1053 878 69 rere, in hoſtẽ pugnare, ſéq; illi obiicere. Id quod

534 1102 876 68 cùm fieret à Gallicanis Epiſcopis & Siculis repre

532 1150 879 69 henſum grauiter eſt, vt eſt in can. Reprehẽſibile &

534 1200 874 70 can. Si quis Epiſcopus S repreheduntur 23. quæſt.

532 1250 872 68 8. Nã prorſus abeſſe à conſiliis pugnæ, ſecularíſq;

536 1296 873 68 militiæ negotiis Epiſcopos oportere ſancitũ eſt

534 1344 872 64 ſynodorum decretis propter illud Pauli 2.Timo.

534 1392 873 69 2.verſ.4. Nemo militans Deo, implicat ſe ſecula¬

532 1443 874 68 ribus negotiis. Sed etiam ab omni cædis humanæ

532 1494 873 66 participatione oportere eoſdem immunes eſſe

530 1540 880 66 decretum eſt, quòd ea res pertinere videretur

530 1588 874 66 tum ad tuendam miniſterii Euangelici innocen¬

534 1641 870 62 tiam & ſanctitatem: tum etiam ad authoritatem

531 1688 870 64 illius commendãdam & augendam apud omnes

530 1734 872 86 Braccarenſ. Synod.cap.26. & eſt in canon. Si quis

1245 1785 154 72 viduam
