1500 2172
704 120 561 64 AD I. PAVL. AD TIM.

540 141 98 44 153

540 160 873 78 ſunt reiiciendæ, nec nobis Euangelij lucem ade¬

540 214 873 74 ptis iam retinendæ, vel in Epiſcoporum electio¬

537 264 874 69 ne requirẽdæ, & obſeruandæ. Nec ferè locus eſt,

543 314 872 72 quẽ ſcupuloſius canoniſtæ tractarint, quàm hic

542 363 872 68 qui eſt de clericorum & Epiſcoporum electione

542 416 872 64 vti apparet tota prima parte decretorum & à di¬

540 460 872 69 ſtinct.23.ad 1o2. Nos quantum videbitur, & ad v¬

538 510 872 63 ſum noſtrum, & ad Eccleſiæ Papiſticæ perturba¬

538 562 874 66 tionem & συνχύπν patefaciendam, ex illis etiam

537 610 876 64 hauriemus. Primùm igitur ait, Irreprehenſibilem,

538 657 874 69 vel irreprehenſum. Paulus in Epiſtola ad Titum 1.

538 706 876 68 verſ.7. ἀνέγκλητον, id eſt, non à quoquam publici

537 758 876 63 criminis accuſatum, ſed inculpatum. Ratio eſt,

543 802 870 68 quòd multum de dignitate & authoritate Epi¬

542 852 876 66 ſcopi & paſtoris detrahit publica nõ tantùm ſce¬

540 902 878 64 leris damnatio:ſed etiam accuſatio, quia in ea

542 950 873 69 perpetrati criminis ſuſpicio quædam ineſt, quan¬

542 1002 872 62 quam non eſt conuictus. Et qui cæteros repre¬

538 1047 878 63 henſurus eſt, debet ne ſordeſcat eius admonitio,

538 1095 879 66 omnibus vitijs carere. Debet enim omni vitio

538 1144 879 63 carere, qui in alterum dicere paratus eſt, vt ait M.

549 1192 866 66 Tull. Iſtud vero Pauli dictum, vt ſit irreprehẽſus

540 1240 873 70 Epiſcopus, de publica infamia & de eo ſcelere,

537 1288 876 68 quod accuſatione publica obnoxium, aut dignũ

538 1340 873 63 eſt, intelligitur, quo carere & illius accuſatione,

540 1390 874 60 debet futurus paſtor: non autem de peccato vel

537 1437 882 63 infirmitate qualibet accipitur, cui etiam optimi

538 1488 879 62 quique ſunt obnoxij, vt ea in futuro Epiſcopo

537 1533 880 66 nulla ineſſe omnino poſſit. Ἀνέγκλητοι quidem

537 1582 879 66 eſſe poſſumus, Αυναμαότητοι verò eſſe nõ poſſumus

538 1635 879 62 Peccatorum igitur, vt docet etiam ſæpe & appo¬

534 1683 884 62 ſitè quidem ad huius loci explicationem Augu¬

537 1728 880 94 guſt quædam ſunt Crimina, & Peccata, vel infir¬

1269 1782 148 86 mitates
