1500 2172
322 148 266 28 CAPVT.V.

849 120 72 68 596

66 171 860 76 tur quis è Dei Eccleſia, populo per paſtorem, vel

66 236 860 60 Preſbyteros ſignificetur apertè, non autem oc¬

68 284 861 58 cultetur, ne ſit alijs inutilis iſta cenſura. Qua autẽ

64 332 861 60 forma verborum debeat fieri, diſputatum eſt. Et

64 378 864 60 certè varia & diuerſa verborum formula vſa eſt

66 424 856 68 ſemper Eccleſia pro locorũ, rerũ, & factorũ, de

68 477 860 62 quibus agebatur, varia ratione. Eius rei exempla

68 524 861 64 extant apud Syneſium Epiſcopum epiſtola 58.&

68 574 861 58 66. & apud Euagrium hiſtoricum lib.4 cap.38.

69 622 856 62 Qui enim putant his Pauli verbis vtendum præ¬

66 666 862 62 ciſè, Tradimus Satanæ ad interitum carnis, vti eſt

68 717 862 62 1.Corinth.5. verſ.5.1. Timoth.1. verſ.2o. ſunt ni¬

68 766 866 60 mium in verbis religioſi. Deinde vim illorum

68 814 862 62 verborũ Tradimus Satanæ ad interitum carnis, nõ

66 862 862 63 rectè capiunt & intelligunt. Ideo enim tradit Sa¬

66 914 860 57 tanæ Paulus, vt caro, id eſt, vitioſa animi libido

66 962 860 63 in ijs intereat prorſus: nõ (vt interpretatur Au¬

68 1011 856 62 guſtinus lib.3 cap.1o. contra Parmenia. & Greg.

66 1059 862 60 in Leuit. Homil.15)in carnis & corporis afflictio¬

64 1106 862 66 nem. Nanq; hoc falſum ſæpe apparet. Neque e¬

64 1160 866 60 nim omnes excommunicati in carne & corpore

63 1203 868 66 ſuo hîc viuentes cruciantur & vexantur à Diabo¬

64 1252 864 63 lo. Vixit enim Iulianus apoſtata ſanus corpore,

64 1300 867 58 & validis membris etiam excommunicatus. Sed

64 1354 866 58 oſtendit Paulus finem excommunicationis, Ni¬

64 1400 864 62 mirum, vt praua animi libido euellatur in ijs, per

68 1448 864 63 quam Dei verbo ſunt immorigeri: & ſpiritus, id

66 1494 868 66 eſt, vis & afflatus ſpiritus Dei ſit in illis ipſis po¬

66 1546 866 58 tens, & viuus. Ergo hæc verborum forma libera

68 1594 862 58 eſt, modò vis excommunicationis & iſtius cen¬

68 1642 318 62 ſuræ exprimatur.

102 1684 831 70 Quinto loco quæritur, quando fieri debeat ex¬

68 1743 864 87 communicatio, an ſtatim atque quis publicè de
