1500 2172
360 158 304 33 CABVT III

914 122 68 78 272

147 177 834 75 V'iſus ſiue conspectus ab Angelis.) Hæc eſt ſe¬

102 237 874 62 cunda pars, quę continet teſtimoniũ Angelorum

102 284 876 60 de præcedenti myſterio. Auget autẽ hæc circun¬

102 334 879 58 ſtãtia hoc miraculum, & Dei potentiam, quæ

102 381 876 60 in hoc fidei noſtræ myſterio eluxit: quod nõ mo¬

105 429 876 64 dò homines ad tantæ rei dignitatem, id eſt, Chri¬

102 478 879 63 ſtum hominem factum eſſe obſtupuerunt: ſed

105 524 874 66 Angeli etiam ipſi illud idem videre geſtierunt,

104 576 874 62 & videntes delectati ſunt, Deúmque laudarunt,

104 622 876 68 ſúntque admirati. Hæc enim omnia complecti¬

104 674 874 66 tur hæc Pauli ſententia de Angelis, vt apparet ex

104 722 874 64 Luc.2 verſ.14. Viderunt igitur hoc Angeli, quaſi

102 770 879 60 rem ſibi nouam & admirabilem. Etſi enim illi

104 816 878 60 ſaluandum eſſe aliquando mundum ſciebant, &

104 862 876 69 Chriſtum hominem futurum, & occidendũ præ¬

104 914 876 68 dixerat etiam ipſe Gabriel Angelus Danie.9, ſin¬

105 963 876 66 gula tamen myſteria, & Dei miracula, quæ in hac

105 1012 874 62 incarnatione, paſſione, & reſurrectione Chriſti

106 1060 873 60 facta ſunt, & futura erãt, ipſúmque adeò modũ,

108 1119 873 58 priurquam illa nerent, ignorabant. vnde Angelis

108 1158 873 62 ipſis admirabile fuit hoc tantum Dei opus, quod

106 1208 873 58 Euangelico tamen miniſterio prædicatur, & di¬

105 1258 873 62 lucidè explicatur. Hos autem Angelos teſtes

105 1306 870 64 hîc produci huius tanti myſterij certum eſt, quò

108 1356 654 62 certior ſit fides noſtra, & auguſtior.

154 1402 825 63 Prædicatus eſt Gentibus) Tertia pars huius ex¬

110 1450 872 66 plicationis, & myſterij, in qua non minus ſummũ

111 1500 870 63 Dei arcanum, quàm in ſuperioribus, continetur.

111 1546 870 69 Eſt autem manifeſtatio tanti myſterij facta ho¬

112 1596 868 63 minibus, quæ & ipſa planè eſt miraculoſa. Nam

111 1650 870 62 facta eſt & excepta à Gentibus, quæ erant antea

112 1695 759 68 prorſus infideles & à Deo omnino alienæ.

166 1744 816 86 Quarta verò pars nimirum de gloria Chriſti,

718 1806 105 57 m-iij.
