1500 2172
534 184 87 38 438

734 154 534 60 AD I. PAVL. ADITIM

534 190 866 81 Deo dicebãtur, manebant nõ in vllo monaſterio

534 248 867 80 & ſimul, etiamſi in eadẽ ciuitate plures huiuſmo¬

534 297 867 78 di eſſent. Atque etiam ſæpe ipſæ domos ſeorſim,

537 345 866 78 quæque ſuã, habebant, ex quibus vel ſolæ, vel co¬

537 394 864 80 mitatæ cùm volebant, & cùm libebat egredie¬

537 442 868 76 bantur, nihilque à cæterarum virginum cõditio¬

537 492 870 78 ne differebant, niſi quòd eas cæteris caſtitatis ex¬

538 542 867 75 emplum eſſe oporteret. Id apparet ex can. Nu¬

540 588 870 80 ptiarum 27. quæſt. 1. Quin etiam poſtea eædem, ſi

543 644 867 72 volebant, poterant nubere. Et quanquam in eo o¬

543 688 866 78 pinione quadam leuitatis apud pios grauabantur

546 736 864 78 propterea tamen neque ſacra Cœna ijs interdi¬

546 783 866 74 cebatur, neque etiam ipſæ Eccleſia excommu¬

543 832 870 74 nicabantur, vti poſtea factum eſt. Hoc igitur ma¬

543 878 873 76 li initium & exordium fuit, ſed latiùs poſtea Sa¬

544 928 872 76 tanæ aſtu prouectum atque propagatum eſt. Pri¬

546 978 868 74 mùm quidem his nominibus vocari cœperunt,

548 1024 870 78 vt Moniales, Sanctimoniales, Virgines & Nonnę

548 1072 872 80 dicerentur. Poſtea verò Monachæ & ad propha¬

548 1120 874 74 narum imitationem, virgines Veſtales: ad quarũ

549 1176 872 66 inſtituta reuocatæ vetitæ ſunt, ne priuatas ædes

550 1216 873 76 haberent, id eſt habitacula vel cellulas feorſim

552 1266 870 80 incolerent: ſed iuſſæ ſunt vt in communi habita¬

552 1316 876 78 rent & viuerent. Hoc primum fuit, deinde fancirũ

554 1365 872 74 eſt, ne aliæ Sanctimoniales cenſerentur, quàm

558 1413 866 80 que uiedi Monaſterio certo, certæq; regulę ſeſe

555 1460 873 78 in perpetuũaddixiſſent can. Pernicioſam 18 queſt.

558 1510 868 78 2.concil.tamẽ Agath. vetabantur iſta Monacha¬

558 1558 873 76 rum Monaſteria & cellæ (quibus iſtæ conclude¬

555 1608 880 75 bantur) iuxta Monachorum & virorum caulas &

554 1654 879 76 luſtra propter periculum & offendiculum ædifi¬

549 1702 882 75 cari, vti eſt in cano. Monaſteria puellarum quæſt.

549 1752 880 87 2Cœpta ſunt autẽ ædificari earum cœnobia ma¬

1304 1800 124 62 ximè.
