1500 2172
376 159 302 38 CAPVT III.

903 123 52 78 228

88 184 870 68 aurea: ipſi verò facti ſunt plumbei. Bernard.epi¬

86 242 867 58 ſtola 78. deteſtatur quendam ſui ſeculi clericum,

87 290 870 64 qui & Diaconus eſſet, & Decanus, & regius dapi¬

86 345 876 62 fer, quod intolerandum eſſe docet in Dei Eccle¬

84 388 72 56 ſia.

135 430 820 70 Cæterum qui id Epiſcopis licere putant, ſecu¬

86 486 870 62 laribus ſe negotiis nimirum immiſcere & impli¬

87 536 873 60 care, aliquot rationes afferunt, quas operæpretiũ

86 591 868 51 eſt examinaſſe, vt intra ſuos fines & à Deo præ¬

86 632 872 58 ſcriptos, tandem verus Epiſcopatus, & verbi Dei

87 682 688 57 miniſterium reuocetur & coerceatur.

134 728 822 58 Prima eſt ex Deuteron.17. verſ.9. vbi Sacer¬

86 777 872 57 dos Magnus & Leuitæ conſtituuntur iudices cau¬

84 824 872 60 ſarum, & litium. Ergo ſecularibus negotiis ſeſe

84 873 872 60 immiſcebant. Reſpon. Cùm Dominus politiam

82 927 872 58 ipſam, quam in ſuo populo vigere volebat, ſuo

86 974 866 56 verbo comprehendiſſet, cuius interpretationem

82 1020 864 56 commiſerat Sacerdoti ſummo, & Leuitis Malac.

87 1071 862 58 3 æquum tunc erat, vt in dubia interpretatione

82 1118 873 63 legis politicæ, quæ Verbi diuini pars erat, ad

86 1172 866 58 eos recurreretur. Sed nunc leges politicę à verbo

82 1218 868 60 Dei ſeparantur, nec eo comprehenduntur, vt

68 1264 884 62 olim. Præterea ad ſacrificatores tantùm recurre¬

82 1312 867 62 batur, ſi de interpretatione alicuius loci, & legis

80 1362 876 63 ſcriptæ dubitatio naſcebatur, non in quauis con¬

81 1412 870 60 trouerſia, nec cùm erat quæſtio facti. Tunc e¬

80 1460 826 60 nim ad alios iudices remittebatur diſceptatio.

128 1506 819 63 Secundò obiicitur cano. Ecce plenariè diſtin.

81 1554 867 63 39. exemplum Chriſti, qui turbis ſequentibus nõ

76 1604 870 56 tantùm ſpiritualia, ſed etiam carnalia, veluti ci¬

76 1653 872 62 bũ, dedit. Debere igitur Epiſcopos carnalia ſuo

75 1701 874 64 gregi adminiſtrare. Itaque debere implicari ne¬

76 1750 872 81 gotijs ſecularibus. Reſp. Extraordinaria Chriſti
