1500 2172
364 153 309 39 CAPVT III.

904 114 70 94 194

108 184 870 68 tur & legantur quidẽ ſeculares literæ:itémq; aliæ

105 243 872 58 artes ediſcantur, ſed ne verbo Dei, eiuſque le¬

105 288 873 63 ctioni præferantur ab vllis Chriſtianis, nedum

106 339 870 62 ab Epiſcopis. Ex quo fit, vt rectè reprehen¬

105 387 864 60 ſus ſit à Gregorio Magno Epiſcopus quidam,

106 432 868 68 qui in cœtu Eccleſię pro eo, quod debebat ipſam

105 486 870 62 Euangelij doctrinam explicare, & populum ex¬

104 536 872 57 hortari, ex ea conſolari, & docere, Grammatices

104 584 872 57 rationem in ſuis concionibus exponebat & per¬

105 628 872 63 ſequebatur, vti qui hodie in Actis Apoſtolorum

105 678 872 57 aut veteri teſtamẽto interpretãdo, in ſola Chro¬

105 728 872 63 nologiæ vel Topographiæ ratione, & deſcriptio¬

104 777 873 58 ne explicanda toti ſunt & immorantur. Vnde

105 822 872 60 mira & damnanda fuit Heliodori Theſſalonicẽ¬

104 870 873 62 ſis clerici reſponſio, qui cùm interpellaretur vt

105 918 870 64 fabuloſam illam Æthiopicam Hiſtoriam à ſe cõ¬

104 968 870 64 ſcriptam, quæ tota amoris inſani imaginem pin¬

110 1018 866 60 git, deleret: reſpondit, ſe malè Epiſcõpatu priua¬

104 1066 872 58 ri, quàm vt huiuſmodi ſcriptũ ſuum periret. Hoc

106 1126 868 51 igitur vt non decet Eplſcopum: ita nec illud tam

105 1166 867 62 eſſe cõmunis literaturæ ignarũ, vt ſi Latinè loqui

106 1210 866 68 cogatur, barbariſmos aut ſolœciſmos ridiculè

106 1264 868 62 committat. Quanquam propterea tamen non erit

108 1314 866 54 is à munere ſuo deponendus, quemadmodum

110 1359 776 62 ſcribit Auguſtinus de Catechizand. Rudib.

152 1412 820 57 Hac autem voce Αιδακταὸν continetur & illud,

106 1455 867 63 vt Epiſcopus ſit prudens & ſciat οὐρθοτομεῖν, verbũ

108 1506 866 62 Dei(vt loquitur Paulus 2.Timot.2.verſ.15.) id eſt,

110 1554 864 63 verbum Dei pro tempore, perſonis, locis cuique

106 1602 867 62 ad ædificationem applicare. Docebant autem oe

110 1652 866 62 lim Epiſcopi ſtantes, & κολοβίωνα induti vt dicit

108 1698 868 62 Epiphan. hæreſ. 69. de Arrianis. Eſt autem κoλο¬

106 1749 868 74 éιoν breuis tunica ſine manicis & pectore tenus

730 1796 58 76 1j.
