1500 2172
350 162 326 32 CABVT IIII.

891 135 70 88 334

90 184 872 80 Spiritus ſanctus & ſeq. verſiculo. Quæ ſit autem

90 246 873 68 ſententia huiue oracomo uoproapehv. 15. fuſius

92 296 240 62 ex poſuimus.

147 348 808 82 10 Nam idcirco etiam fatigamur, &

90 412 874 78 probris afficimur, quòd ſperemus in Deo vi¬

92 478 868 64 uo, qui eſt conſeruator omnium hominum,

88 530 489 64 maximè verò fidelium.

136 580 825 69 Occupatio eſt, quæ per digreſſionem iniecta

87 630 873 68 eſt, ne ſuperior illa pietatis commendatio falſa

86 680 876 64 eſſe cenſeatur, propter varios rerum euentus &

87 728 873 68 duram piorum ſortem, quæ in hoc mundo pror¬

84 774 872 70 ſus miſera eſſe apparet & afflicta, tum in corpore

87 824 868 69 ipſo, tũ in honore. Reſpondet autẽ & negat eam

86 872 870 68 ſortem Paulus propterea eſſe miſeram & infeli¬

84 922 868 68 cem exiſtimandam, ídque reſpond. propter Cau¬

84 980 867 63 ſam propter quam patiuntur, pij: & Exitum, qui

86 1020 867 66 cernitur, & inde ſperatur. Acfinis ſiue cauſa,

87 1066 862 69 propter quam pii affliguntur, præclariſsima eſt.

84 1112 868 72 Eſt enim pietas & ipſa doctrina cœleſtis, & ſpes

82 1166 782 63 in Deo viuo, non in idolis, qua nihil melius.

126 1212 825 68 Exitus etiam lætus & felix eſt. Id quod pro¬

81 1262 868 68 bat argumento ſumpto à minori ad maius. Deus

81 1311 868 66 enim, qui omnium hominũ eſt conſeruator, mul¬

82 1358 866 66 tò maximè ſuorum & fideliũ cuſtos eſt & libera¬

81 1407 870 62 tor. Hæc eſt ſumma totius doctrinæ Pauli. Diſpu¬

81 1456 868 68 tat Chryſoſt. atque ambigit, vtrum vox συτὴρ hoc

82 1504 864 66 loco referri ad vitam, & ſalutem æternã debeat.

84 1551 866 66 Sed hîc non poteſt. Neque enim omnes homi¬

82 1604 866 60 nes vitam æternam conſequuntur, ſed ſoli fide¬

82 1647 867 68 les, quanquam tamẽ omnium eſt cuſtos, conſer¬

88 1698 861 68 uator, & benefactor Deus, vt eſt Pſ.36. quatenus

86 1749 860 78 nempe omnium hominum eſt creator & opifex.

728 1803 56 84 P.j
