1500 2172
345 146 298 24 CXPVT. VI.

874 117 69 63 710

92 165 856 75 perhibendo exhortationem erat aptiſſimum. Eſt

92 222 855 62 autem illa confeſsio Chriſti, de qua loan.18.verſ.

93 264 855 76 37 mentio fit, & per quam conſtantiſsimè in ipſo

92 320 856 60 mortis periculo comparens coram iudice ſuo ſu¬

92 363 854 72 premo in his terris veritari Dei, ac Euangelio a¬

92 414 861 66 pertiſsimum atque luculentiſsimum teſtimoniũ

92 462 860 64 reddidit. Itaque ipſius etiam iudicis mentionem

90 510 861 66 fecit Paulus, vt & periculi magnitudo, & mortis

92 560 860 63 terror, qui ante Chriſti oculos obuerſabatur,

92 608 860 60 notaretur à nobis, nõ tantùm autẽ vt hiſtoriæ ve¬

92 656 862 68 titas atq; rei geſtæ tempus deſignaretur. Eſt autẽ

92 702 861 63 Chriſtus nobis datus in exemplar, quod imite¬

92 756 861 58 mur, vt ait Petrus in 1.epiſt cap.2.verſ.21. Huius

92 801 862 64 eiuſdem confeſsionis meminit quoque, quanquã

92 849 861 68 obſcurius, Apoſtolus ad Hebræos, & ad illius ex¬

93 900 861 58 emplar imitandum nos accendit cap.12. verſ.3.

92 945 858 66 Multas enim contradictiones in ea veritate aſſe¬

92 993 860 60 renda paſſus eſt Chriſtus.. Hoc dictum Pauli ex¬

93 1042 860 72 plicatur in articulis Symboli Apoſtolici. Itaque

93 1095 862 64 erimus breuiores. Vnum modò notandum eſt

93 1142 862 66 Ethnicos vafre & ſubdolè tempore Imperatoris

93 1191 864 66 Iuliani Apoſtatæ commentaria quædam Pilati

92 1240 864 66 ſuppoſuiſſe, ex quibus inepta, blaſphema, & pror¬

92 1288 864 62 ſus falſa Chriſto Domino noſtro affingebantur,

94 1338 862 64 quæ & Auguſtinus lib.1. de Conſenſ. Euangeliſt.

94 1383 862 70 & Cyrillus aduerſus Iulia, prolixè refutauit. Ap¬

93 1436 866 63 pellat autem hanc Chriſti confeſsionem bonam,

96 1480 862 66 non tantùm propter rem ipſam quam faſſus eſt

98 1530 858 60 Chriſtus, quæ omnium rerum maxima, optima,

96 1580 864 60 fructuoſiſsima fuit. Dei enim voluntatem & ve¬

96 1626 862 63 ritatem de ſalute hominum perficienda declara¬

98 1676 861 64 uit conſtaniſsiméque aſſeruit Chriſtus. Sed etiã

98 1725 861 84 bonam vocat propter finem, propter quem illud
