1500 2172
718 123 578 74 AD I. PAVL. AD TIM.

560 147 106 60 360

560 174 866 84 tare Charybdin. De quo toto argumento & t¬

561 228 866 80 tiliſſimo, & futuræ diſputationis ſequentiúmque

561 278 867 76 toto hoc capite præceptorum fundamento nobis

561 326 864 78 aliquid eſt dicendum. Eſt autem hic ſtatus cauſæ

562 376 867 70 & controuerſiæ (quæ etiã non his noſtris tempo¬

570 422 861 78 ribus acerbè à quibuſdam agitatur) Ad quos

567 468 864 80 nimirum Eccleſiaſticæ cenſuræ ius & poteſtas

567 522 864 78 pertineat. Hoc enim pro cõceſſo ſumimus, quod

567 567 864 78 tota docet ſcriptura, cùm vitæ ſanctè & honeſtè

567 622 866 74 inſtituendæ gratia, & vt Dei gloriæ inſeruiamus,

567 668 867 76 ſcriptura & doctrina cœleſtis nobis prædicetur,

567 714 870 75 omnino neceſſe eſſe, vt aliqua ſit Eccleſiæ diſci¬

568 765 868 74 plina & turpium morum emendatio, per quam

568 810 870 80 homines tum in officio contineantur, tum, ſi ſe¬

568 856 870 76 mel abducti fuerint, reuocentur. Nam qui Eccle¬

567 903 874 84 ſiaſticã diſciplinã prorſus tollũt, quid aliud Eccle¬

570 960 873 76 ſiæ quàm laruã nobis inducunt, & omnem pec¬

572 1010 872 74 candi effrenem licentiam probant? contra quos

574 1059 872 74 Pral.0. & Tiebr.12.veri.6. d dietum Tertulliani

574 1101 872 80 de Habitu virginum, item Cypriani lib·2.epiſt.7.

576 1152 872 75 valere debet. Diſciplina enim Eccleſiæ, inquiunt

576 1200 874 78 illi, & caſtigatio Eccleſiaſtica morum eſt fidei

576 1246 872 81 cuſtos, quam qui repudiant, fidem ipſam nomi¬

579 1314 309 62 ne tenus habent.

628 1346 822 74 Secundo autem loco poſtulamus & ſumimus

580 1394 873 75 noe nobis concedi, quod eſt veriſſimum. Hãc mo¬

580 1446 870 69 rum correctionem & vitiorum emendationem,

585 1486 870 80 quæ Eccleſiaſtica iuriſdictio & ius clauium dici¬

584 1536 873 76 tur, latiſſimè differre & toto genere diſsimilem

585 1586 872 80 eſſe à ciuili & politica, quam vocant, iuriſdictio¬

586 1641 634 74 ne, quæ Magiſtratibus competit.

646 1684 816 72 Tertio denique & hoc quoque tanquam ἀιτη¬

591 1732 873 88 ua præſupponendum eſt, quod alibi verum eſſe

1290 1778 172 82 probabi¬
