1500 2172
336 147 340 26 CABVT IIII.

909 104 21 63 2

99 160 878 80 pronuntiauit. Nec obſtat quòd quædam ex ijs

98 214 878 74 ſunt nobis venena. Reſpondeo enim non idcirco

100 266 874 68 mala eſſe. Malum enim, quod bonitati rerũ crea¬

100 316 874 72 tarum opponitur, non eſt vſus noxius (nam ar¬

102 360 878 74 bore ſcientiæ boni & mali impunè vti non licuit

100 412 878 70 Adamo) ſed eſt malum hoc loco qualitas interna

104 459 872 72 quæ peccatum in nobis producit: & Dei ordina¬

104 507 878 72 tioni contraria eſt, nobiſque propterea noxia, &

104 556 878 72 deteſtãda. Deinde quæ creaturæ ſunt nobis vene¬

104 604 874 74 na, illæ non ſunt nobis in cibum à Deo deſtinatæ.

104 651 878 75 Denique hoc ipſum vitiũ, quod rebus creatis nũc

105 700 879 74 ineſt & ſuperuenit, nõ ex ipſa Dei creatione, ſed

105 753 876 72 ex peccato hominis acceſſit. Diſtinguendum au¬

106 798 874 72 tem eſt vitium & accidens à rei natura & ſubſtan¬

104 844 882 74 tia, vt docet Auguſtinus in articulis contra Felicẽ

110 894 873 78 Manichæum cap.8.9. & in lib. de Fide ad Petr.

111 958 144 56 cap.42.

156 993 825 69 Si cum gratiarum) Altera bonitas ciborum ex

111 1040 870 75 vſu ipſo, & noſtri ratione bonitas appellanda. V¬

111 1089 873 72 ſus autem hic certis legibus à Paulo circunſcri¬

111 1142 872 72 ptus eſt, vt à profanorum menſis piorum homi¬

111 1190 872 64 num conuiuia & victus ſeparetur. Cur autem has

111 1236 873 74 leges addat Paulus, ratio eſt, quòd pro conceſſo

111 1282 876 74 ſumit, Nihil nobis, tanquam à nobis ipſis, in Dei

110 1332 878 74 creaturis iuris eſſe vel licere, ſed id tantùm, quod

114 1383 873 72 Deus, qui eſt earum Dominus, quantúmque cõ¬

111 1430 878 74 ceſsit, & largitur. Ergo ſi, vel alio Modo, vel fine,

114 1480 876 72 illis vtamur, ſanè peccamus. Quoad modum au¬

117 1528 873 69 tem, Dominus non vult nos immoderatè ſuis re¬

118 1574 874 78 bus & donis vti, quia hic planè abuſus eſt, non

122 1628 872 70 vſus: atq; ipſius dona nõ ſunt ſpernenda, aut con¬

120 1676 873 75 tẽptim habenda, quod ij faciunt, qui per crapu¬

123 1722 870 87 lam & gulam ſeſe ingurgitant, ſed magni ſunt æ¬

734 1785 99 56 n.iij¬
