1500 2172
357 168 309 34 CABVT III.

902 135 68 74 250

104 190 873 72 mile quiddam apparet 2. Corinh.1. Deinde hoc

105 248 872 64 ipſum Timothei excitandi cauſa videri poteſt

108 296 867 69 additum, quanquam ipſe per ſe diligens eſſet, ſed

105 345 868 64 vt alacriore animo in illud opus incumberet, in

108 394 866 69 quo ſuæ diligentiæ teſtem oculatum Paulũ eſſet

111 447 342 69 poſthac habiturus.

154 488 819 69 Sed & aliorum quoque cauſa videtur hoc ad¬

104 540 868 68 iectum, vt ſi qui eſſent peruicaces & contumaces,

104 590 870 63 metu aduentus Pauli comprimerentur. Hinc au¬

104 651 872 54 ceni taun ſoneſtuud de moeroujs apparet, qui

104 686 870 64 ne minimũ quidem tempus differre potuit, quin

104 734 868 72 ea quæ videbantur egere correctione quadam, e¬

104 790 206 58 mendaret.

150 826 825 68 Dicit autem, ſperans, Neque enim noſtræ vitæ

104 878 872 62 ſumus nos ipſi arbitri: ſed Dominus, &, vt monet

104 932 867 62 Facob.4 verſ.15. ipſe de nobis ſtatuit, vt ex eius ſo¬

106 975 862 68 lo nutu pendere toti debeamus. Rediit autem E¬

108 1026 861 66 pheſum Paulus, vt apparet ex Act. 18. poſt hanc

106 1072 381 78 Epiſtolam ſcriptam.

165 1166 802 78 15 Quòd ſi tardiùs venero, vt noris

106 1230 864 72 quomodo oporteat in domo Dei verſari, quæ

104 1287 866 80 est Eccleſia Dei viui, columna & ſtabilimen¬

105 1353 290 63 tum veritatis.

147 1412 820 60 Occupatio eſt, quæ eum commendatione mi¬

104 1461 866 60 niſterij Euangelici eſt coniuncta. Monet enim

104 1510 866 60 Paulus ſi tardiùs venerit, ecquod muneris ſui re¬

104 1560 864 60 ctè gerendi remedium habeat Timotheus, nem¬

105 1610 864 62 pe hæc ipſa præcepta, quæ continentur hac Epi¬

104 1658 867 62 ſtola, tum in ſuperioribus capitibus: tum etiam in

105 1706 862 66 ſequentibus. Itaque paraſceue etiam eſt ad ſe¬

111 1764 573 80 quentes præceptiones hie locus.

716 1796 98 81 l.iiij.
