1500 2172
596 144 94 40 621

784 123 560 52 AD I. PAVL. AD TIM.

594 166 864 72 perare voluerit, Deo paretis, cùm illis homini¬

592 220 870 69 bus paretis, & veſtrum eſt eos à Deo eminentiori

591 272 870 60 loco collocatos vobis digniores cenſere, & o¬

591 318 868 64 mni honore colendos exiſtimare. Ergo Epicu¬

590 370 872 62 rei homines ἀτακτοι, Ἀναρχικὸt, & Libertini, qui

592 420 867 62 omne imperium tum priuatum, quale eſt domi¬

588 472 872 56 norum in ſeruos, mariti in vxorem, parentum

588 518 868 60 in liberos: tum etiam publicum, quale eſt Magi¬

586 566 870 57 ſtratus in ciues & ſubditos, ſublatũ vellent, pror¬

588 622 873 52 lus pugnant cumnoor auirdiete, & diſtinctionẽ

588 666 872 58 perſonarum, cuius Deus ipſe author eſt, euertũt:

586 716 870 66 atque ita euadunt in Deum ipſum iniurij, non

586 764 372 57 tantùm in homines.

634 807 824 66 Ait Paulus, omni honore dignos exiſtimanto, Du¬

588 856 867 63 plex eſt horum verborum vtilitas. Prima ne ſer¬

585 906 868 63 ui, néve ſubditi dominos, aut eos, quos Deus illis

582 954 873 68 præfecit, dedignentur, quòd ſe præſtantiores at¬

582 1005 872 62 que longe excellentiores exiſtiment. Nec enim

579 1053 874 60 ex induſtriæ, vel corporis, vel ingenij viribus æ¬

579 1104 873 54 ſtimandum eſt, vtrum nos illis præſtemus, atque

585 1152 866 60 vtrum eis parere ſubiicíque debeamus: ſed ex eo

585 1203 866 58 potius, quòd dominus ipſe illos præfecit: nos au¬

582 1248 870 60 tem ſubditos eſſe voluit. Dat enim Dominus re¬

584 1300 867 58 gna aut poteſtatem cui vult, non illi ſemper,

585 1350 866 54 quem maioribus & excellentioribus ingenij do¬

582 1395 868 60 tibus & donis ipſe ornauit, Quod cùm facit Do¬

580 1443 868 60 minus, iuſtè tamen facit. Ergo ne ſubditi, ne ſer¬

580 1491 868 63 ui ſuas & perſonas & dotes cum præfectorũ vel

579 1540 868 62 dominorũ ſuorũ dotibus & perſonis comparẽt,

585 1592 862 58 vt eorum imperium detrectent: ſed agnoſcant

579 1636 866 66 honorént que illam diuinæ maieſtatis ſcintillam,

585 1688 762 63 quæ communicata eſt à Deo ſuperioribus.

630 1732 813 75 Secunda vtilitas eſt, ne perfunctoriè tantùm,

1221 1788 225 68 & quantum
