1500 2172
358 144 264 32 CANVTV.

882 104 62 70 562

82 165 868 70 ciborum ſibi indicunt propter illud Pauli in ea¬

86 218 867 68 dem epiſtad Roma.14. verſ.21. Bonum eſt nõ veſ

86 266 868 70 ci carnibus: neque bibere vinum: & illud etiam

88 314 861 66 quod eſt 1.Corinth.8.verſ.13 ſi eſca facit, vt offen¬

88 368 862 63 dat frater meus, non veſcar carnibus in ærernum.

94 412 858 68 Vtróq; modo, hoc nimirũ, & ſuperiore in Chri¬

87 460 867 68 ſtiana Eccleſia grauiter peccatum eſt, & penè

88 512 867 68 primis eccleſię temporibus, dum inconſiderato

90 556 866 70 quodam ſanctitatis zelo homines ducuntur. At¬

90 609 868 62 que hic finis proximè à nobis commemoratus

90 654 868 68 ex eo ſatis refutatur, quòd Pauli dictum conditio

90 708 868 64 naliter & κατὰ τι prolatum tanquam ſimpliciter

90 753 872 68 ſit dictum & effatum iſti accipiunt. Docet enim

90 800 866 69 Paul. quibuſdam cibis abſtinẽdum tũc, cùm pro¬

92 849 870 66 ximi ædificatio, & iuſta ratio id exigit: non autem

93 900 868 64 ex voto id fieri vult, neque ſimpliciter & omni¬

94 946 867 64 no. Verus igitur & legitimus huiuſmodi ciborũ

92 998 870 63 abſtinentiæ finis, iſque probandus, eſt ille, quem

93 1044 866 69 ſcriptura præſcribit. Eſt autẽ is duplex vel Car¬

92 1090 870 70 nis noſtræ extraordinaria mortificatjo, vel Infir¬

93 1142 867 69 morum fratrum ratio & ædificatio, qui ad tẽpus

96 1192 406 60 ſunt toletandi à nobis.

142 1234 820 72 Primus finis commemoratur à Paulo 1.Corin.

94 1288 867 69 9.verſ.27. contundo corpus meum, & in ſeruitu¬

92 1335 870 68 tem redigo. Item Coloſſ2.verſ.23. Sic ieiunium

93 1383 870 62 inſtitutum & vſum habuit in Dei Eccleſia vel à

96 1436 866 63 tota, vel ab vno aliquo priuatim ſuſceptum. Atq;

98 1480 866 68 certè ibi rectè obſeruat Chryſoſtomus dici à Pau

99 1528 870 69 lo Castigo: & in ſeruitutem redigo:non dixit, per¬

90 1576 879 60 edo & Punio. Non enim inimica caro eſt, ſed casti

102 1628 867 69 go, & redigo in ſeruitutem, quod Domini eſt, nõ

104 1678 870 68 hoſtis: magiſtri, non inimici: exercitatoris, non

100 1726 867 75 adu erſarij Bernad ſermo. 66.in Cantico. docet.

795 1770 30 30 ..

735 1779 116 62 A.iiij.
