1500 2172
592 152 84 27 Joo

753 130 567 56 An I. PAVL. AD TIM.

592 172 858 70 Vino tamẽ abſtinere voluiſſe, niſi fortaſſè Berna¬

586 228 864 68 excipias, qui ſe vino docet abſtinuiſſe. Atqui ta¬

585 276 864 69 men Paulus Epheſ.5. verſ.18. in vno hoc cibi ge¬

579 327 866 64 nere laſciuiam & ἀσωτίαν ineſſe teſtatur potius,

585 370 862 74 quàm in reliquis omnibus cibis. Ex quo apparet

580 418 867 68 Monachiſmum noſtri temporis, addo etiam le¬

579 468 867 70 ſuiſmum, eſſe meram hypocriſin, in quo non

582 518 864 68 vera abſtinentia præſcripta eſt, ſed ſola tantùm

580 578 866 52 oſtẽtatio & abſtinentiæ vmbra, cùm vino potius,

584 614 862 72 quàm carne eſſet illis abſtinendum, ſi verè carnẽ

579 664 772 68 contundere ſtudebant. Atque hæc de cibis.

627 716 820 64 Sequitur tertium & vltimum huius diſputa¬

579 759 868 70 tionis caput, in quo altera regula à nobis in vitæ

576 812 870 66 ratione, quæ à præpoſitis Eccleſiæ ſeruanda eſt,

576 862 867 62 conſtituta continetur & exponitur. Quæritur e¬

574 903 870 70 nim De modo ſuſcipiendæ iſtius abſtinentiæ, &

574 952 870 66 inſtituendæ ſobriæ victus rationis, quis eſſe &

574 1000 872 70 ſtatui debeat. Breuiter autem reſpondet Paulus,

574 1054 868 68 eum eſſe modum legitimum, atque laudandum,

574 1102 868 64 in quo valetudinis ratio habetur à nobis. Ex quo

573 1150 870 64 fit, vt tria colligamus. primum non eſſe nobis o¬

574 1200 873 64 mnino omnibus cibis abſtinendum. Neque enim

573 1245 870 70 tunc, niſi modo planè miraculoſo, viuere poſſe¬

574 1296 868 68 mus. Deinde couſequitur, non ſemper, aut in

572 1350 867 58 perpetuum extraordinaria illa ciborum abſtinẽ¬

570 1395 867 64 tia vtendum nobis eſſe, ſed tantùm ad tempus.

572 1443 870 64 Nam deficerent vires, & paulatim ita debilitare

572 1491 870 66 tur natura, vt nulli negotio ſupereſſe poſſemus.

573 1540 868 63 Sobrietas quidem nobis eſt per totum vitæ cur¬

570 1592 870 58 riculum ſeruanda: ſed hæc quoque non ſem¬

572 1638 872 58 per in ijſdem cibis fugiendis verſatur. Præterea

570 1688 867 58 cùm de extraordinaria quæritur, quæ ad doman¬

573 1737 868 69 dum magnũ carnis impetum adhibetur, ea cer¬

1216 1786 224 69 tè perpetuò
