1500 2172
585 148 99 40 44*

718 124 582 52 AD f. PAVL. AD TIM.

582 168 854 68 Vnde præclarè Iuuenalis Saty.14. Sponte tamen

573 224 862 64 iuuenes imitantur cætera, ſolam Inuiti quoque

573 276 864 56 auaritiam exercere iubentur. Præterea hominum

573 327 867 58 ingenijs inhæret tum diffidentia peſsima de Dei

576 369 861 64 promiſsionibus & prouidentia: tum etiam fidu¬

573 422 864 57 cia quædam in rebus ipſis: quibus cùm caremus,

574 468 854 58 prorſum periiſſe nobis videmur. Atque vtrunq;

573 514 861 63 hoc vitium facit, vt opibus, diuitiíſque compa¬

573 567 864 60 randis ardenter admodum incumbamus, tanquã

572 616 866 62 ſolis vitæ huius tuendæ medijs cauſis, omnino &

573 674 862 48 anaus neceiſarijs. Itaque euellendum eſt ex ani¬

573 712 862 63 mis hominum tam tetrum malum, támque fallax

572 764 861 63 opinio, quæ vt venenum ſerpit. Quod hoc loco

570 808 303 56 conatur Paulus.

615 850 822 68 Quæſitum eſt autem ad quos hæc exhortatio

570 906 864 60 pertineat, vtrúmne ad ſolos doctores & verbi

567 951 866 64 Dei miniſtros, de quibus ſuperioribus verſiculis

568 1004 831 60 egerat: an in vniuerſum ad omnes Chriſtianos.

570 1052 862 58 Reſpond. Ad omnes. Neque enim hîc quicquam

567 1106 864 56 obſeruari poteſt, quamobrem ad ſolos, vel do¬

568 1148 867 62 ctores, vel paſtores Eccleſiæ hæc doctrina ſpe¬

567 1197 866 60 ctet: quanquam hoc lubenter conceſſerim, ſi

570 1245 861 62 quos oporteat hoc tam fœdo vitio, qualis eſt a¬

568 1294 862 56 uaritia, & φιλοπλεσία carere, vnos maximè do¬

567 1346 864 57 ctores paſtoréſque debere, qui cæteris vitæ ex¬

567 1392 862 58 emplo prælucere debent, & in quorum animos

566 1440 862 58 obrepens hoc venenum longè ſit futurum nocẽ¬

564 1485 866 60 tifſimum exemplo. Præterea quicquid affert hîc

566 1533 861 58 paulus de peſſimis φιλεπλούσ́ας effectis, ex alijs

566 1582 862 62 Sacræ ſcripturæ locis ſumptum eſt, vbi vniuerſi

567 1634 861 64 pij ab hoc tam tetro deſiderio & vitio deterren¬

566 1677 100 60 tur.

614 1725 814 76 Duo verò ſunt hoc loco notanda. Primùm

1322 1790 108 66 quod
