1500 2172
867 92 82 78 722

368 135 286 30 CARTTVI

87 156 872 69 Deo loquimur cuius natura nobis eſt incompre¬

86 210 867 63 henſibilis, noſtro more, noſtríſque verbis loqui,

87 258 867 64 vt aliquid de eo pro ingenij noſtri captu dica¬

87 308 868 62 mus & explicemus. Quod etſi non eſt æquale

86 357 870 57 Dei ipſius maieſtati & eſſentiæ: ex noſtro tamẽ

86 404 876 62 more ſentiendi & loquendi verum eſt. Itaq; Deũ

86 453 870 57 dicimus & beatum & potentem, non quaſi com¬

87 500 870 66 poſitam illius naturam ſtatuentes: non quòd illi

88 549 872 58 qualitates & accidẽtia tribuere velimus, & aliud

90 598 870 62 quid præter ſimpliciſſimam ipſius eſſentiam in

90 648 870 58 eo fingere: ſed quòd humanus captus atque hu¬

90 699 870 57 manum eloquium aliter explicare commodè &

88 746 870 62 ſatis intelligenter ſeipſum non poteſt, cùm de

87 792 870 60 Deo eſt nobis agendum. Cùm igitur ſic loquatur

87 854 874 52 Deriphitus de Deo,neque non ipinde eo ſic lo¬

90 891 870 63 qui metuamus, & Deum appellare beatum, po¬

92 938 870 64 tentem, ſapientem, & c. Quod fit citra vllam Dei

92 988 864 66 blaſphemiam, ſi, quemadmodum diximus, fuerit

92 1040 216 62 acceptum.

129 1080 828 68 Beatus) Μακάριος. Eſt Deus omnis fœlicitatis

92 1134 867 62 fons, & ſcaturigo, quam & in ſe, & à ſe habet,

92 1184 866 57 non aliunde, vt angeli, beati: vel etiam vt homi¬

92 1232 864 64 nes. Sic etiam ab Ethnicis dij ipſorum appellan¬

92 1282 866 62 tur μακάριονvt paſſim ab Homero, quòd ſit men¬

93 1329 866 56 tibus hominum inſcripta à natura hæc ſententia

96 1376 864 62 Nihil Deum eſſe poſſe, quin illud idem ſit beatũ

94 1426 867 58 in ſe, & corruptionis omnis expers & immune.

96 1473 864 68 Id quod vox Μακαρ propriè ſignificat, quaſi per

96 1522 867 58 epentheſin literæ μ voce deducta à vocabulo ακα¬

96 1572 872 63 tùs quod inſecabile & imminutum ſignificat. Sic

98 1617 872 64 Eraſmus ex Grammaticis interpretatur. Secutus

98 1668 872 64 ſanè eſt Paulus vulgarem & tritam vocis huius ſi¬

102 1719 862 75 gnificationem, qua beatum & fœlicem aliquem

720 1761 87 82 H.j.
