1500 2172
350 147 286 27 CARTT VI

855 114 78 64 666

78 166 858 69 argumenti explicatur. Quemadmodum egreſſus

75 222 864 62 homo eſt ex vtero matris ſuæ nudus, ſic nudus reuerti¬

75 268 860 64 tur, ut diſcedat, quemadmodum venit, neque quic¬

78 318 860 62 quam reportat de labore ſuo, quod venire fecit in ma¬

76 368 858 56 num ſuam. Illud etiam præclarè Ethnicus quidã

75 416 860 62 Infantem nudum cùm te natura crearit, Pauper¬

80 468 648 58 tatis onus patienter ferre memento.

128 512 810 62 Sed obiici poſſe videtur, ſi hæc non auferimus

72 560 866 57 nobiſcum, ſint autem ad huius vitæ curſum con¬

74 609 868 58 ficiendum neceſſaria, eò maiori ſtudio videri cõ¬

75 660 862 58 quirenda & paranda eſſe quòd ijs in hac mor¬

74 710 864 56 tali vita carere non poſſumus. Reſpond. Deum

69 756 867 52 iſta nobis omnia affatim atque abundè paraſſe, &

69 804 867 52 ab eo tantùm illa eſſe petenda, qui gratis & beni¬

69 852 867 64 gnè omnia nobis poſtulãtibus largitur & ſuppe¬

68 904 867 56 ditat: adeò vt propter vexationem illam noſtram

68 956 870 48 circa Βιωτια atque anxiam de ijs curam, nihil no¬

68 996 868 54 bis copioſius aut vberius ex illis ſit affuturũ Mat.

69 1047 866 60 6.verſ.26.ſed à Deo datur, quicquid benignus il¬

64 1112 872 48 le pater videt ene nobis commouum atque ne¬

63 1144 696 63 ceſſarium, & quantum videt expedire.

111 1192 820 64 Secundum autem argumentum eſt vberrimũ,

68 1242 882 62 latéque patet, in quo nobis ſunt duo ſpectanda

62 1290 870 60 Primùm, quod ait, habentes victum & veſtirum.

64 1338 870 56 Secudùmquod ait nos ijs contentos eſſe dobere.

111 1394 822 50 Neque verò dubitari poteſt hominem in hũc

62 1436 873 58 mundum iam conditum, tanquam in domicilium

60 1480 872 64 ſibi à Deo paratum, rebúſque omnibus abundã¬

62 1530 870 57 tiſsimum & inſtructiſsimum inductum fuiſſe, vt

62 1580 873 64 apparet Geneſ.1. Poſt peccatum autẽ & pluribus

60 1629 872 62 & alijs rebus egere cœpit homo, quàm ante pec¬

58 1677 868 63 catum. Cùm enim primum victu tantùm & cibo

62 1725 864 76 egeret quia animalis, non autem ſpiritualis con¬
