1500 2172
406 162 198 26 CANvI.

620 162 50 26 Ve.

894 138 69 62 532

93 184 872 74 repugnans præponatur, præficiatúrque Eccleſiæ.

98 258 866 46 Quou oino perleurolam ent neqde fieri vllo

96 286 244 60 modo debet.

150 334 810 66 Trinundinum autem ſiue ſpatium trium heb¬

93 384 864 66 domadarum populo ſiue plebi concedi ſolitum

92 435 866 64 fuiſſe, intra quod de biecto u rrte prerio viro &

90 482 862 69 illi oblato atque etiã audito populus iudicaret,

88 532 714 58 apparet ex Socrate Scholaſt.lib. 5.cap.5.

135 582 816 64 Ipſius autem populi aſſenſum χεροτονία, id eſt,

88 628 867 64 manuum eleuatione præſtari & fieri ſolitũ fuiſſe

86 678 864 64 apud Græcos ex more gentis illius certiſſimum

86 724 867 66 eſt, ídque conſtat tũ ex profanis:tum etiã ex Ec¬

81 774 872 63 cleſiaſticis ſcriptoribus infinitis. Itaq; & in Actis

80 824 872 62 Apoſtolorum: & ſæpe apud patres electiones i¬

82 874 867 60 pſæ χερροτονίας voce nominantur. Videtur verò e¬

80 918 868 64 tiam hæc conſenſus præbendi & teſtificandi ra¬

80 966 860 66 tio vſitata fuiſſe inter Hebræos ex Nehem. 8.v.7

80 1014 864 68 Apud nos Gallos in omnibus ferè conuentibus

76 1082 867 46 pablieis comſemus noiter lolet modeltiſſimè ſo¬

76 1112 861 72 lo ſilentio ſignificari, poſt propoſitam negotij,

75 1166 861 60 de quo agitur, conſultationem: modeſtiæ, in¬

78 1215 862 62 quam, cauſa. Id quod in electionibus Eccleſia¬

74 1258 864 68 ſticis hodie quoque in reformatis Galliæ Eccle¬

70 1308 300 57 ſijs obſeruamus.

117 1356 820 66 Negant autem quidam obſtinatiſſimè, liberũ

72 1407 866 63 populo ſuffragium eligendi relinqui, niſi duo aut

69 1458 867 62 tres populo preſentẽtur, ſiue proponantur à Pre¬

68 1506 868 62 ſbyterio, quorum ſit libera populi optio. Nam ſi

70 1552 862 63 vnus, iſque duntaxat offeratur & præſentetur, ec¬

69 1600 868 66 quæ electionis libertas populo reſtat, aiunt, cùm

66 1647 866 66 ſit electio de duobus vt minimum vnius optio?

66 1696 867 66 Reſpondeo verò vbi copia atque facultas pluriũ

64 1746 866 75 idoneorum populo offerendorum datur, & ſup¬

690 1800 81 70 2.ij.
