1500 2172
330 146 336 32 C AAVTIIII.

862 108 69 69 280

60 165 876 75 & refutat : alterum prætermittit, quod hoc malũ

62 218 876 69 nondum vicinum eſſe præuideret Paulus. Sed a¬

62 264 872 76 pertiſſimè in Epiſt. ad Hebr. cap.13. verſ.4 ref ata¬

62 320 873 68 tur, & iugulatur iſte error de prohibitione con¬

63 366 873 72 iugij. Etſi verò præcipuus confutationis locus à

62 417 868 64 fine ducitur, alia tamen argumenta admiſcentur,

66 462 866 72 quæ ſingulis penè Pauli verbis comprehẽſa ſunt.

66 510 866 68 Hæc autem optima erroris cuiuſuis tollendi via,

64 560 872 70 & ratio eſt, ſi ad Dei ordinationem & verbum

64 610 873 66 noſtras ſententias & definitiones reuocemus.

69 669 868 62 Quod ipium m'unputatione de donafacit alibi

63 706 873 69 Paulus 1. Corinth.11. Sed ſingula verba examine¬

63 756 874 72 mus. Nam in iis varia latent argumenta, quem¬

63 812 363 64 admodum diximus.

108 849 830 74 Deus creauit) Locus refutationis à temeritate

63 900 872 74 iſtorum hominum & à ſacrilegij crimine. Nemo

63 948 874 72 inrem alienam, & præſertim Dei, ius habet. At

64 996 873 70 cibi ſunt Dei creaturæ, non iſtorum. Ergo Dei

64 1046 873 70 eſt, non horum, leges de cibis præſcribere. Et qui

64 1096 872 69 aliter faciunt, ingerunt ſe in aliena quæ ad eos nõ

66 1143 868 74 pertinent, de quibus nullum ius habent definien¬

63 1191 874 74 di & ſtatuendi, vt ait Paulus Coloſſ.2. verſ.18. Eſt

64 1245 872 69 enim quiſque rei tantùm ſuæ, non autem alienæ

64 1292 870 70 legitimus moderator. Hinc ſanè refutantur varij

64 1338 873 74 hæretici, quorum alii vinum, alij carnes, alij aliud

63 1389 874 66 eſſe Diaboli, non autem Dei opus & creaturam

68 1440 700 70 peſſimè atque falſiſſimè contendebant.

112 1484 822 72 Ad participandum) Ait Paulus ἐις μετδ λητη.

69 1534 868 70 vox ἐις finem declarat. Μετάληδις vſum, more di¬

68 1582 873 74 cendi in quauis lingua vſitato, vt etiam in Odyſ¬

66 1634 872 69 ſeam Homeri annotat Didymus interpres anti¬

66 1680 874 72 quiſſimus, vt ex antecedẽti cõſequens, & contrà

68 1732 872 81 concludatur & intelligatur. Nec enim tantùm à
