1500 2172
591 146 102 44 501

728 130 568 48 AD I PAVL. AD TIM.

586 172 868 68 ta ipſa multitudine eccleſiæ & à quoque fideli

584 228 867 63 ſoffragiũ ſigillatim ferente fieri debeat, quęſitum

585 278 866 62 eſt. Reſ. Senatu ſuffragium ferente in conſiſtorio

585 327 866 60 fieri debet excommunicatio, ad quem ſenatum

584 375 867 62 morum & doctrinæ cura, diiudicatio, & æſtima¬

585 424 867 62 tio pertinet, conſcia tamen & approbante poſtea

585 471 868 62 eccleſia tota, cui illa res, actio, ſententia ſena¬

585 522 866 60 tus & cauſſa nota fieri debet, vt eam approbet ip

584 567 867 66 ſa, vel reprobet vt ſuprà docuimus. Quod enim

585 622 866 58 omnes tangit, ab omnibus fieri debet, ſed à quo¬

585 666 867 64 que pro eo gradu (vt docet Ambroſius lib. de Di¬

586 717 866 58 gnitate ſacerdotali. cap.31) & ordine, quem habet

586 765 862 54 in Dei Eccleſia. Hæc ſententia editis libris con¬

585 808 866 62 firmata eſt, & abũdè antea à nobis probata. Obi¬

584 860 867 57 ter autem, quid in hoc dicto Chriſti, dic Eccleſię,

586 910 868 60 vox Eccleſiæ valeat & ſignificet explicatum eſt

582 954 872 62 etiam in ca. Nullus in verbo Eccleſia diſt.63.irem

579 1005 872 63 cano. Eccleſia de conſecratio. diſt.1.& cano. ſcire.

586 1058 868 56 7.quæſt.1. ne putent qui nobis contradicunt, no¬

584 1114 868 46 uam afiquam interpretationem à nobis excuſam,

585 1154 868 60 & fabrefactam. Eſt igitur illic Eccleſia accepta

585 1203 868 62 pro ipſo cœtu præpoſitorum Eccleſiæ, id eſt, pro

585 1251 868 63 paſtoribus & Presbyteris. ſed & Dauid Kimhi in

586 1300 866 63 Ol5 ait nomine Domus Iſrael ſæpe ſolum Syne¬

585 1352 825 58 drion contineri, & deſignari in ſacra ſcriptura.

634 1400 818 56 Quæritur autẽ tertio loco. Propter quas cauſ¬

585 1446 872 62 ſas fieri debeat excommunicatio. Scholaſtici di¬

585 1494 872 62 ſtinguunt, & volunt Minorem quidem propter

586 1548 870 56 peccatum quodlibet fieri poſſe. Maiorem autem

586 1592 868 58 excommunicationem non niſi propter crimen,

588 1640 870 63 id eſt, tale peccatum, quod & graue ſit, & pœnam

590 1690 868 60 publicam à magiſtratu mereatur, quale eſt adul

585 1736 872 72 terium, homicidium voluntarium, falſi crimen &

1366 1791 86 64 cæt.
