1500 2172
522 140 93 36 681

660 118 567 48 AD I. TAVL. AD TIM.

514 160 873 63 canda, longiſsimè à Dei metu, cùm penuriam at¬

518 219 870 57 que inopiam plus quàm Deum ipſum, & omnia

516 262 868 57 Dei iudicia timeat. Idcirco hic affectus meritò

516 312 872 58 quęlibet mala & animi vitia ſecum afferre dici¬

514 360 868 63 tur. Nam eadem auaritia idololatria dicta eſt, &

513 412 870 58 Dei obliuio, terrenarúmque rerum, in quibus o¬

516 459 868 64 pes ſitæ ſunt, cultus, adeò hominis ingenium aua¬

512 508 872 64 ritia peruertit. Itaque Iſai.57.verſ.17. pro ſummo

512 560 873 62 & capitali delicto auaritia recenſetur. Præterea

510 606 870 63 cùm inter vitia alia alijs ſint grauiora, hoc maxi¬

512 658 868 54 mum eſt, quod auaritia nominatur. Itaque varia

510 705 870 62 producit. Sunt denique vti virtutes inter ſe con¬

507 756 873 58 nexæ:ſic vitia quoque inter ſe vinculo quodam

508 801 868 62 coniuncta, vt qui vnum habeat plura ſimul poſſi¬

507 850 873 57 deat. Ergo hæc mens eſt Pauli: Nullũ eſt malorũ

506 897 873 63 & vitiorum genus, quod auaritia ſecũ tandem nõ

506 945 864 64 attrahat. Quod & de ſuperbia, & de alijs quoq;

507 996 867 62 vitijs dici poſſe non negat Paulus. Neque enim

504 1046 868 52 dixit ſolam auaritiam radicem eſſe omnium ma¬

506 1095 868 56 lorum, vt alia vitia excluderet: ſed eam, vt reliqua

502 1142 872 63 alia peccata, quæ ex eadem infidelitate & diffi¬

502 1191 864 60 dentia oriuntur, omnium malorum fontem eſſe.

506 1239 858 62 Neque abſurdum eſt, vt plures ſint eorundem

496 1286 876 64 riuorum fontes diuerſa ratione (vti terra dici po¬

501 1338 866 56 teſt producere omnes fructus, quibus veſcimur,

501 1384 864 63 quos eoſdẽ quoq; Sol producit) Sed ſuperbia ra¬

495 1434 870 58 tione Dei, in quẽ ſeſe effert:auaritia hominũ re¬

495 1488 870 54 ſpectu quos offendit, dicitur omniũ malorũ eſſe

494 1530 868 60 cauſa. P. Lombardus lib.2.diſtinct.42. cap. Præ¬

494 1580 870 63 terea ſciendum & cap.ſeq. perplexus eſt in huius

492 1629 872 60 loci explicatione. Durandus etiam in eundem lo¬

488 1674 872 63 cum quæſt.3. & 4.magis adhuc quæſtionem in¬

488 1725 870 74 uoluit & perturbat. Diſtinguunt enim iſti vitia,

1192 1772 165 76 in Capi¬
