1500 2172
688 111 580 66 AD I. PAVL. ADTTIM.

531 140 86 57 387

530 159 867 78 cet (neque enim aliter vidua dici poſſet) ſed & li¬

531 210 867 81 beris, & cognatis, & omni alio humano præſidio

534 261 867 80 deſtitutã. Quæ iã conditio planè eſt afflictiſſima

534 310 868 72 & commiſeratione, atque Eccleſiæ & paſtorum

536 354 868 82 cura digniſſima. Quare ipſo viduæ nomine, id eſt,

537 408 868 75 deſertæ & deſtitutæ mulieris appellatione, quæ

538 453 867 80 certè ſtatum miſerabilem denotat, illæ nobis cõ¬

542 504 867 75 mendatiſſimæ eſſe debent. Vbi enim melior elee¬

542 549 866 80 moſina, aut vbi iuſtior miſericordia eſſe poteſt,

543 600 862 78 quàm vbi eſt maior miſeria atque afflictio? Neq;

543 652 864 72 tamen, ſi quæ viduæ eos liberos aut propinquos

543 698 867 80 habeãt, à quibus præter officium deſerantur, ſunt

544 748 866 74 ab Eccleſiæ eleemoſyna arcendæ, & deſerendæ,

549 801 860 74 quia perinde eſt tales cognatos habere, atque o¬

548 842 866 76 mnino nullos. Hæc igitur eſt prima viduæ defini¬

548 912 76 58 tio.

586 942 825 75 Sequitur altera, ex qua maior etiam commen¬

549 987 866 78 dationis earum ratio apparet. Eas enim verè vi¬

549 1040 868 75 duas appellat, quæ Pietatem habent, & Eam ex¬

549 1088 870 76 ercent ſuo ſpecialíq; modo, qui eas deceat. Quod

552 1137 867 72 enim de viduis ait hoc loco Paulus, proprium

555 1186 864 74 quodammodo earum eſſe videtur, non etiam cõ¬

555 1236 866 70 mune cæterarum mulierum. Eſt verò vtraque

555 1281 868 72 definitio coniungenda, vt quæ ſit vera vidua, poſ¬

555 1330 870 75 ſit agnoſci. Neq; enim omnis quæ ſola eſt & de¬

556 1377 868 72 leitutu alieno auxilio, eſt vera vidua, ſi piam ſe nõ

558 1426 868 75 præſtet. Neque omnis mulier, quæ pia eſt, vidua

561 1474 868 74 quoque eſt, aut ea vidua, de qua hîc Paulus agit,

558 1524 872 74 quæ ab Eccleſia debeat ali, veluti ſi non eſt μεμo¬

556 1572 872 74 νομένη. Neque enim omnes, etiam, quæ ſolæ ſunt

558 1622 868 75 & deſertæ, piæ ſunt: ſed quæ vtrunque miſera ex¬

556 1677 596 64 peritur, ea demum verè eſt vidua.

596 1718 828 88 Spes autẽ in Deũ hoc loco continet πειγραφην

1346 1762 86 75 fide
