1500 2172
567 140 74 33 501

716 111 574 56 ADI. PAVE. AM TIM.

564 160 867 69 tione, & in angelis, & in hominibus, ſuæ tum

562 210 868 68 miſericordiæ, tum etiam iuſtitiæ diuitias ad glo¬

566 261 862 68 riam nominis ſui, patefacere & demonſtrare.

567 308 864 68 Nam licet opifici facere de opere ſuo, quod ipſi

567 357 862 68 libucrit Ergo boni Angeli electi fuerunt, etiam

567 406 864 68 ante quàm à Deo crearentur. Non autem ex vllis

567 454 864 69 eorum meritis: ſed ex ſola Dei ipſius dignatione

568 506 862 69 & gratia, vt loquitur Bernardus: quicquid Scho¬

570 555 862 66 laſtici ex Auguſtino malè intellecto dicant &

572 603 855 72 philoſophentur: Mali verò reprobati fuerunt,

574 656 268 62 vt Boni electi.

630 694 807 70 Tertio loco quæſitum eſt, ecquæ ſit iſtius ele¬

572 752 866 64 ctionis Angelorum cauſa: Num Chriſtus quate¬

573 798 864 63 nus me diator eccleſiæ: cuius etiam illi ſunt mem

573 844 860 68 bra: præſertim cùm Paulus Coloſſ.1.verſ.2o. ſcri¬

572 892 867 68 bat Deum ſibi reconciliaſſe omnia per Chriſtũ.

574 942 864 69 Ex quo colligunt quidam Chriſtum eſſe etiam e¬

573 993 866 60 lectorum Angelorum Mediatorem, alio tamen

574 1041 866 68 modo, quàm hominum piorum & electorum

578 1086 864 70 Reſp. verò ipſe, ceterorum rationibus breuitatis

576 1137 867 66 cauſa, omiſſis, Chriſtum quatenus creator eorum

578 1186 866 66 eſt, non autem quatenus paſſus in carne, videri

579 1238 864 58 horum bonorum Angelorum etiam mediatorẽ

579 1282 864 68 eſſe. Cùm enim Deus nũquam iis fuerit offenſus,

579 1335 866 63 nulla recõciliatione certè opus habuerunt. Dein

580 1378 862 66 de hęc eorum electio à Iuda deſinitur conſerua¬

582 1430 864 64 tio & confirmatio ipſius eorũ primi ſtatus & ori

584 1476 861 69 ginis, adeò vt nihil prorſus illis reſtitutum fuiſſe

585 1527 861 60 per huiuſmodi electionem dicatur, quoniam ni¬

584 1575 860 66 hil prius fuerat ademptum, neque quicquam ab

584 1622 866 68 iis amiſſum. Ergo ipſi quales à Deo primùm cõ¬

585 1672 866 62 diti fuerunt, Deo autori ſuo certè placuerunt Ne

586 1724 856 75 que vera tamẽ huius eorum electionis cauſa eſt,

1348 1767 102 84 quali
