1500 2172
351 159 312 32 CAEVE IIII.

858 134 82 52 302

74 178 866 72 nimirum tum ab officij ratione, tum à prima Ti¬

75 234 868 62 mothei vitæ inſtitutione. Ergo vtrunque nobis

75 285 868 64 ſedulo cogitandum eſt, & quid munus, in quo

80 333 864 63 verſemur, requirat: & quid ſuſceptæ vitæ ratio &

78 382 867 63 inſtitutio. Vtrunque enim eſt noſtræ Vocationis

74 430 692 63 à Deo factę certiſsimum teſtimoninm,

123 474 820 63 Quatenus igitur Miniſter munus ſulim conſi¬

80 526 867 58 derat tria hæc ſpectare debet, vt ſit Miniſter vt

76 572 872 70 Ieſu Chriſti, vt Bonus ſiue fidelis. Quæ his tri¬

75 622 874 68 bus opponuntur, nempe Miniſtris Otioſis, Hu¬

72 670 878 64 manæ doctrinæ, & Infidelibus. Hi verò ſunt, qui

80 720 870 69 vel Seipſos, id eſt, ſuam gloriam, vel quæſtum

75 766 873 66 ſuum quærunt. Ergo ſana doctrina à fidis, Mini¬

75 818 872 62 ſtris verbi Dei proponenda eſt: non autẽ inanes,

75 864 870 69 non futiles, & ſubtiles quidem, ſed futiles quæ¬

76 914 873 68 dam quæſtiones, quæ neque noſtras conſcientias

75 962 870 69 ædificant:neque Dei gloriam, ſalutíſque doctri¬

78 1018 705 58 nam vllo modo explicant vel illuſtrant.

124 1059 822 63 Quod autẽ addit, ſnnutritus ſermonibus fidei.

75 1110 870 66 &c, magnam vim & pondus exhortationi addit.

75 1156 873 64 Eſt enim prima educatio tanquam tacitum futu¬

76 1208 836 64 ræ vocationis indicium à Deo demonſtratum.

123 1256 826 68 Denique turpe eſt illa talenta, quæ Deus in

74 1305 874 58 nos contulit, vel omnino perdere, vel infructuo¬

74 1350 870 62 ſa habere, vt docet Chriſtus Matth. Vtitur autẽ

75 1400 874 66 his verbis Paulus, ex quibus intelligitur, ſeriam

76 1448 872 69 prius operam Timotheum nauaſſe in ſacris lite¬

75 1498 873 68 ris, & doctrina fidei Euangelica. Id quod appa¬

75 1546 873 63 ret etiam ex 2.Timoth.1. verſ.5. ſup.cap.1. verſ.18.

76 1596 873 66 Ex hoc autem loco quæri duo poſſunt 1. Vtrum

74 1642 873 66 eos ſolos in miniſterium Euangelicum eligi o¬

75 1692 872 66 porteat, qui à primis & teneris annis ſacris ſçri¬

74 1742 870 78 turié ſunt innutriti & eas conſectati:an etiam alij
