1500 2172
684 132 580 62 AD I. PAVL. AD TIM.

530 159 90 46 171

572 176 832 82 Et quidem in ijs qui ad maiora munera & of¬

524 228 878 76 ficia Eccleſiæ vocabantur, obſeruabatur iſta ſti¬

525 280 876 75 pulatio, & interrogatio, veluti in ijs, qui ad E¬

528 333 873 74 piſcopatum, Preſbyteratum, & Diaconatum a¬

528 378 870 72 doptandi erant. In ſubdiaconis verò acolutis, le¬

528 428 876 70 ctoribus & alijs inferioribus, & minoribus ordi¬

528 477 873 69 nibus idem neque fiebat, neque habebat locum,

531 528 874 70 quia poterant etiam el ecti vxorem ducere, neque

530 573 876 76 de vouenda ἀγαμία tales eligendi interpellaban¬

530 622 874 72 tur cano. Si quis verò & can. Seriatim diſtinct.32

530 684 873 62 cano. Lex contmentiæ diitiniet.51.Quanquam po¬

530 720 878 70 ſtea id immutatũ eſt in ſubdiaconis, quibus fuit

532 771 872 70 interdictum ne vxores ducerent: vt ſcribit Berna¬

534 824 531 70 Abbas Clareua. epiſtola 203.

566 867 837 72 Ratio verò, cur iſtæ ſtipulationes & anteſta¬

530 912 878 72 tiones in ordinandis fierent, duplex afferri ſolet.

536 964 874 75 Prima quidem paupertas Eccleſiarum, quæ tot

532 1012 874 76 familijs alendis, Epiſcoporum nimirum, Preſby¬

536 1066 872 69 terorum, & Diaconorum ſatis eſſé non poterant,

536 1110 876 74 in tam tenuibus adhuc opibus. Nam Eccleſiæ

534 1160 876 76 tunc vel nulla erant æraria, vel exigua admodum,

537 1209 872 76 quia quæ bona habebant Eccleſiæ pauperibus

536 1257 873 69 erogabantur, vt plurimum. Etſi verò bona Ec¬

536 1305 873 75 cleſiæ ſemper diſtinguebantur à bonis Epiſcopi,

536 1364 872 64 tamẽ illius ætatis homines metuebant, ne coniu¬

537 1402 876 76 gati Miniſtri bona Eccleſiæ ad vxores, aut affines,

537 1455 878 66 aut filios ſuos clàm deriuarent, & tranſportarent.

537 1500 880 69 Eſt in cano. De Syracuſanæ. diſtinct. 28. Sed non

537 1551 874 72 debuit diffidentia de Dei erga nos beneuolentia,

536 1604 880 68 & erga ſuos prouidentia inducere hos metus, &

534 1646 885 75 aſpergere iſtam labem Chriſtianæ Eccleſiæ. Si e¬

537 1701 878 69 nim Dominus proſpicit auium neceſſitati, & dat

532 1746 880 81 illis cibum & eſcam, multo magis ſuis proſpiciet,

1356 1798 51 69 12
