1500 2172
388 148 264 36 CAPVT V.

94 172 868 75 catus fuit, ipſo Eccleſiæ ingreſſu prohibitum eſſe

98 230 862 64 D. Caluinus tamen lib. 4. Inſtitutio. cap. 11. ſect.

96 278 861 68 1o. docet diuerſam fuiſſe in eo Eccleſiæ diſcipli¬

98 328 861 64 nam & conſuetudinem, neque ſemper prohibi¬

98 382 861 60 tos excommunicatos ingredi Eccleſiam. Quan¬

98 430 860 56 do enim Chriſtianis palam conuenire non licuit

96 474 860 64 per imperatorum edicta ad audiendum Dei ver¬

94 525 862 60 bum, tunc excommunicati, tanquam lupi, arce¬

96 568 860 64 bantur ab ingreſſu Eccleſiæ, ne eam proderent

93 618 866 60 hoſtibus. Poſtquam autem cœperunt publicè &

92 668 867 63 ſine metu coadunari Chriſtiani homines. i. qui

93 718 862 58 Chriſtum profitebantur, neque ſibi metuerent à

90 762 866 66 Magiſtratibus, tam ſeuera diſciplina in excom¬

88 814 867 62 municatos non eſt vſurpata, vt arcerentur ab in¬

92 860 858 66 greſſu Eccleſiæ, & abipſa auditione verbi Dei,

90 909 861 64 ne fores & ſpes omnis reſipiſcentiæ illis præclu¬

90 956 862 68 di videretur. Vis tamẽ ipſa verborum & excom¬

90 1010 860 57 municationis hoc habet & notat, vt excommu¬

88 1054 861 62 nicati aditu Eccleſiæ arceantur, ſed pœnæ hæc

92 1106 858 66 pars illis ex quadam Eccleſiæ indulgentia remit¬

86 1156 866 60 titur Itaque excommunicati dice bantur ἀποσυνά¬

90 1203 860 66 γωγον, id eſt, ſegreges, & ſunt eorum loco, quos

86 1269 862 48 Auuerpro Eemiſeis nabebant. Rtaque aditu tem¬

87 1300 862 63 pli arcebant, & is etiam vetus Eccleſiæ mos fuit

92 1350 856 63 Tertul. in apologet. cap.39. canone Cum excom¬

86 1398 862 62 municato 11. quæſt.3. Sic Ambroſius Theodoſiũ

87 1446 864 62 imperatorem à ſe excommunicatum ex regulis

87 1492 862 66 Eccleſiaſticæ diſciplinæ arcuit ingreſſu templi

87 1540 279 63 Mediolanenſis.

141 1588 806 64 Quod ad terrena autem hæc & temporalia,

87 1638 861 64 diſtinguẽdum eſt. Aut enim de Publica commu¬

86 1689 862 56 nione, aut de Priuata & familiari noſtra cõuerſa¬

87 1740 862 66 tione cum excommunicatis quæritur. In ijs o¬

698 1784 88 84 Cii.
