1500 2172
345 166 324 38 CAPVT IIII.

904 147 45 66 352

93 192 862 72 Timoth.1. verſ.6. Explicatum autem eſt à nobis

86 249 474 64 ſupra eo ipſo cap.1.verſ.18,

132 298 819 64 ΣάριQμα autem dixit Paulus, nõ χe Quα, ne quis

86 345 870 68 hebes Papiſta putet chriſma, quo ipſi ſuperſtitio¬

86 399 870 60 ſè vtuntur ad ſuos Sacerdotes & Epiſcopos vn¬

86 444 867 70 gendos & inaugurandos, hîc eſſe à Paulo com¬

86 506 478 52 memoratum & quæſitum.

129 542 826 66 De impoſitione manuum infra, vti & de voce hac

82 591 872 68 Preſbyterij, quæ cœtum ſignificat Preſbyterorum,

82 642 872 60 contra quàm ſentit Eraſmus: putat enim ille E¬

81 690 874 63 piſcopatum ſignificari hoc loco, & finẽ deſignari

81 741 874 58 non inſtrumentum & modum, quo vocatus eſt

88 789 705 62 Timotheus: infra dicetur cap.5.vers.22.

124 832 828 62 Hic locus commendat authoritatem Preſby¬

78 882 878 62 terij, & vocationes ordinarias, quæ hominum mi¬

76 932 876 62 niſterio fiunt, quàm qui maximè, ne quis prætex¬

80 982 870 60 tu ingentium donorum & egregiæ ſuæ doctrinæ

80 1029 870 57 in Eccleſiam intrudat ipſe ſeſe, cùm Timotheus

80 1077 872 64 tantus vir etiam de quo præceſſerant ſpiritus Dei

80 1130 868 56 apertæ prophetiæ, tamen ordinario modo deſi¬

81 1176 734 63 gnatus ſit miniſter & præco verbi Dei.

138 1272 806 69 15 Hæc exerce, in his eſto: vt tuus profe¬

81 1329 622 78 ctus manifeſtus ſit inter omnes.

129 1407 820 62 Tertia admonitio de ipſa operis difficult ate,

80 1458 868 64 vt ea perſpecta diligẽtius paſtores ſuo muneri in¬

78 1510 870 58 cumbant. Habet autem ſummos ſtimulos ipſa

75 1557 878 58 ſtyli, quo Paulus vtitur, ratio, meditare (ait) in his

78 1605 870 60 esto. Vrget enim paſtores ne alibi diutius aut lu¬

76 1654 867 60 bentius occupentur, quàm in hoc munere ſuo,

75 1707 868 54 tanquam in ſua Sparta exornanda. Ergo damnan¬

75 1754 870 78 tur ex hoc Pauli dicto paſtores omnes, qui in ijs,
