1500 2172
723 147 586 68 AD' I. PAVL. AD TIM.

546 172 88 50 150

543 194 876 84 tantur. Et vera eſt illa Auguſtini ſententia lib.19

544 252 874 78 de Ciuitate Dei cap. 19. Otium ſanctum quærit

546 304 872 76 charitas veritatis: negotium iuitum ſuſcipit ne¬

548 362 336 68 ceſſitas charitatis.

597 396 822 78 Epiſcopatum autem definit Paulus ἔργον non

549 444 870 80 τιμὴν, quia, vt ibidem dicit, & rectè quidem Au¬

549 496 872 76 guſtinus, epiſcopatus eſt nomen operis & oneris:

549 542 870 80 non autem honoris. Væ igitur deſidioſis & cani¬

549 591 872 76 bus mutis, qui ſe tamen vocant Epiſcopos, vt eſt

550 638 870 84 apud Iſai. 56. Videtur autem hæc ſumpta defi¬

552 688 872 78 nitio ex Exod. cap. 39. ſed imprimis verſ.41. vbi

555 740 864 75 quæ Aaron & Leuitæ habere ſingularia & pe¬

555 789 868 68 culiaria iubentur, ad miniſtrandum Deo, non or¬

555 837 868 69 namenti cauſa illis data eſſe commemorantur:

554 886 868 75 ſed potius miniſterij & operis illis à Deo in¬

555 946 248 68 iuncti gratia.

614 1024 812 96 2 Oportet igitur Epiſcopum irreprehen¬

556 1092 870 84 ſum eſſe, vnius vxoris virum, vigilantem,

556 1144 873 94 ſobrium, compoſitum, hoſpitalem, aptum ad

556 1221 232 68 docendum.

610 1268 818 80 Varias dotes poſtea recenſet Paulus, quibus

561 1320 864 76 ornatum eſſefpiſcopum oportet, vt ſit maioris

560 1370 870 75 inter ſuos authoritatis, & tanquam exemplar to¬

560 1419 873 74 tius gregis, vt docet Petrus 1. Epiſt. cap.5. Manant

561 1468 870 72 enim in vulgus exempla regentum, & paſtorem

560 1514 873 74 oportet non tantùm doctrina: ſed & vitæ probi

561 1560 872 75 tate ac ſanctitate cæteris prælucere. Matth.5.vt ſit

561 1612 872 74 ſal, quia quodammodo in ipſius Dei doctrinam,

562 1659 873 76 quam prædicant, redundant paſtorum vitia &

562 1706 872 81 probra. Vnde fit, vt etiam in lege veteri ſymbolis

564 1758 873 82 quibuſdam doceret Dominus quantas dotes in

1176 1808 261 74 Sacerdot ibus
