1500 2172
561 154 88 42 210

728 134 560 57 Ap l. PAVL. AD' TIM.

604 174 826 75 Quæ tria ſequuntur ſunt trium ſuperiorum vi¬

556 230 873 70 elum ex ἀντιSεσιι explicationes. Itaque longiori

556 306 552 46 iam intepretatione non égent.

620 370 814 81 4 Qui ſuæ domui bene præſit, qui libe¬

560 448 868 60 Tos conbineat in juviectiont tum omni hone¬

562 506 130 62 Jtate.

610 572 818 69 Τάξις cum tranſitione coniuncta. Poſtquam

558 627 873 66 enim docuit quæ in Epiſcopo ſpectari debent ex

560 675 870 64 ipſius perſona, iam addit quæ aliorum ratione in

560 723 872 64 eodem requirantur. Ac primùm quidem Libero¬

560 770 872 63 rũ ratione & totius familiæ. 2 Vocationis ipſius

558 819 873 66 ad Euangelium. 3 Extraneorum. Nam quædam

560 868 872 66 in eo ex tribus his cauſis cnoſyderari oportet,

567 914 740 68 quis hîc ordine tradit & tractat Paulus.

608 963 824 69 Ergo familiæ & imprimis Liberorum inſtitu¬

558 1011 874 68 tio ſpectari debet, qualis ab eo facta ſit, qui in E¬

558 1060 876 69 piſcopatum petitur. Qui enim domui ſuæ rectè

560 1110 876 68 præeſſe non poteſt, quomodo idem poterit Ec¬

561 1160 828 62 cleſiam, quæ maioris eſt ponderis, gubernare?

610 1204 822 68 Simile præceptum eſt Tit. 1.v. 6. Ratio huius

564 1256 870 68 præceptionis eſt tum ea, quæ à Paulo poſtea ſub¬

562 1306 872 63 neitur: tum quòd quodammodo ingenium pa¬

562 1352 870 62 ternum referunt filiorum mores, adeò vt ex illis

564 1400 873 69 iudicari poſſit, quàm ſit fedulus & diligens pater

564 1449 870 68 in munere ſuo obeundo: & quàm erga Dei glo¬

564 1498 874 63 riam vehementer ſit affectus, & ſeriò, maximè.

564 1544 872 69 cùm facile imperium habere poſsit pater in libe¬

567 1593 870 64 ros, ſi ſemel rectèeos inſtituerit. Nam qui domi

564 1641 873 68 ſuæ gloriam Dei ſperni videt, & patitur, ille faci¬

564 1690 873 68 lè, idem patietur fieri alibi, vbi tam aſsiduus non

567 1740 868 81 eſt, & vbi tã æquũ & facile imperiũ non habebit.

1338 1782 99 87 Hæc
