<?xml version='1.0' encoding='UTF-8'?>
<alto xmlns:xsi="http://www.w3.org/2001/XMLSchema-instance" xmlns="http://www.loc.gov/standards/alto/ns-v4#" xsi:schemaLocation="http://www.loc.gov/standards/alto/ns-v4# http://www.loc.gov/standards/alto/v4/alto-4-2.xsd">
  <Description>
    <MeasurementUnit>pixel</MeasurementUnit>
    <sourceImageInformation>
      <fileName>2013048.jpeg</fileName>
    </sourceImageInformation>
  </Description>
  <Tags>
    <OtherTag ID="BT7" LABEL="CustomZone" DESCRIPTION="block type CustomZone"/><OtherTag ID="BT8" LABEL="DamageZone" DESCRIPTION="block type DamageZone"/><OtherTag ID="BT9" LABEL="DigitizationArtefactZone" DESCRIPTION="block type DigitizationArtefactZone"/><OtherTag ID="BT10" LABEL="DropCapitalZone" DESCRIPTION="block type DropCapitalZone"/><OtherTag ID="BT11" LABEL="GraphicZone" DESCRIPTION="block type GraphicZone"/><OtherTag ID="BT12" LABEL="MainZone" DESCRIPTION="block type MainZone"/><OtherTag ID="BT13" LABEL="MarginTextZone" DESCRIPTION="block type MarginTextZone"/><OtherTag ID="BT14" LABEL="MusicZone" DESCRIPTION="block type MusicZone"/><OtherTag ID="BT15" LABEL="NumberingZone" DESCRIPTION="block type NumberingZone"/><OtherTag ID="BT17" LABEL="QuireMarksZone" DESCRIPTION="block type QuireMarksZone"/><OtherTag ID="BT18" LABEL="RunningTitleZone" DESCRIPTION="block type RunningTitleZone"/><OtherTag ID="BT19" LABEL="SealZone" DESCRIPTION="block type SealZone"/><OtherTag ID="BT20" LABEL="StampZone" DESCRIPTION="block type StampZone"/><OtherTag ID="BT21" LABEL="TableZone" DESCRIPTION="block type TableZone"/><OtherTag ID="BT22" LABEL="TitlePageZone" DESCRIPTION="block type TitlePageZone"/><OtherTag ID="BT3407" LABEL="MainZone-Continued" DESCRIPTION="block type MainZone-Continued"/><OtherTag ID="BT3408" LABEL="MainZone-P" DESCRIPTION="block type MainZone-P"/><OtherTag ID="BT3409" LABEL="MainZone-Head" DESCRIPTION="block type MainZone-Head"/><OtherTag ID="BT3410" LABEL="MainZone-Other" DESCRIPTION="block type MainZone-Other"/><OtherTag ID="BT3411" LABEL="MainZone-Sp" DESCRIPTION="block type MainZone-Sp"/><OtherTag ID="BT3417" LABEL="MainZone-Sp-Continued" DESCRIPTION="block type MainZone-Sp-Continued"/><OtherTag ID="BT3418" LABEL="GraphicZone-Decoration" DESCRIPTION="block type GraphicZone-Decoration"/><OtherTag ID="BT3419" LABEL="MainZone-Entry" DESCRIPTION="block type MainZone-Entry"/><OtherTag ID="BT3420" LABEL="MainZone-Lg" DESCRIPTION="block type MainZone-Lg"/><OtherTag ID="BT3421" LABEL="MainZone-Entry-Continued" DESCRIPTION="block type MainZone-Entry-Continued"/><OtherTag ID="BT3422" LABEL="MarginTextZone-ManuscriptAddendum" DESCRIPTION="block type MarginTextZone-ManuscriptAddendum"/><OtherTag ID="BT3423" LABEL="MainZone-List" DESCRIPTION="block type MainZone-List"/>
    <OtherTag ID="LT7" LABEL="CustomLine" DESCRIPTION="line type CustomLine"/><OtherTag ID="LT8" LABEL="DefaultLine" DESCRIPTION="line type DefaultLine"/><OtherTag ID="LT9" LABEL="DropCapitalLine" DESCRIPTION="line type DropCapitalLine"/><OtherTag ID="LT10" LABEL="HeadingLine" DESCRIPTION="line type HeadingLine"/><OtherTag ID="LT11" LABEL="InterlinearLine" DESCRIPTION="line type InterlinearLine"/><OtherTag ID="LT12" LABEL="MusicLine" DESCRIPTION="line type MusicLine"/>
  </Tags>
  <Layout>
    <Page WIDTH="1500" HEIGHT="2172" PHYSICAL_IMG_NR="44" ID="eSc_dummypage_">
      <PrintSpace HPOS="0" VPOS="0" WIDTH="1500" HEIGHT="2172">
        <TextBlock HPOS="554" VPOS="135" WIDTH="74" HEIGHT="54" ID="block_1" TAGREFS="BT15">
          <Shape><Polygon POINTS="554 135 628 135 628 189 554 189 554 135"/></Shape>
          <TextLine ID="line_1" TAGREFS="LT8" BASELINE="562 172 654 171" HPOS="561" VPOS="153" WIDTH="93" HEIGHT="42">
            <Shape><Polygon POINTS="562 172 562 195 654 178 654 171 651 153 561 156 562 172"/></Shape>
            <String CONTENT="208" HPOS="561" VPOS="153" WIDTH="93" HEIGHT="42" WC="0.9999991655349731"/>
          </TextLine>
        </TextBlock>
        <TextBlock HPOS="710" VPOS="129" WIDTH="570" HEIGHT="53" ID="block_2" TAGREFS="BT18">
          <Shape><Polygon POINTS="710 129 1280 129 1280 182 710 182 710 129"/></Shape>
          <TextLine ID="line_2" TAGREFS="LT8" BASELINE="696 171 1280 166" HPOS="694" VPOS="132" WIDTH="585" HEIGHT="56">
            <Shape><Polygon POINTS="1142 153 1130 153 1116 153 1104 153 1092 153 1080 153 1068 153 1056 153 1044 153 1032 153 1020 153 1008 153 996 153 984 153 972 153 960 153 948 153 936 153 933 153 924 153 912 153 900 153 888 153 876 153 864 153 855 153 850 153 838 153 826 153 824 153 820 153 816 153 814 153 802 153 790 153 778 153 766 153 754 153 742 153 730 153 718 153 706 153 694 153 696 171 696 182 780 188 782 188 783 188 783 188 789 183 795 180 825 180 828 183 832 188 834 188 836 188 837 188 858 183 874 178 940 178 962 183 984 188 986 188 1018 184 1060 178 1070 184 1072 186 1074 186 1074 186 1076 188 1101 188 1101 186 1102 186 1108 184 1122 177 1167 177 1174 184 1176 184 1176 184 1178 184 1179 184 1179 184 1278 184 1280 166 1276 135 1149 132 1148 132 1148 132 1146 132 1142 135 1142 153"/></Shape>
            <String CONTENT="AD I. PAVL. AD TIM." HPOS="694" VPOS="132" WIDTH="585" HEIGHT="56" WC="0.9862634978796306"/>
          </TextLine>
        </TextBlock>
        <TextBlock HPOS="547" VPOS="189" WIDTH="885" HEIGHT="1598" ID="block_3" TAGREFS="BT3407">
          <Shape><Polygon POINTS="547 189 1431 189 1431 1787 547 1787 547 189"/></Shape>
          <TextLine ID="line_3" TAGREFS="LT8" BASELINE="550 231 1424 228" HPOS="549" VPOS="180" WIDTH="874" HEIGHT="72">
            <Shape><Polygon POINTS="550 231 550 252 843 243 1113 249 1114 249 1166 242 1244 248 1245 248 1342 242 1420 248 1424 228 1420 190 1374 182 1372 182 1371 182 1370 182 1359 190 1356 190 1316 190 1316 190 1306 183 1305 183 1304 183 1302 183 1263 190 1250 180 1248 180 1246 180 1246 180 1144 190 1130 192 1053 192 1050 190 1041 182 1040 182 1038 182 1036 182 1036 182 1012 190 1008 192 958 192 956 190 944 182 944 182 942 182 868 182 867 182 866 182 864 182 854 190 852 190 850 190 832 183 832 183 831 183 783 190 777 190 774 190 740 183 740 183 705 189 651 183 650 183 648 183 648 183 640 190 634 192 549 190 550 231"/></Shape>
            <String CONTENT="tur, ſiue in bello ſiue in pace: tum etiam Leonis" HPOS="549" VPOS="180" WIDTH="874" HEIGHT="72" WC="0.9866310844616014"/>
          </TextLine>
          <TextLine ID="line_4" TAGREFS="LT8" BASELINE="550 278 1420 273" HPOS="549" VPOS="236" WIDTH="872" HEIGHT="64">
            <Shape><Polygon POINTS="550 278 550 300 644 291 693 297 694 297 696 297 710 291 813 297 814 297 816 297 818 297 862 290 975 296 982 296 984 296 986 296 987 296 996 290 1035 296 1041 296 1042 297 1186 297 1186 296 1188 296 1190 296 1191 294 1203 288 1246 294 1260 296 1262 296 1272 294 1304 288 1312 292 1314 296 1316 296 1317 296 1318 296 1419 291 1420 273 1419 244 1395 237 1394 237 1392 237 1338 243 1311 236 1310 236 1308 236 1308 236 1306 236 1298 243 1040 237 1038 237 1006 243 858 240 856 240 855 240 842 246 832 238 832 238 831 238 796 238 795 238 740 240 740 240 738 240 726 246 652 240 651 240 650 240 630 246 598 240 597 240 549 248 550 278"/></Shape>
            <String CONTENT="4. Roma. Epiſcopi quod refertur in cano. Igitur" HPOS="549" VPOS="236" WIDTH="872" HEIGHT="64" WC="0.9928810406238475"/>
          </TextLine>
          <TextLine ID="line_5" TAGREFS="LT8" BASELINE="549 327 1419 324" HPOS="549" VPOS="284" WIDTH="870" HEIGHT="64">
            <Shape><Polygon POINTS="549 327 549 348 586 340 640 346 640 346 669 340 681 346 682 346 684 346 717 340 794 346 804 346 806 346 810 346 840 339 976 345 1004 345 1005 346 1077 346 1077 345 1078 345 1080 345 1080 345 1088 339 1114 345 1128 345 1130 345 1130 345 1137 344 1155 339 1221 339 1232 344 1233 345 1234 345 1234 345 1236 345 1252 344 1290 339 1311 342 1324 345 1326 345 1419 340 1419 324 1416 290 1326 290 1324 290 1300 284 1299 284 1298 284 1296 284 1296 284 1290 290 1272 284 1270 284 1270 284 1269 284 1248 290 1246 290 1242 290 1162 284 1161 284 1130 291 1125 292 1024 292 1022 291 994 284 993 284 993 284 992 284 990 284 981 291 974 284 972 284 970 284 938 284 936 284 934 284 921 291 910 284 909 284 908 284 838 284 838 284 837 284 814 292 812 292 788 292 585 285 584 285 549 292 549 327"/></Shape>
            <String CONTENT="cùm ſæpe 23 quæſt.8. Ratio quoque idem ſuadet." HPOS="549" VPOS="284" WIDTH="870" HEIGHT="64" WC="0.981735313192327"/>
          </TextLine>
          <TextLine ID="line_6" TAGREFS="LT8" BASELINE="550 375 1419 370" HPOS="549" VPOS="333" WIDTH="870" HEIGHT="60">
            <Shape><Polygon POINTS="550 375 550 390 908 386 914 388 922 392 924 392 926 393 1028 393 1028 392 1059 387 1068 386 1078 387 1118 392 1119 392 1162 386 1176 384 1179 386 1191 390 1191 390 1192 392 1388 392 1388 390 1419 382 1419 370 1418 344 1311 333 1310 333 1160 342 1130 344 1125 342 1116 334 1114 334 1113 334 1112 334 1072 342 1062 344 1059 342 1050 336 1048 336 1048 336 1047 336 950 340 908 344 888 340 840 334 838 334 838 334 820 340 812 345 801 340 788 336 786 336 784 336 754 340 734 345 710 340 681 336 680 336 549 339 550 375"/></Shape>
            <String CONTENT="Operæpretiũ eſt enim intereſſe in exercitu ho¬" HPOS="549" VPOS="333" WIDTH="870" HEIGHT="60" WC="0.9992776665281742"/>
          </TextLine>
          <TextLine ID="line_7" TAGREFS="LT8" BASELINE="552 422 1419 418" HPOS="550" VPOS="381" WIDTH="868" HEIGHT="62">
            <Shape><Polygon POINTS="552 422 552 438 982 442 984 442 986 442 999 436 1002 436 1017 436 1090 441 1092 441 1149 436 1164 435 1178 436 1234 441 1236 441 1238 441 1258 435 1263 435 1270 435 1346 441 1347 441 1418 434 1419 418 1416 392 1366 392 1366 390 1340 381 1338 381 1336 381 1290 387 1275 381 1274 381 1272 381 1270 381 1270 381 1257 390 1256 390 1252 390 1178 381 1176 381 1119 388 1112 390 951 388 912 388 898 382 897 382 896 382 774 382 752 388 734 393 642 393 632 388 620 382 618 382 616 382 550 387 552 422"/></Shape>
            <String CONTENT="mines pios &amp; Epiſcopos, qui militum inſolen¬" HPOS="550" VPOS="381" WIDTH="868" HEIGHT="62" WC="0.9997568130493164"/>
          </TextLine>
          <TextLine ID="line_8" TAGREFS="LT8" BASELINE="549 472 1419 470" HPOS="549" VPOS="432" WIDTH="870" HEIGHT="60">
            <Shape><Polygon POINTS="549 472 549 484 657 484 660 486 680 492 681 492 682 492 772 486 795 484 798 486 806 492 807 492 808 492 808 492 842 486 850 484 876 486 951 492 952 492 1041 486 1096 483 1107 486 1118 490 1119 490 1120 490 1143 486 1166 483 1224 483 1227 486 1232 490 1233 490 1234 490 1234 490 1256 486 1276 483 1296 486 1314 490 1314 490 1419 486 1419 470 1416 432 1341 441 1274 434 1272 434 1270 434 1244 441 1174 435 1173 435 1172 435 1172 435 1162 441 1154 434 1152 432 1150 432 1149 432 1125 432 1124 432 1122 432 1122 432 1120 434 1110 441 1065 434 1060 434 1059 434 1052 434 976 442 909 435 896 434 894 434 886 435 848 442 812 435 801 434 801 434 800 434 795 435 777 444 675 444 664 436 660 434 660 434 658 434 657 434 549 436 549 472"/></Shape>
            <String CONTENT="tiam reprimant, fundant quotidianas preces ad" HPOS="549" VPOS="432" WIDTH="870" HEIGHT="60" WC="0.9976540154880947"/>
          </TextLine>
          <TextLine ID="line_9" TAGREFS="LT8" BASELINE="549 519 1418 518" HPOS="549" VPOS="478" WIDTH="868" HEIGHT="56">
            <Shape><Polygon POINTS="549 519 549 534 1416 534 1418 518 1414 489 1374 489 1374 488 1362 478 1360 478 1359 478 1358 478 1320 484 1310 478 1308 478 1308 478 1306 478 1305 478 1304 478 1290 488 1287 489 1233 489 1227 486 1203 478 1202 478 1154 478 1154 478 1152 478 1130 486 1124 489 981 489 956 484 926 480 926 480 880 482 879 482 878 482 876 484 870 489 837 483 830 483 828 483 822 483 792 489 777 483 771 480 770 480 768 480 766 480 759 483 748 486 741 483 734 480 734 480 732 480 730 480 723 483 710 489 686 482 680 480 678 480 678 480 549 480 549 519"/></Shape>
            <String CONTENT="Deum pro toto exercitu, eum conſolentur &amp; a¬" HPOS="549" VPOS="478" WIDTH="868" HEIGHT="56" WC="0.9880687689239328"/>
          </TextLine>
          <TextLine ID="line_10" TAGREFS="LT8" BASELINE="549 567 1416 566" HPOS="548" VPOS="528" WIDTH="868" HEIGHT="56">
            <Shape><Polygon POINTS="549 567 549 580 1413 584 1416 566 1413 536 1376 536 1374 536 1364 528 1362 528 1360 528 1359 528 1244 534 1222 528 1221 528 1221 528 1173 536 1172 536 1160 528 1160 528 1158 528 1098 528 1096 528 1095 528 1070 536 1036 528 1035 528 1034 528 1032 528 1030 528 1018 536 963 530 962 530 927 537 924 537 921 537 885 530 884 530 882 530 860 537 858 537 855 537 816 530 814 530 814 530 796 537 782 530 780 530 734 530 732 530 730 530 729 530 722 537 690 537 681 537 680 537 639 530 638 530 636 530 614 537 585 530 584 530 582 530 580 530 548 537 549 567"/></Shape>
            <String CONTENT="niment, vt dicitur Ambroſius ipſe pius Epiſco¬" HPOS="548" VPOS="528" WIDTH="868" HEIGHT="56" WC="0.9818255784718887"/>
          </TextLine>
          <TextLine ID="line_11" TAGREFS="LT8" BASELINE="550 616 1416 615" HPOS="549" VPOS="574" WIDTH="867" HEIGHT="62">
            <Shape><Polygon POINTS="550 616 550 628 740 628 744 630 750 634 752 634 753 634 753 634 754 634 756 634 760 630 765 628 818 628 824 630 831 634 832 634 832 634 834 636 890 636 890 634 891 634 904 632 915 628 932 632 954 634 956 634 956 634 969 632 984 627 1011 632 1020 633 1022 633 1023 633 1024 633 1024 632 1034 627 1102 627 1112 633 1116 634 1116 634 1118 634 1132 633 1180 627 1194 633 1197 634 1197 634 1198 634 1314 634 1314 634 1318 634 1352 627 1413 634 1416 615 1414 586 1376 574 1374 574 1372 574 1371 574 1346 585 1346 586 1302 586 1302 585 1287 574 1286 574 1284 574 1282 574 1282 574 1264 585 1262 585 1257 585 1224 576 1222 576 1221 576 1221 576 1198 585 1194 585 1191 585 1179 576 1178 576 1176 576 1174 576 1132 584 1118 585 1110 584 1086 574 1086 574 982 574 981 574 981 574 962 580 944 588 894 588 882 580 874 578 873 578 872 578 870 578 864 579 856 584 852 579 849 576 848 576 846 576 818 576 816 576 814 576 814 576 810 579 800 586 741 579 717 576 716 576 716 576 708 579 684 586 549 578 550 616"/></Shape>
            <String CONTENT="pus verſatus eſſe in caſtris Théodoſij aduerſus" HPOS="549" VPOS="574" WIDTH="867" HEIGHT="62" WC="0.9920700242122015"/>
          </TextLine>
          <TextLine ID="line_12" TAGREFS="LT8" BASELINE="549 666 1418 663" HPOS="549" VPOS="624" WIDTH="868" HEIGHT="64">
            <Shape><Polygon POINTS="549 666 549 686 699 678 710 684 712 687 714 687 716 687 716 688 780 688 780 687 834 684 900 678 921 682 948 687 950 687 950 687 960 682 966 678 982 681 1005 686 1006 686 1008 686 1020 681 1030 678 1053 681 1086 686 1086 686 1088 686 1104 680 1113 678 1264 678 1268 678 1284 686 1286 686 1287 687 1346 687 1346 686 1347 686 1348 686 1362 678 1416 676 1418 663 1416 636 1390 626 1389 626 1388 626 1388 626 1386 626 1370 634 1370 636 1214 636 1209 634 1191 624 1190 624 1142 624 1140 624 1138 624 1137 624 1125 633 1120 636 1060 636 1022 632 957 626 956 626 956 626 944 630 932 636 908 630 890 626 888 626 888 626 862 630 844 633 831 628 818 626 816 626 814 626 814 626 813 626 808 628 795 636 710 634 698 628 692 626 690 626 690 626 549 626 549 666"/></Shape>
            <String CONTENT="Eugenium proficiſcentis, &amp; expeditionem parã¬" HPOS="549" VPOS="624" WIDTH="868" HEIGHT="64" WC="0.9971711946570355"/>
          </TextLine>
          <TextLine ID="line_13" TAGREFS="LT8" BASELINE="549 714 1418 711" HPOS="549" VPOS="675" WIDTH="868" HEIGHT="52">
            <Shape><Polygon POINTS="549 714 549 728 1416 726 1418 711 1414 687 1326 687 1324 686 1314 678 1314 678 1312 678 1311 678 1310 678 1308 678 1300 686 1299 687 1228 687 1227 686 1203 675 1203 675 1176 675 1174 675 1173 675 1172 675 1160 684 1160 686 1124 686 1124 684 1113 676 1113 675 1112 675 1110 675 1040 675 1038 675 1036 675 1036 675 1024 684 1024 684 1022 684 1002 681 1000 681 999 681 990 684 981 688 933 688 928 684 920 676 918 676 916 676 915 676 914 676 890 684 879 687 870 684 850 676 849 676 848 676 846 676 832 684 832 684 826 684 796 680 795 680 795 680 783 684 766 687 746 682 711 676 628 676 628 676 627 676 610 682 598 687 592 682 585 676 584 676 582 676 580 676 549 681 549 714"/></Shape>
            <String CONTENT="tis. Denique authoritas verbi Dei iſtarum ſyno¬" HPOS="549" VPOS="675" WIDTH="868" HEIGHT="52" WC="0.979938378993501"/>
          </TextLine>
          <TextLine ID="line_14" TAGREFS="LT8" BASELINE="549 762 1414 759" HPOS="549" VPOS="723" WIDTH="866" HEIGHT="60">
            <Shape><Polygon POINTS="549 762 549 777 609 774 615 778 618 782 618 783 620 783 621 783 622 783 680 783 680 783 681 783 688 778 698 772 744 772 783 778 806 783 807 783 820 778 849 772 900 780 922 783 924 783 926 783 932 780 944 772 1047 771 1098 777 1098 777 1208 774 1216 782 1218 782 1220 782 1221 782 1233 782 1348 774 1413 782 1414 759 1412 732 1198 732 1196 730 1185 723 1185 723 1184 723 1182 723 1148 730 1138 732 1132 730 1110 723 1108 723 1018 723 1017 723 1016 723 1014 723 1005 730 1000 732 987 730 952 724 951 724 950 724 932 729 920 734 900 729 868 724 867 724 866 724 850 729 838 734 826 729 812 724 810 724 771 724 771 724 770 724 759 729 750 734 724 729 708 728 706 728 705 728 698 729 684 734 549 729 549 762"/></Shape>
            <String CONTENT="dorum omnibus decretis obiicitur &amp; opponitur." HPOS="549" VPOS="723" WIDTH="866" HEIGHT="60" WC="0.999166206518809"/>
          </TextLine>
          <TextLine ID="line_15" TAGREFS="LT8" BASELINE="550 813 1416 810" HPOS="549" VPOS="771" WIDTH="867" HEIGHT="62">
            <Shape><Polygon POINTS="550 813 552 832 573 824 676 824 688 831 690 831 690 831 692 831 693 831 723 824 741 831 742 831 744 831 748 831 998 822 1113 830 1125 830 1126 830 1128 830 1130 830 1156 822 1172 830 1174 830 1176 830 1178 831 1293 831 1293 830 1294 830 1300 828 1326 822 1413 826 1416 810 1413 782 1300 782 1298 780 1282 771 1282 771 1281 771 1280 771 1278 771 1276 771 1264 778 1262 780 1216 778 999 771 998 771 996 771 986 777 976 782 930 782 914 776 900 771 898 771 897 771 896 771 886 776 878 778 858 776 842 772 840 772 838 772 838 772 836 776 825 782 808 776 801 771 800 771 798 771 796 771 788 774 770 780 759 774 753 771 752 771 750 771 729 774 699 777 690 774 687 772 686 772 684 772 684 772 682 772 682 774 669 782 549 772 550 813"/></Shape>
            <String CONTENT="Nam &amp; Moſes &amp; Aaron bellis iis interfuerunt," HPOS="549" VPOS="771" WIDTH="867" HEIGHT="62" WC="0.9787844852967695"/>
          </TextLine>
          <TextLine ID="line_16" TAGREFS="LT8" BASELINE="550 856 1418 858" HPOS="550" VPOS="820" WIDTH="867" HEIGHT="60">
            <Shape><Polygon POINTS="550 856 550 876 711 870 723 876 728 878 729 878 730 878 748 876 770 872 784 876 800 878 801 878 816 876 843 870 858 874 862 876 864 876 864 876 866 876 872 874 888 870 972 874 1056 879 1058 879 1083 874 1098 870 1120 874 1160 879 1160 879 1161 879 1162 879 1170 873 1174 870 1242 870 1246 873 1252 878 1252 879 1252 879 1254 879 1256 880 1296 880 1296 879 1298 879 1299 879 1306 873 1310 870 1414 872 1418 858 1418 831 1401 822 1400 822 1398 822 1353 830 1352 831 1246 831 1240 828 1209 822 1209 822 1208 822 1206 822 1197 828 1194 831 1119 831 1101 826 1064 822 1062 822 1060 822 1050 826 1044 831 984 831 952 830 950 826 944 820 944 820 942 820 870 820 870 820 868 820 867 820 862 825 858 828 550 822 550 856"/></Shape>
            <String CONTENT="quæ ſuo tempore à Dei populo gerebantur: &amp;" HPOS="550" VPOS="820" WIDTH="867" HEIGHT="60" WC="0.9872067293455434"/>
          </TextLine>
          <TextLine ID="line_17" TAGREFS="LT8" BASELINE="549 909 1418 906" HPOS="548" VPOS="867" WIDTH="870" HEIGHT="58">
            <Shape><Polygon POINTS="549 909 549 926 892 926 892 926 912 922 932 918 974 921 1030 926 1030 926 1092 920 1130 918 1197 918 1370 924 1370 924 1416 916 1418 906 1413 876 1352 876 1342 874 1304 867 1302 867 1302 867 1300 867 1290 874 1287 876 1222 876 1218 873 1203 867 1203 867 1202 867 1200 867 1198 867 1198 868 1192 873 1190 876 1149 873 1074 868 1074 868 1072 868 1071 868 1066 873 1060 878 990 878 980 872 972 868 970 868 880 868 879 868 878 868 876 868 873 870 864 876 826 870 814 870 814 870 813 870 808 870 792 879 666 879 648 870 648 870 646 870 645 870 644 870 642 870 620 878 598 870 598 870 597 870 596 870 573 876 548 870 549 909"/></Shape>
            <String CONTENT="Numer Io.verſ.1.2.3. iubentur Sacerdotes ſacras" HPOS="548" VPOS="867" WIDTH="870" HEIGHT="58" WC="0.9903347720491126"/>
          </TextLine>
          <TextLine ID="line_18" TAGREFS="LT8" BASELINE="549 956 1414 954" HPOS="548" VPOS="915" WIDTH="867" HEIGHT="63">
            <Shape><Polygon POINTS="549 956 549 968 650 976 651 976 699 968 704 968 705 968 728 976 729 976 730 978 810 978 810 976 858 968 858 968 872 976 873 976 874 976 876 978 944 978 944 976 944 976 945 976 956 968 969 974 969 974 970 974 972 974 987 968 988 968 1023 968 1024 968 1035 975 1036 975 1036 975 1038 976 1074 976 1074 975 1074 975 1076 975 1088 968 1089 968 1106 975 1107 975 1108 975 1148 968 1149 968 1152 968 1184 975 1185 975 1185 975 1238 968 1336 975 1338 975 1340 975 1340 975 1348 968 1413 966 1414 954 1413 926 1376 915 1374 915 1372 915 1320 916 1318 916 1317 916 1304 926 1170 915 1168 915 1167 915 1137 926 1062 926 1036 915 1036 915 982 915 981 915 981 915 980 915 980 916 968 927 918 927 906 916 904 916 903 916 902 916 900 916 872 924 830 916 828 916 735 926 723 916 722 916 722 916 670 916 669 916 668 916 666 916 654 926 590 916 588 916 586 916 585 916 585 918 574 927 548 927 549 956"/></Shape>
            <String CONTENT="tubas deferre in bellum, illíque preſentes adeſſe." HPOS="548" VPOS="915" WIDTH="867" HEIGHT="63" WC="0.9883622959548352"/>
          </TextLine>
          <TextLine ID="line_19" TAGREFS="LT8" BASELINE="550 1006 1414 1002" HPOS="549" VPOS="963" WIDTH="866" HEIGHT="66">
            <Shape><Polygon POINTS="550 1006 550 1023 638 1029 639 1029 640 1029 640 1029 646 1024 648 1022 722 1020 728 1024 732 1029 734 1029 734 1029 735 1029 765 1029 765 1029 820 1024 898 1018 908 1024 910 1028 912 1028 914 1028 914 1028 915 1028 916 1028 920 1024 930 1018 986 1023 987 1023 1016 1017 1034 1024 1035 1024 1036 1024 1038 1024 1076 1017 1104 1024 1110 1026 1110 1026 1112 1026 1113 1026 1114 1026 1114 1024 1116 1024 1124 1017 1185 1024 1188 1024 1190 1024 1191 1024 1209 1017 1269 1023 1270 1023 1270 1023 1294 1017 1317 1024 1318 1024 1320 1026 1413 1026 1414 1002 1413 974 1282 974 1270 963 1269 963 1268 963 1266 963 1197 974 1148 964 1146 964 1113 970 1080 964 1080 964 1078 964 1077 964 1062 974 1002 969 1000 969 999 969 981 975 968 966 966 966 964 966 963 966 882 975 870 966 868 966 867 966 814 966 813 966 812 966 810 966 798 975 764 976 728 968 728 968 616 968 615 968 614 968 592 974 574 968 573 968 573 968 572 968 549 976 550 1006"/></Shape>
            <String CONTENT="Apparet ex epiſt.225. Bernardũ Monachum pro" HPOS="549" VPOS="963" WIDTH="866" HEIGHT="66" WC="0.9968421838500283"/>
          </TextLine>
          <TextLine ID="line_20" TAGREFS="LT8" BASELINE="549 1058 1418 1052" HPOS="548" VPOS="1011" WIDTH="870" HEIGHT="68">
            <Shape><Polygon POINTS="549 1058 549 1078 622 1070 710 1076 712 1076 714 1076 716 1076 748 1068 768 1074 771 1076 771 1076 772 1076 788 1074 852 1068 914 1072 944 1074 945 1074 946 1074 951 1072 962 1066 972 1072 981 1074 981 1074 982 1074 984 1074 986 1074 990 1071 998 1066 1017 1071 1030 1072 1032 1072 1053 1070 1072 1066 1077 1070 1080 1072 1082 1072 1083 1072 1084 1074 1228 1074 1228 1072 1230 1072 1232 1072 1240 1066 1245 1065 1250 1066 1262 1072 1263 1072 1264 1072 1264 1072 1266 1072 1272 1066 1275 1065 1282 1066 1311 1072 1312 1072 1416 1064 1418 1052 1414 1022 1377 1012 1376 1012 1340 1020 1312 1011 1311 1011 1310 1011 1308 1011 1282 1020 1282 1022 1228 1022 1218 1020 1184 1016 1182 1016 1180 1016 1179 1016 1173 1020 1172 1023 1114 1023 1104 1020 1072 1014 1071 1014 1070 1014 1058 1020 1052 1023 1044 1020 1030 1014 1029 1014 921 1014 920 1014 920 1014 909 1018 908 1020 906 1018 898 1014 897 1014 896 1014 894 1014 862 1018 832 1023 548 1018 549 1058"/></Shape>
            <String CONTENT="pace inter regem Galliæ Ludouicum &amp; Comi¬" HPOS="548" VPOS="1011" WIDTH="870" HEIGHT="68" WC="0.9939565716720209"/>
          </TextLine>
          <TextLine ID="line_21" TAGREFS="LT8" BASELINE="550 1102 1419 1100" HPOS="549" VPOS="1060" WIDTH="870" HEIGHT="63">
            <Shape><Polygon POINTS="550 1102 550 1116 698 1116 704 1118 710 1124 711 1124 712 1124 714 1124 716 1124 734 1119 735 1118 736 1119 742 1124 744 1124 746 1124 746 1124 747 1124 748 1124 758 1119 760 1116 800 1119 858 1122 858 1122 860 1122 861 1122 864 1119 870 1116 902 1116 942 1120 976 1124 978 1124 980 1124 988 1120 1005 1114 1024 1120 1032 1122 1034 1122 1035 1122 1054 1120 1094 1116 1116 1122 1126 1122 1128 1122 1130 1122 1132 1122 1149 1114 1164 1120 1166 1120 1230 1122 1305 1122 1306 1122 1308 1122 1308 1122 1338 1116 1354 1122 1356 1122 1358 1124 1418 1124 1419 1100 1416 1066 1359 1060 1358 1060 1320 1066 1312 1068 1310 1066 1304 1060 1302 1060 1302 1060 1248 1060 1246 1060 1246 1060 1226 1066 1221 1070 1101 1070 1098 1068 1065 1060 1064 1060 1062 1060 1048 1068 1047 1068 990 1060 988 1060 956 1070 951 1070 940 1070 848 1062 846 1062 844 1062 826 1070 808 1062 808 1062 807 1062 748 1070 724 1062 723 1062 722 1062 678 1068 642 1062 640 1062 640 1062 626 1070 610 1064 610 1064 609 1064 549 1071 550 1102"/></Shape>
            <String CONTENT="tem Burgundiæ ineunda imploratum. Sed ex his" HPOS="549" VPOS="1060" WIDTH="870" HEIGHT="63" WC="0.9866046593947844"/>
          </TextLine>
          <TextLine ID="line_22" TAGREFS="LT8" BASELINE="546 1152 1419 1148" HPOS="544" VPOS="1110" WIDTH="874" HEIGHT="62">
            <Shape><Polygon POINTS="546 1152 546 1166 645 1172 646 1172 722 1166 876 1172 876 1172 878 1172 879 1172 886 1166 909 1172 910 1172 912 1172 999 1166 1016 1172 1017 1172 1018 1172 1074 1166 1101 1172 1102 1172 1104 1172 1202 1170 1203 1170 1203 1170 1210 1164 1212 1164 1250 1170 1251 1170 1359 1164 1382 1170 1383 1170 1384 1170 1419 1162 1419 1148 1416 1116 1234 1116 1230 1116 1214 1110 1212 1110 1210 1110 1104 1114 1040 1118 1012 1114 984 1110 982 1110 981 1110 981 1110 975 1114 969 1118 891 1114 846 1112 844 1112 844 1112 838 1114 820 1119 813 1113 810 1112 808 1112 808 1112 807 1112 789 1113 752 1118 742 1113 740 1112 738 1112 736 1112 735 1112 732 1113 717 1119 711 1113 710 1112 710 1112 708 1112 706 1112 688 1113 636 1118 621 1113 616 1112 616 1112 615 1112 614 1112 609 1113 584 1119 574 1113 574 1112 573 1112 573 1112 572 1112 544 1112 546 1152"/></Shape>
            <String CONTENT="locis factũ eſt, vt in cano. Si in morte Longobar¬" HPOS="544" VPOS="1110" WIDTH="874" HEIGHT="62" WC="0.9817532312636282"/>
          </TextLine>
          <TextLine ID="line_23" TAGREFS="LT8" BASELINE="544 1198 1416 1197" HPOS="543" VPOS="1158" WIDTH="873" HEIGHT="63">
            <Shape><Polygon POINTS="544 1198 544 1215 978 1221 980 1221 1074 1215 1092 1214 1092 1215 1101 1220 1102 1220 1104 1220 1104 1221 1240 1221 1240 1220 1314 1214 1316 1214 1318 1214 1384 1220 1386 1220 1414 1212 1416 1197 1413 1166 1320 1158 1318 1158 1317 1158 1304 1166 1302 1166 1290 1166 1264 1160 1264 1160 1246 1164 1236 1166 1230 1164 1215 1158 1214 1158 1212 1158 1210 1158 1209 1158 1200 1164 1196 1167 1080 1167 1074 1162 1066 1158 1066 1158 1065 1158 984 1158 982 1158 981 1158 974 1161 962 1168 914 1168 903 1161 900 1160 900 1160 898 1160 897 1160 870 1161 798 1167 724 1160 711 1160 710 1160 710 1160 706 1160 690 1167 590 1167 576 1160 574 1160 573 1160 543 1160 544 1198"/></Shape>
            <String CONTENT="dorum s ſed notandum eſt diſt.23. quæſt.8. diſtin¬" HPOS="543" VPOS="1158" WIDTH="873" HEIGHT="63" WC="0.9906587874889374"/>
          </TextLine>
          <TextLine ID="line_24" TAGREFS="LT8" BASELINE="544 1248 1419 1248" HPOS="544" VPOS="1209" WIDTH="874" HEIGHT="62">
            <Shape><Polygon POINTS="544 1248 544 1269 603 1263 650 1269 657 1269 658 1269 660 1269 660 1269 675 1262 690 1268 692 1269 693 1269 694 1269 696 1269 698 1268 716 1262 820 1266 870 1269 872 1269 888 1266 914 1262 939 1264 962 1269 963 1270 1036 1270 1036 1269 1036 1269 1038 1269 1044 1264 1050 1262 1088 1264 1154 1269 1154 1269 1155 1269 1156 1269 1162 1264 1166 1262 1212 1262 1215 1263 1226 1269 1227 1269 1227 1269 1228 1270 1346 1270 1346 1269 1419 1260 1419 1248 1419 1214 1185 1209 1184 1209 1126 1215 1092 1216 1089 1215 1084 1210 1083 1210 1082 1210 1080 1210 1052 1215 1034 1216 1024 1215 1008 1210 1006 1210 1005 1210 970 1215 954 1216 944 1215 924 1210 922 1210 858 1215 838 1216 837 1215 832 1210 831 1210 830 1210 716 1209 714 1209 712 1209 711 1209 702 1216 700 1218 669 1218 668 1216 646 1209 645 1209 644 1209 642 1209 640 1209 633 1216 632 1218 544 1218 544 1248"/></Shape>
            <String CONTENT="guatur inſulſè inter eos, qui munus Epiſcopale" HPOS="544" VPOS="1209" WIDTH="874" HEIGHT="62" WC="0.9995700602835798"/>
          </TextLine>
          <TextLine ID="line_25" TAGREFS="LT8" BASELINE="543 1296 1413 1294" HPOS="543" VPOS="1256" WIDTH="870" HEIGHT="58">
            <Shape><Polygon POINTS="543 1296 543 1312 1413 1314 1413 1294 1410 1260 1324 1263 1311 1260 1290 1256 1288 1256 1287 1256 1270 1260 1263 1263 1244 1260 1210 1257 1209 1257 1209 1257 1208 1257 1203 1260 1198 1264 1122 1264 1119 1262 1107 1256 1106 1256 1104 1256 1104 1256 1082 1262 1076 1263 1071 1262 1047 1256 1046 1256 1044 1256 1042 1256 1023 1262 1018 1264 956 1264 951 1263 939 1257 938 1257 938 1257 908 1263 898 1264 888 1263 852 1257 850 1257 790 1263 789 1263 708 1257 706 1257 705 1257 684 1264 681 1264 675 1264 592 1257 592 1257 543 1264 543 1296"/></Shape>
            <String CONTENT="habent. Alij enim ex ijs, Solis decimis contenti" HPOS="543" VPOS="1256" WIDTH="870" HEIGHT="58" WC="0.997344841559728"/>
          </TextLine>
          <TextLine ID="line_26" TAGREFS="LT8" BASELINE="544 1344 1413 1341" HPOS="543" VPOS="1300" WIDTH="870" HEIGHT="63">
            <Shape><Polygon POINTS="544 1344 544 1362 909 1364 910 1364 933 1358 944 1358 974 1358 1071 1364 1072 1364 1074 1364 1086 1358 1088 1358 1120 1364 1122 1364 1200 1356 1208 1356 1220 1356 1384 1362 1386 1362 1388 1362 1413 1353 1413 1341 1410 1311 1334 1302 1332 1302 1232 1310 1208 1302 1206 1302 1204 1302 1203 1302 1185 1310 1122 1300 1122 1300 1120 1300 1086 1311 1084 1312 1012 1312 1011 1311 1002 1302 1000 1302 999 1302 956 1302 954 1302 952 1302 938 1311 936 1311 910 1302 909 1302 908 1302 906 1302 890 1311 890 1312 864 1312 864 1311 856 1304 855 1304 854 1304 852 1304 850 1304 834 1311 832 1312 828 1311 812 1304 810 1304 808 1304 808 1304 778 1311 777 1311 770 1304 768 1304 766 1304 765 1304 765 1304 764 1304 753 1311 752 1312 746 1311 708 1304 662 1304 660 1304 660 1304 658 1304 648 1311 648 1312 644 1311 622 1304 621 1304 620 1304 618 1304 598 1310 554 1304 552 1304 550 1304 549 1304 543 1308 544 1344"/></Shape>
            <String CONTENT="ſunt eáſque habẽt pro victu, qui ſunt nudi &amp; ſim¬" HPOS="543" VPOS="1300" WIDTH="870" HEIGHT="63" WC="0.997956230359919"/>
          </TextLine>
          <TextLine ID="line_27" TAGREFS="LT8" BASELINE="544 1390 1408 1394" HPOS="544" VPOS="1352" WIDTH="864" HEIGHT="62">
            <Shape><Polygon POINTS="1407 1364 1364 1353 1362 1353 1360 1353 1329 1364 1328 1364 1326 1364 1286 1353 1284 1353 1282 1353 1250 1364 1246 1364 1246 1364 1232 1353 1230 1353 1228 1353 1138 1353 1137 1353 1136 1353 1107 1360 1074 1353 1074 1353 1072 1353 1071 1353 1060 1360 1059 1364 1048 1360 1012 1353 1011 1353 1011 1353 1010 1353 999 1360 994 1364 950 1364 944 1360 922 1352 921 1352 920 1352 879 1359 864 1364 774 1364 764 1358 742 1352 741 1352 740 1352 740 1352 716 1358 705 1360 699 1358 684 1352 684 1352 682 1352 654 1358 633 1362 614 1358 592 1352 592 1352 591 1352 590 1352 573 1358 556 1362 546 1358 544 1390 544 1412 606 1406 675 1412 699 1413 700 1413 718 1410 764 1406 770 1410 771 1413 772 1413 774 1413 776 1413 876 1413 876 1413 878 1413 879 1413 882 1410 888 1406 920 1408 957 1413 958 1413 960 1413 962 1413 964 1408 968 1406 969 1408 976 1413 978 1413 980 1413 981 1413 981 1413 999 1408 1005 1407 1014 1408 1052 1413 1053 1413 1054 1413 1066 1407 1071 1406 1100 1407 1170 1413 1172 1413 1194 1407 1200 1406 1204 1407 1236 1413 1238 1413 1239 1413 1240 1413 1251 1406 1252 1406 1256 1406 1281 1413 1282 1413 1407 1406 1408 1394 1407 1364"/></Shape>
            <String CONTENT="plices Epiſcopi, quales in Italia: ſed alij Prædia," HPOS="544" VPOS="1352" WIDTH="864" HEIGHT="62" WC="0.9779448427406012"/>
          </TextLine>
          <TextLine ID="line_28" TAGREFS="LT8" BASELINE="546 1437 1412 1440" HPOS="544" VPOS="1400" WIDTH="867" HEIGHT="63">
            <Shape><Polygon POINTS="546 1437 544 1450 582 1461 584 1461 710 1461 710 1461 710 1461 740 1454 748 1461 750 1461 752 1461 753 1461 782 1455 838 1461 840 1461 842 1461 858 1455 891 1461 892 1461 894 1461 894 1461 906 1455 942 1455 951 1461 952 1461 954 1461 956 1462 1030 1462 1030 1461 1032 1461 1050 1455 1095 1461 1096 1461 1119 1456 1126 1462 1128 1462 1130 1462 1130 1462 1188 1455 1208 1462 1209 1462 1209 1462 1210 1462 1232 1455 1266 1462 1268 1462 1269 1462 1270 1462 1281 1455 1359 1462 1360 1462 1362 1462 1364 1462 1371 1455 1410 1455 1412 1440 1412 1412 1376 1401 1374 1401 1305 1401 1304 1401 1302 1401 1302 1401 1290 1408 1269 1401 1268 1401 1266 1401 1232 1410 1228 1410 1222 1410 1122 1400 1120 1400 1042 1402 1041 1402 1040 1402 1030 1408 1030 1410 1010 1410 1008 1408 998 1400 996 1400 994 1400 993 1400 927 1406 912 1400 910 1400 909 1400 908 1400 906 1400 898 1406 885 1400 884 1400 882 1400 882 1400 880 1400 880 1401 872 1408 870 1410 850 1410 774 1408 774 1407 753 1400 752 1400 750 1400 748 1400 735 1406 720 1400 718 1400 717 1400 716 1400 693 1407 692 1408 644 1408 638 1407 579 1400 579 1400 578 1400 576 1400 567 1407 566 1407 546 1407 546 1437"/></Shape>
            <String CONTENT="villas, caſtella, &amp; ciuitates poſſident, quales Epi¬" HPOS="544" VPOS="1400" WIDTH="867" HEIGHT="63" WC="0.9753395846256843"/>
          </TextLine>
          <TextLine ID="line_29" TAGREFS="LT8" BASELINE="542 1488 1410 1491" HPOS="542" VPOS="1449" WIDTH="868" HEIGHT="57">
            <Shape><Polygon POINTS="542 1488 542 1506 1408 1502 1410 1491 1410 1458 1390 1449 1389 1449 1388 1449 1353 1456 1246 1449 1245 1449 1152 1455 1146 1455 1143 1455 1116 1449 1114 1449 1088 1455 1077 1456 1065 1455 1036 1449 1036 1449 1035 1449 1034 1449 1029 1455 1024 1458 981 1458 920 1454 856 1449 782 1449 780 1449 778 1449 777 1449 774 1450 765 1456 652 1456 636 1449 634 1449 634 1449 600 1455 542 1449 542 1488"/></Shape>
            <String CONTENT="ſcopi qui vulgò Barones, Comites, Duces di¬" HPOS="542" VPOS="1449" WIDTH="868" HEIGHT="57" WC="0.9984445192597129"/>
          </TextLine>
          <TextLine ID="line_30" TAGREFS="LT8" BASELINE="542 1534 1408 1538" HPOS="542" VPOS="1496" WIDTH="867" HEIGHT="57">
            <Shape><Polygon POINTS="542 1534 542 1552 1407 1550 1408 1538 1407 1506 1364 1498 1362 1498 1360 1498 1332 1504 1330 1504 1302 1498 1300 1498 1218 1498 1216 1498 1215 1498 1215 1498 1208 1504 1156 1498 1155 1498 1154 1498 1134 1504 1128 1504 1120 1504 1086 1497 1086 1497 1053 1503 1048 1504 1034 1503 952 1497 951 1497 914 1503 900 1504 894 1503 884 1498 882 1498 882 1498 786 1502 746 1503 742 1502 736 1496 735 1496 734 1496 734 1496 698 1500 682 1503 542 1500 542 1534"/></Shape>
            <String CONTENT="cuntur &amp; Pares, vt in Germania, &amp; Gallia multi." HPOS="542" VPOS="1496" WIDTH="867" HEIGHT="57" WC="0.9993798542529979"/>
          </TextLine>
          <TextLine ID="line_31" TAGREFS="LT8" BASELINE="540 1586 1410 1586" HPOS="540" VPOS="1545" WIDTH="870" HEIGHT="64">
            <Shape><Polygon POINTS="540 1586 540 1600 608 1600 609 1600 616 1606 618 1606 620 1606 621 1606 654 1600 658 1600 662 1600 687 1608 688 1608 690 1610 776 1610 776 1608 777 1608 789 1604 795 1600 810 1604 844 1608 846 1608 876 1604 886 1602 894 1604 912 1608 914 1608 914 1608 986 1604 1036 1602 1042 1605 1048 1608 1050 1608 1052 1608 1053 1608 1059 1605 1066 1600 1086 1605 1092 1606 1094 1606 1095 1606 1108 1605 1152 1600 1164 1605 1168 1608 1170 1608 1172 1608 1185 1606 1227 1600 1270 1606 1280 1608 1281 1608 1292 1608 1358 1600 1408 1608 1410 1586 1410 1556 1276 1556 1274 1554 1258 1545 1258 1545 1257 1545 1256 1545 1254 1545 1227 1554 1221 1554 1204 1554 1148 1546 1148 1546 1146 1546 1132 1552 1128 1554 1124 1552 1116 1545 1114 1545 1113 1545 1112 1545 1110 1545 1110 1545 1098 1552 1092 1554 966 1552 963 1550 951 1545 950 1545 950 1545 903 1550 855 1554 837 1548 824 1545 822 1545 820 1545 759 1548 657 1554 622 1546 614 1545 612 1545 603 1546 572 1552 540 1546 540 1586"/></Shape>
            <String CONTENT="Ipſis enim Epiſcopatibus annexæ ſunt dignitates" HPOS="540" VPOS="1545" WIDTH="870" HEIGHT="64" WC="0.9883668257835063"/>
          </TextLine>
          <TextLine ID="line_32" TAGREFS="LT8" BASELINE="542 1632 1410 1635" HPOS="542" VPOS="1594" WIDTH="868" HEIGHT="52">
            <Shape><Polygon POINTS="542 1632 542 1647 1408 1646 1410 1635 1408 1604 1362 1604 1362 1604 1346 1596 1344 1596 1342 1596 1302 1604 1299 1604 1296 1604 1278 1598 1276 1598 1276 1598 1275 1598 1252 1602 1250 1604 1248 1602 1240 1596 1240 1596 1239 1596 1238 1596 1204 1602 1197 1604 1122 1604 1119 1602 1113 1596 1112 1596 1110 1596 1110 1596 1080 1600 1066 1604 1059 1600 1044 1596 1042 1596 1042 1596 990 1600 964 1604 920 1604 916 1599 910 1594 909 1594 908 1594 906 1594 876 1599 858 1602 846 1599 830 1594 828 1594 783 1594 782 1594 780 1594 778 1594 772 1598 765 1602 542 1598 542 1632"/></Shape>
            <String CONTENT="Baronatus, Comitatus &amp; Ducatus, electoratus" HPOS="542" VPOS="1594" WIDTH="868" HEIGHT="52" WC="0.9991901724837547"/>
          </TextLine>
          <TextLine ID="line_33" TAGREFS="LT8" BASELINE="540 1680 1407 1680" HPOS="540" VPOS="1641" WIDTH="867" HEIGHT="60">
            <Shape><Polygon POINTS="540 1680 540 1694 579 1701 579 1701 621 1695 795 1701 795 1701 836 1695 876 1701 876 1701 878 1701 894 1695 1298 1701 1299 1701 1300 1701 1314 1695 1371 1701 1372 1701 1407 1694 1407 1680 1407 1652 1362 1652 1334 1641 1332 1641 1332 1641 1294 1648 1238 1641 1236 1641 1234 1641 1234 1641 1218 1650 1191 1642 1191 1642 1190 1642 1142 1650 1118 1641 1116 1641 1116 1641 1060 1647 1023 1641 1022 1641 1020 1641 988 1650 960 1641 958 1641 957 1641 956 1641 956 1641 939 1652 878 1652 820 1641 820 1641 609 1647 558 1641 556 1641 555 1641 555 1641 540 1648 540 1680"/></Shape>
            <String CONTENT="&amp; pariatus. Solis &amp; nudis ſiue ſimplicibus Epi¬" HPOS="540" VPOS="1641" WIDTH="867" HEIGHT="60" WC="0.9782381184557651"/>
          </TextLine>
          <TextLine ID="line_34" TAGREFS="LT8" BASELINE="536 1728 1412 1731" HPOS="536" VPOS="1688" WIDTH="876" HEIGHT="57">
            <Shape><Polygon POINTS="536 1728 536 1744 1410 1743 1412 1731 1412 1700 1382 1689 1382 1689 1380 1689 1378 1689 1360 1698 1250 1698 1238 1689 1236 1689 1234 1689 1196 1689 1194 1689 1192 1689 1173 1696 1095 1690 1094 1690 1046 1696 962 1688 962 1688 795 1694 759 1688 759 1688 758 1688 732 1695 710 1688 708 1688 706 1688 584 1696 555 1688 554 1688 552 1688 550 1688 536 1695 536 1728"/></Shape>
            <String CONTENT="ſcopis arma tractare, bellíſque intereſſe concedi" HPOS="536" VPOS="1688" WIDTH="876" HEIGHT="57" WC="0.9943381154537201"/>
          </TextLine>
          <TextLine ID="line_35" TAGREFS="LT8" BASELINE="532 1774 1402 1780" HPOS="531" VPOS="1734" WIDTH="872" HEIGHT="92">
            <Shape><Polygon POINTS="532 1774 531 1822 622 1824 624 1824 634 1822 666 1815 678 1821 684 1824 684 1824 771 1826 771 1826 772 1826 786 1821 818 1812 846 1820 850 1821 850 1821 852 1821 854 1821 858 1820 900 1808 930 1820 932 1820 932 1820 933 1820 956 1814 994 1820 1011 1821 1012 1821 1014 1821 1024 1820 1084 1802 1167 1808 1168 1808 1170 1808 1196 1802 1316 1808 1317 1808 1371 1802 1400 1815 1402 1780 1401 1749 1358 1740 1358 1740 1272 1746 1270 1746 1268 1746 1221 1738 1221 1738 1041 1744 1018 1744 1011 1744 968 1737 966 1737 922 1743 906 1744 849 1744 844 1742 837 1736 836 1736 834 1736 832 1736 795 1740 777 1743 774 1740 770 1736 768 1736 766 1736 765 1736 728 1740 704 1743 674 1740 638 1734 636 1734 634 1734 622 1738 614 1742 532 1738 532 1774"/></Shape>
            <String CONTENT="oportere inſulſi homines Pontificij &amp; Canoniſte" HPOS="531" VPOS="1734" WIDTH="872" HEIGHT="92" WC="0.9900265336036682"/>
          </TextLine>
        </TextBlock>
        <TextBlock HPOS="1250" VPOS="1804" WIDTH="144" HEIGHT="48" ID="block_4" TAGREFS="BT17">
          <Shape><Polygon POINTS="1250 1804 1393 1804 1393 1852 1250 1852 1250 1804"/></Shape>
          <TextLine ID="line_36" TAGREFS="LT8" BASELINE="1246 1828 1400 1828" HPOS="1246" VPOS="1794" WIDTH="153" HEIGHT="92">
            <Shape><Polygon POINTS="1246 1828 1246 1868 1286 1869 1299 1882 1299 1884 1300 1884 1302 1884 1302 1886 1340 1886 1340 1884 1341 1884 1342 1884 1358 1869 1366 1875 1366 1876 1368 1876 1370 1876 1370 1876 1371 1876 1400 1866 1400 1828 1400 1802 1290 1794 1288 1794 1246 1802 1246 1828"/></Shape>
            <String CONTENT="negant" HPOS="1246" VPOS="1794" WIDTH="153" HEIGHT="92" WC="0.999597022930781"/>
          </TextLine>
        </TextBlock>
      </PrintSpace>
    </Page>
  </Layout>
</alto>
