1500 2172
579 135 60 48 63

753 111 555 62 AD I. I’AVL. AD TIM.

604 159 818 75 Roma. 1o. verſ. 15 Quomodo prædicabunt, ni¬

561 216 278 64 ſi miſſi fuerint.

600 258 826 69 1.Timoth.4. ver.14. Ne negligitodonum quod

560 321 866 54 mte eſt, quõd eit tibi datum ad prophetandũ per

558 358 651 64 impoſitionem manuum Preſbyterij.

616 410 808 66 Tit. I. verſ.5. Idcirco reliqui te, vt oppidatim

558 456 424 57 conſtituas Preſbyteros.

596 506 820 63 Denique infiniti penè ſunt loci his ſimiles,

561 555 864 62 quos illi ſtudioſè collegerunt, qui de ea re com¬

560 608 866 60 munes locos ſcripſerũt: nos autem ſumma tantũ

558 652 868 72 rerum faſtigia ſequimur, & carpimus, vt ſimus

561 728 196 38 oieulores.

608 748 820 66 Ratio verò, cur ſine legitima vocatione præ¬

562 801 867 58 cedente nemo bona conſcientia vllo munere

561 844 702 63 eccleſiaſtico fungi poſsit, eſt multiplex.

585 900 844 57 Prima, quod in ecciena Der omnia fieri ordine

558 944 868 62 certáque ratione, & decenter debeant 1. Corint.

560 990 872 64 14. Ergo nemo pro animi ſui libito hanc vel illã

562 1041 866 63 dignitatem ſibi in eccleſia ſumere debebit, quia

560 1089 735 62 hæc eſt ſumma ἀταξία & rerum confuſio.

610 1134 820 63 Secunda. Quòd in veteri eccleſia, quæ Chriſti

560 1185 870 63 aduentum præceſſit, nemo niſi ex Deo vocante

560 1234 868 57 & præcepto munus habuit: In ea etiam eccle¬

558 1292 872 51 lla, qua Emfitus per euaiigeij prædicationem

561 1332 868 60 inſtaurauit, Apoſtoli ipſi à Chriſto vocati ſunt.

560 1380 870 62 Ergo præter & legalis, & Euangelicę eecleſię for

561 1432 870 58 mam, præcepta, & inſtituta ideſt præter ipſum

561 1478 868 58 Dei verbum in munere aliquo verſantur, qui il¬

561 1524 870 68 lud citra vocationem vllam legitimam vſurpãt,

561 1576 410 48 & in eccleſia exercent.

616 1617 814 68 Tertia. Neque Moſes, & Aaron, neq; Apoſto¬

560 1668 878 66 liac ne Chriſtus quidem ipſe quanquam Dei fi¬

560 1720 872 99 lius, niſi prius legitimè vocatus, munus ſibi aſſum¬

1344 1770 84 81 Pſit
