1500 2172
882 138 75 64 632

369 160 285 34 CAPVT VI.

92 189 868 69 mo Francorum regi reſpondit, cùm ille falſa iſta

88 261 867 52 opmione mmoueus rengionem emiidanam pro¬

92 292 326 58 fiteri formidaret.

141 339 814 68 Cur autem lubentiùs ſeruire pareréque fide¬

92 388 868 64 libus dominis debeant fideles ſerui, atque ſubdi¬

88 438 870 64 ti, quàm prophanis & Ethnicis, triplex ratio vi¬

88 486 870 64 detur afferri, nempe quòd tales domini ſunt Fi¬

92 537 864 60 deles, Dilecti Deo, Beneficij Dei conſortes, vel

92 585 867 66 participes. Itaque triplicem qualitatem deſignat

90 636 868 60 Paulus, quæ nobis tales dominos commendat:

92 684 864 62 neque hos tantùm, ſed etiam fideles magiſtratus.

92 729 867 56 Nam quæ de dominis fidelibus ait Paulus, ad fi¬

90 780 861 62 deles magiſtratus ſunt transferenda omnia, atq;

88 848 870 42 accommodanda. Ergo fideles vocat, vt ex com¬

90 876 866 60 muni illo ſacro fidei vinculo intelligant & ſubdi¬

88 926 870 62 ti, & ſerui ſeſe magis illis eſſe deuinctos, atque

88 972 867 69 obſtrictos, quàm infidelibus, quibus tamen pa¬

88 1023 466 60 rendum eſſe ſuprà docuit.

165 1066 792 68 Dilectos vocat, quòd tales dominos, cùm

88 1120 868 63 ſint fideles, ſpeciali amore & honore Deus ipſe

92 1168 867 63 proſequatur, nedum vt eos ſubditi vel ſerui

92 1220 868 62 ſpernant. Dilectionem igitur hanc ad Deum re¬

92 1266 868 63 fero, & paſſiuè accipio, non autem actiuè, nec eã

92 1314 868 63 dilectionem eſſe puto, qua Domini ſeruos ſuos

93 1364 866 62 cõplectuntur: ſed qua Deus ipſos dominos. Par¬

93 1413 866 62 ticipes item vocat gratiæ Dei. Ergo quanto ma¬

96 1461 867 56 iore à Deo ipſo beneficio & gratia donãtur, de¬

90 1509 872 54 corãtur, atq; honorantur magiſtratus, & domini

92 1554 867 63 fideles, quàm infideles: tãtò ſunt à ſubditis & ſer¬

92 1605 867 60 uis ſuismagis venerandi atq; colendi. Facit. n.hoc

93 1650 864 64 Dei gratia, vt longe quibuſuis infidelibus Domi¬

93 1702 866 63 nis pręcellant quemadmodum docet lacob.2.v.5

146 1749 813 76 Alij vti Chryſoſt. Eraſm. & quidam, aliter hæc

690 1797 108 75 D.iij.
