1500 2172
572 130 106 30 450

722 112 564 52 AD I. FAVL. AD TIM.

566 150 854 74 do ſperni videbant & ſe velut mundi ſordes &

561 206 858 64 immunditiem abiici, vt docet Paulus I. Corinth.

561 252 858 60 4.verſ.5. qualis eſt hodie Gallicanarum Ecele¬

561 304 858 62 ſiarum ſtatus, quibus Dominus ipſe magna ſua

560 351 858 66 miſericordia aliquando ſuccurret. Præclarè verò

561 398 854 69 & rectè annotat Chryſoſt. hîc apparere, quantus

556 446 862 66 ſit Pauli in Dei maieſtate celebranda zelus, vti

558 494 860 68 alibi quoque ſæpe idem poteſt à nobis obſerua¬

558 544 858 68 ri. Hîc enim ſibi temperare non poteſt, ſed pul¬

555 597 860 63 cherrima variorum epithetorum congerie admi¬

555 640 858 66 rabilem & incomprehenſibilem Dei maieſtatẽ

555 688 858 63 eſſe docet, nóſque in eius admirationem rapit.

555 741 856 63 Itaque manum, quod aiunt, non poteſt tollere de

552 788 861 64 tabula. Sic autem ſunt commemorata hæc omnia

555 850 855 51 ve quudai gradutio nijs obieruata fuiſſe videa¬

549 884 864 66 tur. Appellat enim Deum primum beatum: dein¬

550 932 861 69 de ſolum potentem: tum poſtea Regem regum &

549 978 861 70 ſic deinceps creſcente vocum ſignificatione rem

548 1024 236 70 ipſam auget.

598 1074 812 72 Sed quęritur, cur Deum beatum & potenté

549 1131 861 63 vocet, qui potius eſt ipſa beatitudo, & potentia

548 1176 860 66 dicendus, quàm beatus & potens. Sunt enim hæ

549 1221 860 68 voces, quibus vtitur Paulus, παρώ υμαι, vt Diale¬

543 1272 864 70 ctici loquuntur, quæ alterius rei, velut qualitatis,

546 1323 861 63 participationem & attributionem denotant fie¬

543 1370 864 66 ri in ſubiecto, de quo vſurpantur. Et tamen Deus

543 1419 860 66 nullius beatitudinis communicatione eſt beatus,

542 1464 862 68 nullius potentiæ participatione potens: ſed eſt i¬

543 1512 862 69 pſa & beatitudo & potentia, & eo ipſo beatus &

543 1562 861 66 potens, quia eſt ipſum illud quod eſt. Omnia e¬

542 1610 861 68 nim quæ Deus habet ſunt Dei eſſentia: non qua¬

538 1654 866 68 litates: nec alio quàm ſeipſo Deus vel beatus eſt

542 1704 860 104 vel potens. Reſpond. Nos homines cogi cùm de

1302 1764 99 64 Deo
