1500 2172
700 129 556 68 AD I. PAVL. AD TIM.

528 154 94 46 321

526 177 868 84 dam certo præpoſito, & in eadem vitæ regula

525 249 166 62 degenti.

579 273 814 78 Viuendi quidem inſtituta & regulas poſſe eſſe

530 327 862 74 in quoq; ordine Monachorum diuerſas, hæc ta¬

530 375 866 78 men tria vota eſſe ipſius vitæ Monaſticæ eſſen¬

530 430 866 72 tialia, & ab ea ſemper indiuulſa. Quod Thomas

528 476 860 75 Aquinas in 2 22 & in opere Contra impugnant.

530 519 866 75 Religion. prolixè docet. Nam qui definiunt Mo¬

530 572 866 75 nachum eſſe militem Chriſti: vel agricolam ter¬

528 622 867 74 ræ:vel Angelicũ hominem, nõ modò rem nõ ex¬

531 668 862 76 plicant: ſed quod experientia huius ætatis demõ¬

531 716 868 75 ſtrat, mentiuntur, cùm nullus hodie Monachus ſit

530 765 868 75 huiuſmodi. Vtcunque maximè ſuperſtitioſum

532 813 868 75 vitæ genus eſt, & à Turcis etiam hodie in blaſ¬

532 862 868 76 phema ipſorum doctrina ſemper retentum, quia

531 912 868 75 fuco faciẽdo hoc genus hominum eſt aptiſsimũ.

532 957 870 78 A Iudæorum Eſſonis, vt multi exiſtimant, primũ

530 1005 874 72 introductum fuit, & inſtitutum: & inde poſtea

532 1058 870 74 ad Chriſtianos tranſlatum à ſuperſtitioſis homi¬

531 1104 873 80 nibus primùm Ægyptijs, deinde Syrijs: poſtea

537 1154 867 75 Aſiaticis, demum Græcis & Europæis, ne vlla

538 1203 816 78 pars orbis tanti mali expers eſſet, & immunis.

585 1250 819 75 Certè poſt Chriſtum natum Anno 300. maxi¬

537 1302 867 74 mè in Ægypto commendari cœpit. Fuit enim ea

537 1350 867 74 regio, vti Arrianiſmi, & Meletiaſmi, maximarum

537 1398 868 72 nereſeom:ita etià Monachiſmi ſatrix & ferax aut

537 1446 867 75 ſiue propter ſolitudines, quas hoc hominũ genus

536 1497 868 72 ferũ prorſus & agreſte captat: ſiue propter inna¬

537 1542 867 74 tam illi genti ſuperſtitionem præter cæteras mũ¬

537 1593 870 69 di nationes. In occidente hoc hominũ genus fuit

537 1641 870 72 poſterius & notum & receptum, & demum ſub

542 1689 866 72 Vitaliano Pontifice Roman. cœperunt Mona¬

532 1740 876 86 chorum cœnobia erigi. Sed tamen, vt externis

1282 1791 124 64 rebus
