1500 2172
375 134 298 36 CARVTVI

855 102 74 64 712

68 153 861 72 nam conſolationem, & victoriam. Mandati no¬

70 210 861 69 mine complectitur Paulus ſuperiora præcepta

69 255 861 72 à ſe tradita: & ipſum Timothei munus, id eſt, de¬

68 308 858 68 mandatam illi prouinciam in Ecclelia Ephe¬

68 357 864 69 ſina, in qua eum purum & immaculatum verſari

69 402 864 72 vult, atque iubet. Quòd ſi tanto viro hac exhor¬

68 458 866 64 tatione fuit opus, quid nobis? Et certè nunquam

69 500 864 74 ſatis ad officium excitari, aut expergefieri poſſu¬

72 549 862 72 mus, quia etiam vigilantiſsimis & perfectiſsimis

69 598 864 72 obrepunt ſæpe multæ tanquam tepiditates, vel

70 648 866 69 animi & zeli remiſsiones: denique vitia & errata

69 693 868 75 imprudentibus, propter quæ Dei gloria retarda¬

68 742 868 74 tur, Eccleſia offenditur, & nos ipſi coram Deo

68 792 868 70 rei ſimus. Itaque attentè & diligenter omnibus

69 838 868 72 in vniuerſum Chriſtianis: imprimis autem paſto¬

69 890 868 72 ribus in ſuo munere fideliter & conſtanter pera¬

72 939 795 72 gendo vigilandum eſt, atque incumbendum.

122 986 818 69 Sed hæc eſt magna eorum conſolatio, quòd

72 1034 867 72 munus ipſum quod habent, mãdatum Dei appel¬

72 1083 868 72 latur. Ex quo intelligunt primum ſe Dei ipſius

72 1134 866 68 eſſe voce vocatos, & hãc ſibi delegatã eſſeà Deo

72 1184 868 69 non ab hominibus tantùm prouinciam, vt in ea

74 1245 867 56 mtrcpiue, conidentence aideriterperſentur.

74 1278 866 72 Deinde auxilium ſibi à Deo ſemper affuturum,

76 1328 861 70 qui eos in ea ſtatione collocauit Actor. 13.verſ.3.

78 1376 864 68 Coloſſ.4. verſ.17. Galat.1.verſ.15.ſup.1.verſ.1.& 12

76 1425 866 72 denique ex eo ipſo cogitent paſtores ſibi huius

78 1473 864 70 muneris demandati rationem eſſe Deo redden¬

80 1524 436 68 dam, à quo illud habent.

126 1566 818 74 Expers maculæ) Docet iam ſecundo loco non

78 1618 866 69 tantùm quam in rem ſit incumbendum paſtori¬

80 1666 864 72 bus Paulus: ſed etiam quomodo, nempe ea con¬

80 1714 864 82 ſcientia & fidelitate, eáque diligentia & purita¬
