1500 2172
696 136 574 60 AD I. PAVL. AD TIM.

537 159 62 50 147

530 178 876 78 occaſio tolleretur, & diſſentionum plantaria e¬

530 234 874 68 uellerentur. Ita ille in Epiſt. ad Euagrium, cuius

530 284 872 72 dictum refertur in canon. Leginus in Iſaia diſt.

536 333 868 74 93. & ipſe repetit in Epiſt. Pauli ad Titum cap.1.

534 380 873 69 Contrà vero res ipſa docuit, iſtud fuiſſe veriſſimũ

537 428 867 72 vniuerſalis à fide Chriſti apoſtaſiæ ſemen & fun¬

534 489 868 60 dametum: & læumimnæ fius tyranidis, quæ in Pa¬

531 532 874 70 patu etiamnum hodie viget, fulſimentum maxi¬

534 592 122 60 mum.

582 626 822 74 Quod ad quartum argumentum attinet, pror¬

531 672 876 74 ſus elumbe eſt. Neque enim regimen Eccleſiæ

532 723 873 70 eſt reuocandum ad ciuilis politiæ rationem &

534 771 873 66 normam vt docet Chriſtus Luc.22.verſ.25.1. Pet.

538 819 868 74 5 verſ.3. quia Dominus ipſe, qui ſuæ Eccleſiæ eſt

536 870 872 69 rex, eius quoque regendæ regulam nobis verbo

536 916 868 72 ſuo præſcripſit prorſus ab Monarchica alienam.

536 968 872 69 Denique tantum inde malum ſerpſit, id eſt, ex

537 1016 870 70 hac Epiſcoporum prælatura, vt quemadmodum

537 1062 868 72 ſcribit contra Luciferia. Hieronym.non ſatis re¬

538 1116 870 64 ctè cenſerentur baptizari, qui a Presbyteris erãt

536 1158 868 75 baptizati, niſi poſtea manus illis ab ipſo Epiſco¬

544 1209 861 74 po & præpoſito iſto imponerentur: à quo ſolo

537 1257 872 68 dari ſpiritum ſanctum crediderunt. Atque inde

537 1308 872 68 putidum illud confirmationis ſuæ Sacramentum

543 1362 400 60 Papiſtæ fabricati ſunt.

594 1400 814 70 Veniamus ad verba Pauli. Commẽdat futurã

537 1452 870 66 tractationem, tum à Modo ipſo dicendi, tũ à Re

537 1500 870 72 ipſa. Modus dicendi eſt, præfatio quam attexuit,

537 1552 873 63 quò futuram doctrinam veram eſſe, & retinen¬

536 1598 872 68 dam intelligeremus, velut Dei ipſius vocem:nõ

536 1647 872 63 autem exiſtimemus hæc præcepta poſſe à nobis

532 1696 876 69 ſperni, & quæ hîc traduntur, inter ἀδιάφνρα recen¬

534 1742 876 84 ſenda reponendáque eſſe. Eſt enim ſolius Dei in

1332 1791 78 66 ſua
