1500 2172
753 128 561 66 AD I. PAVL. AD TIM.

576 154 93 44 240

573 172 872 84 importunitate vexentur & premantur, honeſtè

573 228 872 75 quidem eos dimittere coguntur, & promiſsis im¬

578 274 872 76 plere, quæ tamen poſtea præſtare non poſſunt.

576 326 873 74 Hoc autem offendiculũ gignit, & à veritate Chri¬

573 375 874 69 ſtiana, quæ in omnibus noſtris tum dictis tum

579 420 868 74 leeus ineſſe debet, eſt alieniſſimum. Hoc idem

579 471 870 75 vitium omnibus Chriſtianis fugiendum eſt, &

579 525 381 70 maximè Paſtoribus.

652 598 798 81 Tenentes mysterium fidei cum pura

580 666 252 68 tonſcientia.

630 712 820 75 Α'κολόθησις eſt, poſtquam de moribus Diaco¬

580 772 873 68 norum dixit, de eorundem doctrina, qualis eſſe

584 816 870 74 debeat, diſſerit, nimirum eos fideles, probéque in

580 867 876 70 fidei arcanis inſtitutos eſſe oportere. In quo ma¬

585 915 872 75 gnam & non tantùm vulgarem vel leuem in fide

585 963 870 74 Chriſtiana cognitionem eos habere vult Paulus,

585 1011 870 74 dum eos iuber, Non tantùm tenere fidem, id eſt,

584 1060 876 72 conſtanter & apprimè eam didiciſſe & tueri ſed

585 1107 878 74 etiam arcanum ipſum ſiue myſterium fidei ab iiſ¬

586 1155 878 76 dem perceptum eſſe poſtulat. Quo verbo altior

588 1209 876 74 quædam cognitio ſignificari videtur: quanquam

585 1256 879 72 ſalutis fidei, Chriſtianæque doctrinæ quælibet

588 1311 879 69 pars myſterium propter argumenti maieſtatem.

590 1350 874 72 & rei ipſius difficultatem, niſi Dei ſpiritu ſimus

591 1398 874 72 muimdati, fere nominatur in ſcriptura. Refert

592 1449 873 69 Chryſoſt. hanc Pauli ſententiam ad verſ. 6. quaſi

592 1497 873 74 hæc ratio ſit, cur Epiſcopum non oporteat eſſe

594 1545 873 76 nouitium: ſed hîc agit Paulus de Diaconis, non

598 1608 255 63 de Epiſcopis.

646 1641 822 74 Ergo quæritur cur hoc requirat in Diaconis

597 1692 874 74 Paulus. Reſp. Ratio eſt multiplex. Ac prima qui¬

598 1743 876 98 dẽ quod cùm Diaconi ſint non tantum pars quæ¬

1372 1788 100 70 dam
