1500 2172
592 147 76 34 oi5

760 120 568 58 AD I. TAVL. AD TIM.

585 170 860 63 ijs electionibus præcipuæ quædam partes eſſent,

585 224 862 62 tum Titi, tum Timothei, tum ipſius Pauli, & Bar¬

580 273 872 62 nabæ, vt pote qui Eccleſias ipſas quomodo id

579 321 872 63 fieri oporteret, erudiebant, & qui huiuſmodi e¬

578 370 873 57 lectionibus, tanquam totius actionis moderato¬

580 420 868 57 res intererant, atque præſidebant: idcirco tota a¬

579 465 872 64 ctio illis quodammodo tribuitur, quæ tamen &

584 524 864 56 torius Preibyterij, & totius ipſius Eccleſiæ com¬

578 564 866 68 munis eſt, & tunc erat, vti apparet ex capite 4.v.

578 614 538 64 14. ſupra & Actor. 14 verſ.23.

628 662 816 66 Neque etiam obſtat, quòd Epiſcopus προεδ ρός

573 711 872 64 appellatur à Patribus, quaſi vnus ille totam Ec¬

573 760 873 62 cleſiam pro arbitrio poſſit adminiſtrare, & in ea

576 808 867 63 quos velit, præficere. Nam vox illa πρόεδ pος or¬

572 856 872 63 dinem tãtùm declarat, quòd inter collegas ſuos,

570 904 873 63 &icompreſbyteros ſedere deberet ipſe, qui Epi¬

570 954 874 63 ſcopus dicebatur: non autem regiam, aut ſummã

573 1004 872 60 prætoriámque poteſtatem in Eccleſiam illi tri¬

570 1060 873 50 Duit: Quod diemas confi mat fimbroſius lib. de

568 1098 878 62 Dignit. Sacer dot. cap.6. Solio in Eccleſia editio¬

567 1154 878 56 re Epiſcopus reſidet, ait, vt cunctos aſpiciat. Edi¬

568 1197 876 58 ctum quoque Chriſti quod ſupra ex Luc.22. cõ¬

567 1245 876 62 memorauimus, idẽ probat. Eſt enim ſolus Chri¬

567 1294 880 62 ſtus Eccleſiæ rex, non autem mortalis quiſpiam.

612 1344 831 56 Pertinet autem electio, & deſignatio ipſa ad

567 1394 874 56 totam Eccleſiam, in qua fit: ſed diuerſa ratione.

568 1440 874 60 Quemadmo dum enim totius Eccleſiæ paſtor eſt

564 1491 878 56 futurus: ita aly omnibus debet ordinari & appro¬

567 1538 876 64 bari, ne quiſquam gregi inuito paſtor obtruda¬

562 1587 880 60 tur. Præterea etiam illud veriſsimum eſt, quod o¬

561 1634 879 64 mnes tangit, & ſpectat, ab omnibus fieri debere.

567 1686 874 60 Huiuſmod enim negotium totius Eccleſiæ, non

568 1734 873 76 vnius autem illius partis negotium eſt, cùm qui

1314 1792 126 60 paſtor
