1500 2172
594 153 80 33 165

746 134 562 51 AD I PAVL, AD TIM.

579 177 858 72 Cuius conſilium nemo poteſt impedire, aut re¬

574 231 860 70 tardare, quia eſt Solus potens, Beatus, Rex regũ,

576 278 860 64 Dominus dominantium, &c. Hæc eſt ſumma

573 344 862 46 huſus & ſequentis verſiculi. Cur autem dubita¬

573 376 810 66 tioni obuiam eundem fuerit ratio duplex eſt.

622 438 810 56 mPohuuumpucientia, qui quàm primũ Dei

572 474 860 74 promiſsionibus, atque etiam ante tempus frui

573 524 192 57 vellemus.

616 567 810 74 2 Noſtra infirmitas, qui variè tentamur,

564 618 861 72 fluctuamus, & agitamur, vbi tot nobis obiectos

564 666 861 74 aduerſarios, in tot tela nos incurrere videmus,

564 718 861 68 dum in Dei metu, in officio, in munere, in pro¬

560 764 866 72 feſsione nominis Chriſti perſeueramus. Itaque

560 818 860 66 ſuſtentandi, contrillandr; corroSorandíque ſu¬

556 862 864 68 mus aduerſus tot hoſtes, obiecto potentiæ Ma¬

556 908 862 74 ieſtatíſque Dei clypeo, & fœlici illo beatóque

552 958 866 68 ſtatu, qui nos in aduentu Chriſti certiſsimè ma¬

552 1010 616 62 net, conſtanter in fide perſtantes.

598 1054 818 72 Magna igitur noſtræ temeritatis & impatien¬

549 1104 867 72 tiæ repreſsio, magnum lorum eſt, quod ait Pau¬

549 1164 864 57 lus, Tempora illius fœlicis & expectati à nobis

548 1203 864 68 aduentus eſſe quidem certa: ſed ſoli Deo cognita

550 1252 862 68 neque Deum vel momentum vllum dilatu¬

544 1300 866 66 rum, cùm tempus à ſe decretum impletum fue¬

543 1350 864 64 rit, quin Chriſtum exhibeat redemptorem no¬

543 1398 862 62 ſtrum, & vitæ æternæ donatorem ac aſſertorem.

591 1444 816 70 Eodem verò modo, quo hîc de ſecundo aduẽ¬

538 1490 864 75 tu loquitur, de primo quoque Galat.4.verſ.4.E¬

540 1542 864 68 pheſ.1. verſ. 1o. ait tempora illius certa fuiſſe à

538 1588 862 72 Deo conſtituta, poſt quæ completa Chriſtus ve¬

534 1640 866 68 nit, atque homo factus eſt. Scit enim Dominus

532 1686 867 70 non tantùm, quæ nobis dona ſint ſalutaria: ſed

532 1734 864 76 eorũ conferendorum & communicandorũ tem¬

1299 1796 99 76 pora
