1500 2172
381 158 267 33 CARVTV.

864 122 68 72 424

68 178 867 74 ſtiani nominis & doctrinæ contumelia coniun¬

69 238 866 63 ctum eſt. Irridetur enim Dei Eccleſia, quòd tam

69 286 862 66 leues homines habeat, vt qui munus à ſe ſuſce¬

70 336 864 64 ptum ſtatim abdicent, relinquant, & huic mundũ

68 386 866 66 & carnis delicias præferant. Quaſi Chriſtus à

68 450 860 50 auis parui nat de contemnatut aperte etiam ijs,

68 482 866 68 ipſis qui tamen maiores in fide progreſſus feciſſe

68 532 224 58 videbantur.

117 578 820 69 Vox καταςρηνιάζην cum ſequenti, id eſt, χειςο

64 628 872 68 conſtruitur. Eſt autem ςρηνιαζεην ἀπὸ τωὺ ςερεῖν vel

63 678 873 68 σρηνὲς deductum, quod durum ſignificat & perti¬

58 728 876 58 nax: qualia ſunt animantia nimium ſaginata. Ita¬

62 777 872 62 que ſunt petulantiæ plena & indomita, vnde ci¬

58 825 873 58 bus eſt illis detrahendus, vt in ordinem cogantur

57 874 873 58 & pareant, quemadmodum & Xenophon & i¬

58 930 872 50 pla rerum experientia faciendum docet. Hac igi¬

57 970 874 62 tur ſimilitudine vtitur Paulus, vt carnis noſtræ

56 1017 880 64 laſciuiam eò turpiorem ac fœdiorem eſſe demõ¬

56 1066 873 72 ſtret, quòd brutis & petulantibus animalibus cõ¬

57 1114 177 63 paratur.

100 1168 830 63 Chryſoſtomus autem interpretatur hanc vocẽ

51 1210 874 74 fornicari, ſed Apocalyp.18.verſ.7. & 9. explicatur

51 1264 652 68 eo ſignificato, quo nunc accipimus.

104 1320 818 75 12 Ex eo damnandæ quòd primam fi¬

48 1380 315 68 dem reiecerint.

96 1449 837 70 Αʹὐξισις eſt. Amplificat enim harum iuniorum

51 1498 882 68 viduarum laſciuiam à conſequenti, quòd hac ra¬

46 1550 878 62 tione, & vitæ genere tandem ſibi extremum exi¬

46 1598 873 63 tium acceaſant. Nam eò tandum prolabuntur,

48 1644 873 70 vt Munus à ſe ſuſceptum deſerãt, & Fidem ipſam

45 1695 874 64 primam Chriſto datam abnegent. Voces autẽ

42 1746 878 81 has πρώτηνπιςιν variè interpretes accipiunt. Alij
