1500 2172
399 160 292 40 CARVT VI.

867 129 70 74 640

82 186 862 74 Colloſſ.1.verſ.5.Ac quidem doctrina, quòd per

80 243 864 66 eam aliquid & veri & ſolidi diſcant atque perci¬

80 292 864 66 piant homines. Cui laudi opponit, hæc duo, ni¬

80 342 861 62 mirum, quod qui diuerſam doctrinam ſectatur,

78 387 862 63 nihil ſciat: & ſi quid didicit, tamen Nihil Veri,

81 438 860 58 vel Solidi nouit: ſed tantùm conſectetur λογομα¬

78 484 866 69 κίας, & ver borum inutiles pugnas, quemadmodũ

76 536 866 63 idem ſup.1.v.6.Tit.3.v.9. Vtitur hîc Paulus voce

76 588 867 54 Ε'πιςάμενος, quaſi fidei noſtræ doctrinam vocet

75 634 866 56 ὀιςήμην, qua voce tamen rarò vtitur ſcriptura,

76 686 675 52 ſed tamen extat apud lacob.3.verſ.13.

122 729 819 66 Αογομαχίας autem nomine non tantùm de vo¬

74 777 866 64 cabulis ipſis & vocibus diſputationes inutiles

74 828 866 60 damnat Paulus, ſed etiam de rebus, quæ nullius

69 878 868 60 ſunt momenti, neque ad conſcientiarum noſtra¬

70 926 867 58 rum ſuſtentationem, neque ad ædificationẽ per¬

69 1020 867 66 prortoeutii quo graphicè nobis tota Scholaſti¬

69 1071 867 64 corum & Sorboniſtarum ratio, atque Theologia

68 1120 867 63 deſcribitur. Imprimis autem damnamus Quod¬

64 1172 872 60 libetarias quæſtiones, quæ appellantur, quæ Aca¬

66 1220 872 63 demicorum potius, quàm Chriſtianorum homi¬

68 1269 777 63 num ſunt propriæ, & mera ludibria pietaris.

106 1318 830 62 Quæſtiones autem neque omnino, neque o¬

66 1364 872 57 mnes damnat Paulus, quæ de Dei verbo fieri

68 1413 864 62 poſſunt: ſed eas tantùm, quæ ſunt inutiles, otioſę,

68 1460 867 57 & ſine ædificatione vel fidei noſtræ, vel conſciẽ¬

68 1508 870 58 tię, vel charitatis. Nã quæ diſcendi ſtudio vtiliter

63 1554 873 62 à nobis fiunt, vti multa de rebus obſcuris, quæ in

66 1606 868 60 vera Theologia verſantur, quæri ſæpe neceſſe

64 1656 870 56 eſt, eæ minimè quidem à Paulo damnantur, qua¬

63 1704 872 56 les quæſtiones multas tractauit Paulus in epiſto¬

64 1750 870 80 lis, & Apollos apud Epheſios, vt eſt in Actis & ov¬
