1500 2172
537 153 70 52 675

722 128 538 63 AD I. PAVL. AD TIM

530 170 868 82 verbis. Ne nos inducas in tentationem, &c. Hoc

530 225 872 80 autem fieri non in vno vel altero tantùm: ſed in

530 278 872 74 omnibus φιλοπλουσίοις tum rerum experientia

534 326 866 69 probat: tum etiam docent profanorum hominũ

532 372 864 72 ſententiæ ex naturæ ſenſu & rerum, quas cerne¬

534 417 864 84 bant, vſu prolatæ & expreſſæ: qualis illa, Μνξιπο¬

531 471 795 80 λις κακίας απλνςια, item ſenarius iſte vulgatiſſ.

537 578 370 69 Sententia Euripidis.

579 621 580 69 Oυδές ἐπλότησς ταχέως, δίκσιος ὠν.

534 682 336 58 Iuuenalis Saty.14.

582 714 788 75 Inde ferè ſcelerum cauſæ, nec plura venena

584 764 728 75 Miſcuit, aut ferro graſſatur ſæpius vllum

585 816 818 72 Tluihalla lientis iiuun; quam ſæua cupido

584 860 770 74 Indomitr cenſus. Nam diues qui fieri vult¬

585 908 758 70 Et citò vult fieri. Sed quæ reuerentia veri¬

585 958 822 78 Quis metus, aut pudor eſt vnquam properan¬

540 1017 186 64 tis auari.

546 1048 864 84 Vnde ab Hebræis appellata eſt auaritia vra Bét¬

540 1104 872 80 ſah quòd nullum deſyderij modum habeat. De¬

537 1149 872 82 Ilque legatur Bernard. in ſer.3 in Pſ. Qui habi¬

543 1203 867 75 tat. & Auguſtinus lib.1. de Ciuit. Dei cap.1o.epiſt.

543 1252 868 72 IIL.ad Iulia. Comitem. Sed & in Pſalm.128.V.36.

544 1302 868 74 vna auaritia omnibus Dei mandatis opponitur,

546 1350 868 72 quæ ex animo noſtro delet prorſus, vt Iudæ Iſ¬

549 1396 866 78 callotæ, Itémque Ananiæ & Saphiræ exempla

590 1490 824 76 Rationem verò ſubiicit Paulus, cur tentatio¬

546 1544 872 72 nes hæ obrepant, à quibus vincimur, nimirũ quia

544 1594 872 64 cupiditates multas affert hic diteſcendi animus.

548 1642 868 66 Nihil enim inſatiabilius iſtorum hominum ani¬

549 1690 868 72 mo, nihil concupiſcentius: nihil ſollicitius nihil

548 1740 867 82 cura magis plenum, nihil ardentius & vigilantius

1314 1786 102 58 nihil

572 525 518 72 Κακον μέγίςτον ἐν θροτοῖς ἀπλιςία.
