1500 2172
544 116 81 69 588

716 110 554 69 AD I. PAVL. AD TIM.

567 222 834 64 1 Auerſationem, quam appellant uu, quæ eſt

534 284 864 52 mcerdietio au igrenu tempir ad tempus pro¬

536 320 519 63 ptercorporis immunditiem.

570 368 826 63 2 Deuotionem, quam vocant uon quæ eſt ex¬

534 417 861 63 tremo exitio addictio & reſpondet noſtræ excõ¬

534 465 861 64 municationi, per quam quis à cœtu Eccleſiæ ſe¬

536 525 860 50 ponſtur donec reſipiſcat. Hoc ipſum alijs verbis

532 566 861 62 dicitur exterminari è populo Dei, item ἀποσυνά¬

530 616 624 60 vωyoν fieri Ioan.12.verſ.42.16.verſ.2.

598 662 790 66 Adiudicationem, quam dicunt nnou eſt ſi¬

530 732 342 33 Hilis ahathemati.

574 758 813 64 De ſecundo genere tantùm loquitur hîc Pau¬

526 807 861 64 lus, & nos quoque, quod etiam vtranque excom¬

528 856 860 62 municationem continet & maiorem, & minorẽ.

544 902 844 64 Ethnici homines videntur ſimile excommu¬

524 950 864 68 nicationi quiddam habuiſſe ex praua imitatione

524 1004 864 57 Eccleſiæ Dei: quam planè ſimiarum more fa¬

520 1047 866 63 ciebant. Quoſdam ſacris ſuis interdicebant, quos

524 1094 864 70 υαγεῖς, id eſt, deteſtabiles appellabant, & ipſam

524 1143 864 68 ſententiam ἐναγός. Sic Alcibiades factus eſt, &

524 1197 862 62 excommunicatus Athenis, vt Plutarchus docet.

572 1239 814 69 Ergo quæſitum eſt ſecundo loco, à quo ex¬

519 1288 858 62 cõmunicatio fieri debeata Vtrum ab vno tãtùm,

518 1338 866 63 an à ſenatu Eccleſiaſtico, an verò à tota ipſa

520 1383 862 66 Eccleſia. Dixit Chriſtus. Matth. 18.verſ.17. Dic

518 1434 862 64 Eccleſiæ. Dicit contrà Paulus, Hunc notate, tan¬

522 1485 858 63 quam rem totam ad ſe deferri velit, ſibíque ipſe

516 1532 864 64 authoritatẽ eam vendicet. Et refertur à Theodo¬

512 1580 866 68 rito Cyri Epiſcopo hiſtoria.lib 5. cap.37. de quo¬

513 1628 867 68 dam Heremita, qui ſolus Theodoſium impera¬

512 1678 864 63 torem Conſtantinopolitan. huius nominis ſecũ¬

507 1726 867 81 dum excommunicauerit. Scholaſtici dicunt Epi¬

1222 1782 150 75 ſcopos

538 186 402 51 nus triplex.
