<?xml version='1.0' encoding='UTF-8'?>
<alto xmlns:xsi="http://www.w3.org/2001/XMLSchema-instance" xmlns="http://www.loc.gov/standards/alto/ns-v4#" xsi:schemaLocation="http://www.loc.gov/standards/alto/ns-v4# http://www.loc.gov/standards/alto/v4/alto-4-2.xsd">
  <Description>
    <MeasurementUnit>pixel</MeasurementUnit>
    <sourceImageInformation>
      <fileName>2013083.jpeg</fileName>
    </sourceImageInformation>
  </Description>
  <Tags>
    <OtherTag ID="BT7" LABEL="CustomZone" DESCRIPTION="block type CustomZone"/><OtherTag ID="BT8" LABEL="DamageZone" DESCRIPTION="block type DamageZone"/><OtherTag ID="BT9" LABEL="DigitizationArtefactZone" DESCRIPTION="block type DigitizationArtefactZone"/><OtherTag ID="BT10" LABEL="DropCapitalZone" DESCRIPTION="block type DropCapitalZone"/><OtherTag ID="BT11" LABEL="GraphicZone" DESCRIPTION="block type GraphicZone"/><OtherTag ID="BT12" LABEL="MainZone" DESCRIPTION="block type MainZone"/><OtherTag ID="BT13" LABEL="MarginTextZone" DESCRIPTION="block type MarginTextZone"/><OtherTag ID="BT14" LABEL="MusicZone" DESCRIPTION="block type MusicZone"/><OtherTag ID="BT15" LABEL="NumberingZone" DESCRIPTION="block type NumberingZone"/><OtherTag ID="BT17" LABEL="QuireMarksZone" DESCRIPTION="block type QuireMarksZone"/><OtherTag ID="BT18" LABEL="RunningTitleZone" DESCRIPTION="block type RunningTitleZone"/><OtherTag ID="BT19" LABEL="SealZone" DESCRIPTION="block type SealZone"/><OtherTag ID="BT20" LABEL="StampZone" DESCRIPTION="block type StampZone"/><OtherTag ID="BT21" LABEL="TableZone" DESCRIPTION="block type TableZone"/><OtherTag ID="BT22" LABEL="TitlePageZone" DESCRIPTION="block type TitlePageZone"/><OtherTag ID="BT3407" LABEL="MainZone-Continued" DESCRIPTION="block type MainZone-Continued"/><OtherTag ID="BT3408" LABEL="MainZone-P" DESCRIPTION="block type MainZone-P"/><OtherTag ID="BT3409" LABEL="MainZone-Head" DESCRIPTION="block type MainZone-Head"/><OtherTag ID="BT3410" LABEL="MainZone-Other" DESCRIPTION="block type MainZone-Other"/><OtherTag ID="BT3411" LABEL="MainZone-Sp" DESCRIPTION="block type MainZone-Sp"/><OtherTag ID="BT3417" LABEL="MainZone-Sp-Continued" DESCRIPTION="block type MainZone-Sp-Continued"/><OtherTag ID="BT3418" LABEL="GraphicZone-Decoration" DESCRIPTION="block type GraphicZone-Decoration"/><OtherTag ID="BT3419" LABEL="MainZone-Entry" DESCRIPTION="block type MainZone-Entry"/><OtherTag ID="BT3420" LABEL="MainZone-Lg" DESCRIPTION="block type MainZone-Lg"/><OtherTag ID="BT3421" LABEL="MainZone-Entry-Continued" DESCRIPTION="block type MainZone-Entry-Continued"/><OtherTag ID="BT3422" LABEL="MarginTextZone-ManuscriptAddendum" DESCRIPTION="block type MarginTextZone-ManuscriptAddendum"/><OtherTag ID="BT3423" LABEL="MainZone-List" DESCRIPTION="block type MainZone-List"/>
    <OtherTag ID="LT7" LABEL="CustomLine" DESCRIPTION="line type CustomLine"/><OtherTag ID="LT8" LABEL="DefaultLine" DESCRIPTION="line type DefaultLine"/><OtherTag ID="LT9" LABEL="DropCapitalLine" DESCRIPTION="line type DropCapitalLine"/><OtherTag ID="LT10" LABEL="HeadingLine" DESCRIPTION="line type HeadingLine"/><OtherTag ID="LT11" LABEL="InterlinearLine" DESCRIPTION="line type InterlinearLine"/><OtherTag ID="LT12" LABEL="MusicLine" DESCRIPTION="line type MusicLine"/>
  </Tags>
  <Layout>
    <Page WIDTH="1500" HEIGHT="2172" PHYSICAL_IMG_NR="79" ID="eSc_dummypage_">
      <PrintSpace HPOS="0" VPOS="0" WIDTH="1500" HEIGHT="2172">
        <TextBlock HPOS="348" VPOS="139" WIDTH="291" HEIGHT="55" ID="block_1" TAGREFS="BT18">
          <Shape><Polygon POINTS="348 139 639 139 639 193 348 193 348 139"/></Shape>
          <TextLine ID="line_1" TAGREFS="LT8" BASELINE="348 178 639 176" HPOS="346" VPOS="160" WIDTH="292" HEIGHT="39">
            <Shape><Polygon POINTS="624 160 612 160 600 160 588 160 576 160 564 160 552 160 540 160 528 160 516 160 504 160 492 160 480 160 468 160 456 160 444 160 432 160 418 160 406 160 394 160 382 160 370 160 358 160 346 160 348 178 348 188 398 196 399 196 400 196 400 196 406 192 416 200 417 200 418 200 418 200 470 192 512 186 538 186 556 195 564 198 566 198 567 198 638 196 639 176 636 160 624 160"/></Shape>
            <String CONTENT="CABVT III" HPOS="346" VPOS="160" WIDTH="292" HEIGHT="39" WC="0.9997121956613328"/>
          </TextLine>
        </TextBlock>
        <TextBlock HPOS="873" VPOS="145" WIDTH="64" HEIGHT="46" ID="block_2" TAGREFS="BT15">
          <Shape><Polygon POINTS="873 145 937 145 937 191 873 191 873 145"/></Shape>
          <TextLine ID="line_2" TAGREFS="LT8" BASELINE="874 174 938 172" HPOS="872" VPOS="130" WIDTH="66" HEIGHT="74">
            <Shape><Polygon POINTS="874 174 876 204 938 196 938 172 934 132 872 130 874 174"/></Shape>
            <String CONTENT="256" HPOS="872" VPOS="130" WIDTH="66" HEIGHT="74" WC="0.9999697208404541"/>
          </TextLine>
        </TextBlock>
        <TextBlock HPOS="72" VPOS="200" WIDTH="870" HEIGHT="195" ID="block_3" TAGREFS="BT3407">
          <Shape><Polygon POINTS="72 200 943 200 943 395 72 395 72 200"/></Shape>
          <TextLine ID="line_3" TAGREFS="LT8" BASELINE="74 236 940 230" HPOS="74" VPOS="183" WIDTH="867" HEIGHT="74">
            <Shape><Polygon POINTS="74 236 74 250 136 256 138 256 140 256 159 250 172 248 190 250 222 256 224 256 225 256 238 250 248 246 261 250 276 255 278 255 278 255 279 255 288 250 297 246 386 250 406 252 408 252 410 252 412 250 424 246 458 250 478 254 480 254 480 254 489 250 504 246 518 250 524 254 525 254 526 254 552 250 592 246 618 250 628 252 630 252 632 252 639 250 662 244 939 250 940 230 938 194 876 196 872 194 858 183 858 183 856 183 766 183 765 183 765 183 728 195 712 184 711 184 710 184 650 184 648 184 648 184 600 196 591 201 546 201 543 198 526 190 525 190 524 190 524 190 522 190 522 192 514 198 512 201 466 201 464 198 450 192 450 192 448 192 447 192 424 200 418 201 412 200 388 194 387 194 386 194 384 194 364 201 363 202 292 202 291 201 268 186 267 186 266 186 246 186 246 186 244 186 230 195 218 188 216 188 216 188 214 188 213 188 195 194 178 189 178 189 177 189 176 189 152 202 123 190 123 190 122 190 120 190 74 202 74 236"/></Shape>
            <String CONTENT="autem ipſam veritatem &amp; corpus in Chriſto, vt" HPOS="74" VPOS="183" WIDTH="867" HEIGHT="74" WC="0.9911342249976264"/>
          </TextLine>
          <TextLine ID="line_4" TAGREFS="LT8" BASELINE="75 284 938 278" HPOS="74" VPOS="240" WIDTH="864" HEIGHT="64">
            <Shape><Polygon POINTS="75 284 75 297 153 304 154 304 156 304 186 297 188 297 216 304 216 304 218 304 219 304 240 296 243 296 369 296 370 296 378 302 380 302 381 302 382 303 428 303 428 302 429 302 430 302 440 296 441 296 477 296 504 302 506 302 506 302 552 294 555 294 561 294 648 302 650 302 651 302 678 294 786 300 788 300 789 300 808 291 810 291 820 291 903 297 904 297 938 290 938 278 936 250 897 242 896 242 848 249 824 240 822 240 820 240 820 240 789 250 784 250 780 250 730 242 729 242 658 250 640 252 632 250 608 243 606 243 604 243 537 250 504 254 459 254 454 250 447 244 446 244 444 244 372 244 370 244 369 244 369 244 369 246 363 250 358 252 342 250 316 246 315 246 314 246 314 246 308 250 303 254 290 250 273 246 272 246 272 246 270 246 258 250 248 254 222 250 202 246 202 246 201 246 190 250 176 255 74 250 75 284"/></Shape>
            <String CONTENT="docet Paulus Coloſſ.2.V.17. Ex quo fit, vt Ioann." HPOS="74" VPOS="240" WIDTH="864" HEIGHT="64" WC="0.9901007973417943"/>
          </TextLine>
          <TextLine ID="line_5" TAGREFS="LT8" BASELINE="75 333 939 324" HPOS="74" VPOS="297" WIDTH="866" HEIGHT="60">
            <Shape><Polygon POINTS="762 318 750 318 738 318 726 318 714 318 702 318 690 318 678 318 666 318 654 318 640 318 628 318 616 318 604 318 592 318 580 318 568 318 556 318 544 318 532 318 520 318 508 318 496 318 484 318 472 318 460 318 448 318 436 318 424 318 412 318 400 318 388 318 376 318 363 318 351 318 339 318 327 318 315 318 303 318 291 318 279 318 267 318 255 318 243 318 231 318 219 318 207 318 195 318 183 318 171 318 159 318 147 318 135 318 123 318 111 318 98 318 86 318 74 318 75 333 75 346 156 354 158 354 159 354 159 354 166 348 202 352 204 352 206 352 207 352 216 346 314 346 384 357 386 357 387 357 405 346 422 356 423 356 424 357 500 357 500 356 500 356 501 356 514 345 531 354 532 354 534 354 646 345 783 351 783 351 784 351 830 339 846 348 848 348 849 348 850 348 873 340 898 348 900 348 900 348 902 348 939 338 939 324 938 302 780 297 778 297 777 297 777 297 768 304 765 306 762 318"/></Shape>
            <String CONTENT="I.verl.lj. dicatur per ivioien data Lex-per Chri¬" HPOS="74" VPOS="297" WIDTH="866" HEIGHT="60" WC="0.9865861571564967"/>
          </TextLine>
          <TextLine ID="line_6" TAGREFS="LT8" BASELINE="74 381 561 378" HPOS="74" VPOS="342" WIDTH="488" HEIGHT="58">
            <Shape><Polygon POINTS="74 381 74 398 234 393 262 394 315 400 316 400 356 394 372 392 376 394 388 400 388 400 390 400 458 400 458 400 459 400 478 393 482 392 526 392 528 392 543 400 544 400 546 400 548 400 549 400 561 392 561 378 561 354 526 342 525 342 524 342 472 351 466 352 458 351 408 345 406 345 406 345 405 345 394 351 392 352 376 351 351 346 351 346 336 350 321 352 285 350 236 344 234 344 234 344 232 344 226 348 214 354 174 354 168 346 166 346 166 345 166 345 165 345 164 345 156 346 122 352 111 345 110 344 108 344 106 344 105 344 74 345 74 381"/></Shape>
            <String CONTENT="ſtum verò veritas &amp; gratia." HPOS="74" VPOS="342" WIDTH="488" HEIGHT="58" WC="0.9992002035890307"/>
          </TextLine>
        </TextBlock>
        <TextBlock HPOS="72" VPOS="394" WIDTH="883" HEIGHT="1414" ID="block_4" TAGREFS="BT3407">
          <Shape><Polygon POINTS="72 394 954 394 954 1808 72 1808 72 394"/></Shape>
          <TextLine ID="line_7" TAGREFS="LT8" BASELINE="122 429 939 422" HPOS="120" VPOS="382" WIDTH="819" HEIGHT="68">
            <Shape><Polygon POINTS="122 429 122 446 178 441 201 446 222 450 224 450 225 450 226 450 226 448 231 444 236 440 291 440 297 444 302 448 303 448 304 448 306 448 327 444 348 440 416 442 506 447 507 447 508 447 520 441 525 440 531 441 548 446 549 446 549 446 574 441 594 438 615 440 650 446 651 446 652 446 654 446 663 440 666 438 674 440 690 444 692 444 693 444 694 444 710 440 718 436 778 436 783 438 789 442 789 442 790 442 792 442 794 442 795 442 801 438 802 436 806 438 813 444 814 444 814 444 816 444 818 444 834 438 843 435 866 438 920 444 921 444 922 444 939 436 939 422 938 384 902 382 900 382 900 382 896 384 870 393 860 384 858 384 858 384 828 382 826 382 826 382 820 384 800 394 741 394 734 387 732 387 730 387 729 387 728 387 712 394 704 386 704 386 704 384 702 384 700 384 699 384 688 386 663 390 633 387 622 386 622 386 621 386 616 387 600 393 584 387 579 386 579 386 578 386 576 386 574 386 573 387 562 396 528 396 488 388 480 387 478 387 477 387 474 388 450 398 392 398 120 392 122 429"/></Shape>
            <String CONTENT="Huius autem tam ſalutaris, &amp; ſacræ veritatis" HPOS="120" VPOS="382" WIDTH="819" HEIGHT="68" WC="0.9995757287198846"/>
          </TextLine>
          <TextLine ID="line_8" TAGREFS="LT8" BASELINE="74 477 940 471" HPOS="74" VPOS="432" WIDTH="867" HEIGHT="66">
            <Shape><Polygon POINTS="74 477 74 492 244 498 246 498 290 492 410 496 411 496 603 489 882 494 884 494 940 486 940 471 938 444 876 444 864 434 864 434 862 434 832 432 831 432 830 432 806 442 783 432 783 432 782 432 780 432 760 441 746 434 744 434 742 434 741 434 714 441 686 434 684 434 684 434 682 434 656 444 654 444 592 444 586 444 566 435 564 435 562 435 561 435 543 441 528 435 526 435 525 435 524 435 524 435 512 444 507 446 474 446 471 444 454 435 453 435 452 435 450 435 426 444 418 446 412 444 393 436 392 436 390 436 388 436 368 444 360 447 302 447 298 444 290 438 290 436 290 436 288 436 246 436 246 436 244 436 219 444 207 447 186 444 144 438 142 438 74 444 74 477"/></Shape>
            <String CONTENT="cuſtos, conſeruatrix, &amp; publicus velut tabellio a¬" HPOS="74" VPOS="432" WIDTH="867" HEIGHT="66" WC="0.995225180387497"/>
          </TextLine>
          <TextLine ID="line_9" TAGREFS="LT8" BASELINE="76 525 938 520" HPOS="75" VPOS="482" WIDTH="862" HEIGHT="68">
            <Shape><Polygon POINTS="76 525 76 548 110 549 111 549 111 549 112 549 112 548 124 540 154 548 160 549 162 549 182 548 291 538 312 548 314 548 314 548 315 549 375 549 375 548 376 548 376 548 376 546 386 538 408 546 412 548 412 548 414 548 420 546 456 538 470 546 472 548 474 548 474 549 506 549 506 548 549 546 765 536 777 544 778 544 780 544 782 544 783 544 783 544 808 536 936 543 938 520 938 492 918 482 916 482 915 482 914 482 896 490 876 483 874 483 873 483 872 483 850 490 840 482 838 482 838 482 722 482 722 482 720 482 693 489 622 483 622 483 621 483 620 483 608 492 526 483 525 483 524 483 504 494 476 494 462 484 460 484 459 484 458 484 456 484 456 484 456 486 446 494 398 494 387 484 386 484 384 484 358 484 357 484 357 484 356 484 356 486 345 494 308 494 294 484 292 484 291 484 290 484 290 484 270 495 207 495 184 486 183 486 182 486 180 486 160 494 141 486 141 486 140 486 138 486 136 486 136 486 128 495 75 495 76 525"/></Shape>
            <String CONTENT="pud quem depoſita eſt, eſt Eccleſia illa Dei viui," HPOS="75" VPOS="482" WIDTH="862" HEIGHT="68" WC="0.9918473076820373"/>
          </TextLine>
          <TextLine ID="line_10" TAGREFS="LT8" BASELINE="76 573 942 567" HPOS="75" VPOS="531" WIDTH="867" HEIGHT="66">
            <Shape><Polygon POINTS="76 573 76 586 100 586 102 586 111 596 112 596 114 596 116 597 244 597 244 596 322 594 324 594 339 585 352 592 354 592 356 592 357 592 381 585 390 594 392 594 393 594 394 594 394 594 420 585 423 585 426 585 466 592 468 592 468 592 495 585 510 592 512 592 512 594 562 594 562 592 564 592 592 584 597 584 598 584 626 591 627 591 628 591 628 591 630 591 638 585 714 590 716 590 716 590 717 590 726 584 798 591 800 591 801 591 801 591 814 582 814 582 897 582 904 582 915 590 916 590 918 590 920 590 920 590 942 580 942 567 939 542 834 531 832 531 770 542 765 542 762 542 657 532 656 532 654 532 654 532 639 543 636 543 592 543 456 543 456 543 432 536 432 536 430 536 429 536 428 536 418 543 388 536 388 536 387 536 386 536 369 543 368 543 357 543 272 536 272 536 270 536 268 536 268 536 260 543 258 543 258 543 213 536 212 536 172 543 166 544 159 543 117 536 116 536 75 543 76 573"/></Shape>
            <String CONTENT="nẽpe per ordinariã &amp; puram verbi Dei prædica¬" HPOS="75" VPOS="531" WIDTH="867" HEIGHT="66" WC="0.9968516192537673"/>
          </TextLine>
          <TextLine ID="line_11" TAGREFS="LT8" BASELINE="78 622 944 616" HPOS="76" VPOS="579" WIDTH="867" HEIGHT="66">
            <Shape><Polygon POINTS="78 622 78 638 92 645 93 645 94 645 96 645 98 645 104 638 124 644 126 644 128 644 225 636 234 636 238 636 279 644 280 644 321 636 363 644 364 644 366 644 368 644 380 634 381 634 438 634 456 642 456 642 458 644 510 644 510 642 512 642 512 642 512 640 520 634 522 634 543 640 544 640 546 640 632 634 651 640 652 640 654 640 942 630 944 616 940 588 918 588 906 579 906 579 904 579 903 579 840 586 806 579 804 579 802 579 801 579 801 579 801 579 789 588 758 579 756 579 754 579 753 579 722 588 705 579 704 579 704 579 702 579 700 579 692 585 654 579 654 579 652 579 628 590 614 582 612 582 610 582 610 582 585 590 522 580 520 580 363 591 346 584 345 584 345 584 344 584 314 591 258 585 258 585 219 592 176 585 174 585 129 592 104 585 102 585 100 585 99 585 76 592 78 622"/></Shape>
            <String CONTENT="tionem, quæ ab veris Epiſcopis &amp; paſtoribus fa¬" HPOS="76" VPOS="579" WIDTH="867" HEIGHT="66" WC="0.9872910025271964"/>
          </TextLine>
          <TextLine ID="line_12" TAGREFS="LT8" BASELINE="80 672 944 664" HPOS="78" VPOS="627" WIDTH="866" HEIGHT="66">
            <Shape><Polygon POINTS="80 672 80 687 171 687 174 687 192 693 194 693 195 693 196 693 196 693 206 687 208 686 213 687 228 693 228 693 230 693 231 693 244 687 252 684 255 687 260 692 261 692 262 692 300 693 302 693 327 687 348 684 352 687 357 692 358 692 360 692 362 693 418 693 418 692 418 692 430 687 438 684 454 687 465 690 466 690 501 687 604 681 657 687 674 690 675 690 676 690 681 687 698 680 742 680 754 687 754 688 756 688 758 688 759 690 813 690 813 688 814 688 816 687 838 681 872 687 873 687 874 687 891 678 940 687 944 664 940 638 870 627 870 627 818 638 816 639 795 639 759 639 728 628 726 628 724 628 723 628 722 628 708 639 660 639 654 639 624 628 622 628 580 628 579 628 579 628 537 640 522 630 520 630 519 630 518 630 518 630 498 640 456 632 454 632 453 632 452 632 440 640 438 640 434 640 356 634 354 634 352 634 326 642 321 642 312 642 202 633 201 633 164 640 92 634 90 634 88 634 87 634 78 640 80 672"/></Shape>
            <String CONTENT="cta eſt. Nam, vt ait Paulus Romanor.3. verſ.2." HPOS="78" VPOS="627" WIDTH="866" HEIGHT="66" WC="0.9872597896534464"/>
          </TextLine>
          <TextLine ID="line_13" TAGREFS="LT8" BASELINE="80 720 944 711" HPOS="80" VPOS="675" WIDTH="864" HEIGHT="64">
            <Shape><Polygon POINTS="80 720 80 734 202 740 202 740 252 734 326 740 327 740 374 732 376 732 376 732 420 738 422 738 423 738 442 732 556 736 558 736 560 736 561 736 568 730 570 730 572 730 692 735 693 735 694 735 696 735 704 729 705 729 729 734 730 734 732 734 746 729 750 728 944 728 944 711 940 684 771 684 753 675 752 675 750 675 717 681 698 675 698 675 696 675 694 675 693 675 684 682 540 678 538 678 537 678 524 684 519 686 500 684 424 678 424 678 423 678 400 684 392 687 381 684 345 678 344 678 342 678 340 678 330 686 324 690 278 690 272 686 258 680 256 680 255 680 254 680 236 686 231 688 198 688 195 686 190 681 189 681 188 681 186 681 159 686 141 690 130 686 117 681 116 681 114 681 80 686 80 720"/></Shape>
            <String CONTENT="Credita ſunt (πςεύθησαν) Dei Eccleſiæ, non au¬" HPOS="80" VPOS="675" WIDTH="864" HEIGHT="64" WC="0.9761923386695537"/>
          </TextLine>
          <TextLine ID="line_14" TAGREFS="LT8" BASELINE="78 770 944 760" HPOS="76" VPOS="726" WIDTH="867" HEIGHT="62">
            <Shape><Polygon POINTS="78 770 78 782 446 788 447 788 508 782 524 786 524 786 525 786 526 786 528 786 537 778 592 783 594 783 596 783 614 777 615 777 616 777 634 783 636 783 638 783 639 783 652 777 654 777 693 784 694 784 696 784 724 776 728 774 942 772 944 760 939 730 801 734 795 732 789 726 788 726 786 726 784 726 722 732 716 732 716 732 696 726 694 726 693 726 663 728 662 728 660 728 654 732 650 735 636 734 608 728 606 728 579 734 561 736 526 734 495 730 494 730 416 734 345 738 338 735 324 729 322 729 321 729 320 729 297 735 284 740 270 735 252 730 252 730 250 730 76 736 78 770"/></Shape>
            <String CONTENT="tem Sathanę Synagogæ, non Antichriſtiano cœ¬" HPOS="76" VPOS="726" WIDTH="867" HEIGHT="62" WC="0.9918012513054741"/>
          </TextLine>
          <TextLine ID="line_15" TAGREFS="LT8" BASELINE="75 819 944 808" HPOS="74" VPOS="771" WIDTH="870" HEIGHT="68">
            <Shape><Polygon POINTS="75 819 75 832 141 838 142 838 218 832 261 838 262 838 264 838 276 832 290 838 290 838 291 838 292 838 294 838 302 832 366 838 368 838 369 838 369 838 380 831 414 836 416 836 417 836 441 830 502 837 504 837 506 837 532 828 544 836 546 836 548 836 549 837 579 837 579 836 580 836 582 836 591 828 672 832 674 832 675 832 676 832 682 826 711 834 712 834 714 834 716 834 730 826 753 832 753 832 754 832 786 826 801 832 802 832 804 832 888 826 906 832 906 832 908 832 909 832 944 822 944 808 942 780 832 771 832 771 795 771 795 771 794 771 783 782 782 783 646 783 645 783 618 772 616 772 616 772 615 772 590 783 586 783 585 783 562 774 561 774 561 774 525 782 513 774 512 774 512 774 510 774 508 774 480 783 474 786 339 786 334 784 312 777 310 777 309 777 308 777 308 777 292 786 291 786 290 786 264 777 264 777 194 777 192 777 159 778 159 778 158 778 158 780 148 788 147 789 74 789 75 819"/></Shape>
            <String CONTENT="tui: ſed Chriſtianæ Eccleſię diuina oracula &amp; e¬" HPOS="74" VPOS="771" WIDTH="870" HEIGHT="68" WC="0.9955695964852158"/>
          </TextLine>
          <TextLine ID="line_16" TAGREFS="LT8" BASELINE="78 867 945 858" HPOS="76" VPOS="824" WIDTH="868" HEIGHT="64">
            <Shape><Polygon POINTS="78 867 78 879 141 888 141 888 142 888 158 880 200 886 201 886 202 886 216 879 232 886 234 886 234 886 236 886 264 879 280 885 282 885 284 885 284 885 303 879 424 885 424 885 426 885 453 879 549 884 550 884 598 876 608 882 609 882 610 882 610 882 662 876 688 882 690 882 690 882 692 882 693 882 702 874 704 874 712 874 926 880 927 880 928 880 945 872 945 858 944 831 897 824 896 824 894 824 894 824 885 831 870 831 762 831 760 831 753 824 753 824 752 824 750 824 748 824 722 831 720 831 717 831 698 824 696 824 694 824 693 824 668 831 660 832 555 832 552 831 548 826 546 826 544 826 480 826 480 826 478 826 460 831 446 836 402 836 394 831 390 826 388 826 388 826 387 826 308 831 198 837 183 831 178 830 177 830 132 830 130 830 129 830 129 830 128 831 120 837 76 832 78 867"/></Shape>
            <String CONTENT="loquia, quia in hoc tantùm vno hominum cœ¬" HPOS="76" VPOS="824" WIDTH="868" HEIGHT="64" WC="0.9942538142204285"/>
          </TextLine>
          <TextLine ID="line_17" TAGREFS="LT8" BASELINE="76 916 939 906" HPOS="75" VPOS="870" WIDTH="864" HEIGHT="64">
            <Shape><Polygon POINTS="76 916 76 932 250 934 252 934 273 932 300 926 327 932 345 933 346 933 348 933 357 932 368 926 426 930 462 932 462 932 476 930 507 924 537 930 546 932 548 932 561 930 598 924 626 928 627 928 628 928 628 928 638 922 706 928 722 930 722 930 723 930 726 928 736 924 783 928 788 928 789 928 789 928 790 928 801 921 826 928 828 928 830 928 831 928 834 928 870 920 938 927 939 906 938 876 836 870 834 870 680 876 612 879 537 876 428 874 426 874 424 874 412 878 396 882 376 878 363 876 363 876 339 878 303 882 272 878 258 876 256 876 255 876 254 876 252 878 246 882 75 879 76 916"/></Shape>
            <String CONTENT="tu illa explicantur, docentur &amp; conſeruantur, per" HPOS="75" VPOS="870" WIDTH="864" HEIGHT="64" WC="0.9962429866498831"/>
          </TextLine>
          <TextLine ID="line_18" TAGREFS="LT8" BASELINE="76 964 942 956" HPOS="75" VPOS="918" WIDTH="867" HEIGHT="69">
            <Shape><Polygon POINTS="76 964 78 987 120 974 236 974 273 982 278 982 278 982 284 982 324 974 381 980 382 980 416 974 423 980 424 981 424 981 426 981 428 981 456 978 494 975 512 976 558 981 560 981 561 981 561 981 568 975 572 974 573 975 585 981 585 981 586 981 588 981 590 981 596 975 602 970 634 974 690 981 692 981 826 972 906 978 908 978 909 978 942 968 942 956 939 928 861 928 832 918 832 918 831 918 830 918 786 930 634 930 570 920 568 920 567 920 537 932 447 921 446 921 255 933 213 924 212 924 210 924 208 924 194 934 174 926 172 926 130 926 129 926 75 936 76 964"/></Shape>
            <String CONTENT="ordinarium verbi Dei miniſterium, quod in Ec¬" HPOS="75" VPOS="918" WIDTH="867" HEIGHT="69" WC="0.9763597170511882"/>
          </TextLine>
          <TextLine ID="line_19" TAGREFS="LT8" BASELINE="78 1011 944 1005" HPOS="76" VPOS="966" WIDTH="867" HEIGHT="63">
            <Shape><Polygon POINTS="78 1011 78 1026 298 1029 300 1029 302 1029 316 1023 321 1023 327 1023 358 1029 360 1029 393 1023 400 1022 412 1023 462 1029 462 1029 538 1022 550 1020 555 1022 576 1028 578 1028 579 1028 741 1026 742 1026 744 1026 753 1020 794 1024 795 1024 795 1024 796 1024 796 1023 804 1017 806 1017 858 1024 860 1024 944 1016 944 1005 939 974 894 974 894 974 878 966 876 966 876 966 874 966 848 974 822 966 820 966 820 966 819 966 796 975 795 975 776 975 568 968 567 968 567 968 566 968 554 976 510 968 508 968 507 968 506 968 494 976 435 969 434 969 394 978 369 969 368 969 366 969 364 969 363 969 363 970 357 976 300 970 298 970 297 970 278 980 244 974 243 974 242 974 213 981 184 972 183 972 110 972 108 972 106 972 76 981 78 1011"/></Shape>
            <String CONTENT="cleſia viget. Vnde idem Paul. Rom.9. verſ.4 Le¬" HPOS="76" VPOS="966" WIDTH="867" HEIGHT="63" WC="0.9803450843121143"/>
          </TextLine>
          <TextLine ID="line_20" TAGREFS="LT8" BASELINE="80 1060 942 1053" HPOS="78" VPOS="1014" WIDTH="864" HEIGHT="64">
            <Shape><Polygon POINTS="80 1060 80 1072 152 1072 153 1072 162 1078 164 1078 165 1078 166 1078 194 1072 202 1072 208 1072 222 1078 224 1078 225 1078 342 1072 404 1071 464 1072 548 1076 549 1076 562 1072 582 1068 939 1071 942 1053 939 1016 862 1014 861 1014 860 1014 854 1017 837 1023 814 1017 806 1016 804 1016 802 1016 801 1016 795 1017 780 1023 764 1018 753 1016 752 1016 750 1016 748 1016 736 1018 717 1024 700 1020 698 1018 698 1018 696 1018 684 1020 634 1026 622 1022 610 1017 609 1017 608 1017 543 1017 543 1017 542 1017 532 1023 530 1024 518 1023 474 1017 472 1017 471 1017 454 1024 446 1029 396 1029 392 1026 380 1018 378 1018 376 1018 376 1018 375 1018 374 1018 363 1028 358 1029 322 1029 314 1028 285 1020 284 1020 284 1020 282 1020 280 1020 272 1028 252 1023 250 1023 249 1023 232 1029 231 1029 228 1029 202 1020 202 1020 201 1020 200 1020 166 1030 165 1032 78 1032 80 1060"/></Shape>
            <String CONTENT="gem, &amp; fœdera, &amp; eorum fœderum tabulas fuiſ¬" HPOS="78" VPOS="1014" WIDTH="864" HEIGHT="64" WC="0.9762619070031426"/>
          </TextLine>
          <TextLine ID="line_21" TAGREFS="LT8" BASELINE="78 1108 944 1102" HPOS="76" VPOS="1065" WIDTH="867" HEIGHT="62">
            <Shape><Polygon POINTS="78 1108 78 1122 236 1126 237 1126 238 1126 249 1122 252 1120 346 1120 357 1122 404 1126 405 1126 524 1120 555 1119 566 1120 596 1124 597 1124 598 1124 598 1124 604 1120 606 1118 618 1120 642 1124 644 1124 944 1118 944 1102 942 1077 896 1068 894 1068 856 1076 776 1065 774 1065 772 1065 771 1065 753 1077 711 1071 710 1071 660 1077 610 1066 610 1066 548 1070 546 1070 544 1070 536 1078 506 1066 504 1066 502 1066 501 1066 500 1066 488 1078 354 1078 339 1068 338 1068 336 1068 250 1068 249 1068 202 1070 201 1070 200 1070 184 1082 76 1082 78 1108"/></Shape>
            <String CONTENT="ſe apud Iſraëlitas, ait, quia &amp; cum ijs pactum erat" HPOS="76" VPOS="1065" WIDTH="867" HEIGHT="62" WC="0.9943211651765383"/>
          </TextLine>
          <TextLine ID="line_22" TAGREFS="LT8" BASELINE="76 1158 942 1149" HPOS="75" VPOS="1110" WIDTH="867" HEIGHT="66">
            <Shape><Polygon POINTS="76 1158 76 1168 308 1168 320 1174 320 1174 321 1174 322 1174 324 1174 345 1167 346 1167 348 1167 369 1174 369 1174 370 1174 424 1167 428 1167 444 1176 444 1176 446 1176 494 1174 494 1174 495 1174 495 1173 504 1167 504 1166 506 1167 532 1174 534 1174 536 1174 537 1174 552 1166 555 1166 566 1166 604 1173 604 1173 606 1173 620 1167 678 1173 680 1173 681 1173 698 1166 704 1162 711 1166 730 1172 732 1172 734 1173 768 1173 768 1172 770 1172 771 1172 777 1166 788 1172 789 1172 789 1172 790 1172 940 1164 942 1149 939 1119 886 1110 885 1110 831 1118 788 1112 786 1112 784 1112 770 1119 766 1122 687 1122 684 1120 675 1112 674 1112 672 1112 672 1112 670 1112 646 1120 642 1122 640 1120 622 1112 621 1112 620 1112 618 1112 616 1112 604 1120 604 1122 598 1120 573 1116 573 1116 572 1116 570 1116 566 1122 562 1122 560 1122 538 1113 537 1113 537 1113 495 1122 488 1122 474 1122 417 1114 416 1114 414 1114 396 1122 392 1124 370 1122 306 1116 220 1116 219 1116 218 1116 195 1124 192 1124 190 1124 171 1116 170 1116 86 1116 86 1116 84 1116 82 1116 75 1120 76 1158"/></Shape>
            <String CONTENT="fœdus Dei, &amp; eius fœderis tabulæ apud eos ſo¬" HPOS="75" VPOS="1110" WIDTH="867" HEIGHT="66" WC="0.9919962618086073"/>
          </TextLine>
          <TextLine ID="line_23" TAGREFS="LT8" BASELINE="76 1206 945 1198" HPOS="75" VPOS="1161" WIDTH="870" HEIGHT="63">
            <Shape><Polygon POINTS="76 1206 76 1218 183 1218 184 1218 194 1224 195 1224 196 1224 196 1224 198 1224 218 1218 224 1216 243 1218 297 1222 298 1222 300 1222 316 1218 322 1216 944 1216 945 1198 942 1161 884 1167 850 1162 850 1162 849 1162 848 1162 838 1170 789 1162 788 1162 786 1162 784 1162 783 1162 771 1172 734 1172 720 1164 718 1164 717 1164 716 1164 716 1164 654 1172 628 1164 626 1164 624 1164 622 1164 622 1164 618 1166 597 1170 576 1166 568 1164 567 1164 567 1164 562 1166 548 1172 520 1166 512 1164 510 1164 508 1164 507 1164 506 1166 495 1174 454 1174 440 1166 438 1166 436 1166 435 1166 434 1166 430 1166 416 1174 363 1176 308 1176 296 1168 294 1166 292 1166 291 1166 290 1166 290 1166 284 1168 264 1174 243 1168 234 1166 232 1166 231 1166 208 1168 159 1176 141 1170 136 1168 135 1168 135 1168 134 1168 129 1170 108 1176 100 1170 98 1167 96 1167 94 1167 93 1167 75 1170 76 1206"/></Shape>
            <String CONTENT="los aſſeruabantur, &amp; cuſtodiebantur, velut apud" HPOS="75" VPOS="1161" WIDTH="870" HEIGHT="63" WC="0.9962023166899986"/>
          </TextLine>
          <TextLine ID="line_24" TAGREFS="LT8" BASELINE="76 1252 945 1246" HPOS="75" VPOS="1209" WIDTH="870" HEIGHT="64">
            <Shape><Polygon POINTS="76 1252 76 1266 162 1264 165 1266 171 1272 172 1272 172 1272 174 1274 208 1274 208 1272 210 1272 212 1272 220 1266 225 1264 306 1264 339 1266 394 1270 394 1270 420 1266 441 1263 507 1266 574 1270 576 1270 598 1266 626 1262 644 1266 654 1269 654 1269 656 1270 734 1270 734 1269 747 1266 771 1260 806 1266 818 1268 819 1268 820 1268 826 1266 846 1260 872 1266 882 1268 882 1268 944 1264 945 1246 944 1216 918 1210 916 1210 891 1215 878 1220 862 1215 832 1209 832 1209 831 1209 808 1215 796 1220 780 1215 760 1212 759 1212 759 1212 746 1215 732 1221 722 1215 710 1210 710 1210 708 1210 706 1210 690 1215 687 1215 684 1215 646 1209 645 1209 644 1209 642 1209 634 1215 633 1215 600 1209 598 1209 598 1209 597 1209 588 1215 578 1222 477 1222 468 1215 464 1210 462 1210 462 1210 424 1210 424 1210 423 1210 412 1215 394 1224 354 1224 339 1215 339 1215 338 1215 336 1215 334 1215 333 1215 320 1224 222 1224 210 1215 208 1214 208 1214 207 1214 206 1214 75 1214 76 1252"/></Shape>
            <String CONTENT="fideliſſimum &amp; publicum tabellionem manent" HPOS="75" VPOS="1209" WIDTH="870" HEIGHT="64" WC="0.9946621117137727"/>
          </TextLine>
          <TextLine ID="line_25" TAGREFS="LT8" BASELINE="76 1302 944 1294" HPOS="75" VPOS="1258" WIDTH="868" HEIGHT="62">
            <Shape><Polygon POINTS="76 1302 76 1320 252 1314 314 1316 357 1318 357 1318 358 1318 369 1316 382 1312 486 1314 628 1316 628 1316 670 1311 681 1310 718 1310 926 1314 927 1314 928 1314 944 1306 944 1294 942 1270 800 1258 798 1258 768 1264 668 1260 666 1260 666 1260 664 1260 650 1270 562 1262 561 1262 561 1262 560 1262 550 1270 506 1272 423 1268 422 1268 278 1274 264 1264 264 1264 262 1264 240 1264 240 1264 238 1264 218 1275 177 1264 176 1264 174 1264 144 1275 117 1264 117 1264 116 1264 114 1264 112 1264 100 1276 75 1276 76 1302"/></Shape>
            <String CONTENT="acta &amp; inſtrumenta contractuum. Hoc ſenſu vo¬" HPOS="75" VPOS="1258" WIDTH="868" HEIGHT="62" WC="0.9973317477438185"/>
          </TextLine>
          <TextLine ID="line_26" TAGREFS="LT8" BASELINE="76 1350 942 1344" HPOS="75" VPOS="1306" WIDTH="867" HEIGHT="68">
            <Shape><Polygon POINTS="76 1350 76 1364 214 1374 216 1374 216 1374 248 1364 250 1364 255 1364 292 1370 294 1370 392 1362 402 1362 404 1362 416 1371 417 1371 418 1371 418 1372 470 1372 470 1371 471 1371 472 1371 480 1364 506 1371 507 1371 508 1371 510 1371 537 1360 538 1360 610 1360 612 1360 650 1370 651 1370 652 1370 693 1364 753 1370 753 1370 754 1370 774 1359 843 1366 844 1366 940 1358 942 1344 939 1317 906 1317 885 1306 884 1306 802 1306 801 1306 801 1306 800 1306 800 1308 789 1317 774 1308 772 1308 771 1308 741 1314 702 1308 700 1308 699 1308 698 1308 684 1317 543 1308 543 1308 542 1308 540 1308 528 1320 448 1320 436 1310 435 1310 434 1310 432 1310 399 1317 380 1310 378 1310 376 1310 376 1310 356 1320 346 1314 345 1314 345 1314 344 1314 342 1314 340 1314 328 1322 254 1322 216 1312 214 1312 213 1312 212 1312 198 1322 162 1314 160 1314 159 1314 141 1322 94 1316 93 1316 92 1316 75 1322 76 1350"/></Shape>
            <String CONTENT="cat Paulus verã &amp; Euangelicã Dei Eccleſiã, Co¬" HPOS="75" VPOS="1306" WIDTH="867" HEIGHT="68" WC="0.9887002061824409"/>
          </TextLine>
          <TextLine ID="line_27" TAGREFS="LT8" BASELINE="78 1398 944 1394" HPOS="76" VPOS="1358" WIDTH="867" HEIGHT="62">
            <Shape><Polygon POINTS="78 1398 80 1418 93 1412 106 1418 110 1419 111 1419 111 1419 231 1419 231 1419 249 1416 296 1410 324 1416 327 1416 328 1416 330 1416 332 1416 342 1410 456 1410 474 1414 482 1418 483 1418 484 1418 512 1414 567 1408 648 1413 690 1416 690 1416 692 1416 704 1413 722 1408 754 1413 771 1414 771 1414 944 1412 944 1394 942 1364 846 1358 844 1358 844 1358 828 1364 812 1358 810 1358 808 1358 808 1358 807 1358 798 1364 794 1366 784 1364 777 1360 777 1360 776 1360 774 1360 772 1360 770 1364 764 1368 662 1368 644 1364 627 1358 626 1358 624 1358 597 1364 564 1370 426 1370 417 1362 412 1359 412 1359 411 1359 344 1359 342 1359 340 1359 339 1359 336 1362 328 1366 308 1362 294 1359 292 1359 291 1359 290 1359 286 1362 272 1370 256 1364 255 1364 254 1364 252 1364 252 1364 240 1371 123 1371 76 1362 78 1398"/></Shape>
            <String CONTENT="lumnam, &amp; Stabilimentum veritatis, non quidem" HPOS="76" VPOS="1358" WIDTH="867" HEIGHT="62" WC="0.9953587677743699"/>
          </TextLine>
          <TextLine ID="line_28" TAGREFS="LT8" BASELINE="80 1448 946 1443" HPOS="78" VPOS="1404" WIDTH="868" HEIGHT="64">
            <Shape><Polygon POINTS="80 1448 80 1464 228 1468 228 1468 230 1468 246 1462 258 1460 273 1462 292 1468 294 1468 296 1468 339 1467 340 1467 350 1461 357 1458 446 1461 504 1462 506 1462 518 1461 536 1456 554 1461 584 1466 585 1466 585 1466 597 1460 603 1456 688 1456 698 1458 726 1466 728 1466 728 1466 742 1458 746 1455 752 1458 759 1464 760 1464 762 1464 764 1464 765 1464 765 1464 774 1458 777 1455 782 1458 795 1464 795 1464 796 1464 945 1455 946 1443 944 1410 884 1404 882 1404 882 1404 880 1404 873 1410 868 1414 843 1414 836 1410 824 1404 822 1404 820 1404 820 1404 819 1404 808 1412 806 1413 744 1413 734 1412 712 1406 711 1406 710 1406 710 1406 708 1406 708 1406 700 1412 698 1416 666 1416 662 1413 654 1406 652 1406 651 1406 650 1406 586 1412 538 1406 537 1406 537 1406 513 1413 500 1406 500 1406 498 1406 496 1406 495 1406 483 1413 480 1416 468 1413 438 1407 436 1407 435 1407 434 1407 424 1414 423 1418 342 1418 339 1414 327 1406 327 1406 326 1406 302 1406 300 1406 250 1407 249 1407 248 1407 248 1408 238 1416 237 1418 222 1416 141 1410 140 1410 138 1410 123 1418 123 1419 78 1419 80 1448"/></Shape>
            <String CONTENT="tanquam iſtius veritatis Eccleſia ſit cauſa, ſed" HPOS="78" VPOS="1404" WIDTH="868" HEIGHT="64" WC="0.9863687815765539"/>
          </TextLine>
          <TextLine ID="line_29" TAGREFS="LT8" BASELINE="78 1496 945 1490" HPOS="76" VPOS="1454" WIDTH="868" HEIGHT="63">
            <Shape><Polygon POINTS="78 1496 78 1509 150 1516 152 1516 153 1516 166 1509 180 1514 182 1514 183 1514 208 1509 214 1506 274 1506 278 1508 282 1512 284 1512 284 1512 285 1512 286 1512 302 1508 308 1506 327 1508 392 1510 393 1510 471 1506 492 1504 496 1506 530 1514 530 1514 531 1514 556 1504 560 1504 561 1504 597 1512 598 1512 598 1512 620 1504 622 1504 669 1504 670 1504 680 1512 681 1512 682 1512 684 1514 771 1514 771 1512 945 1502 945 1490 944 1462 867 1454 866 1454 864 1454 838 1461 820 1454 820 1454 819 1454 770 1464 662 1464 634 1455 633 1455 632 1455 630 1455 628 1455 616 1462 598 1455 598 1455 597 1455 596 1455 558 1464 428 1455 426 1455 424 1455 399 1466 375 1456 374 1456 372 1456 320 1466 267 1456 266 1456 264 1456 246 1468 208 1468 196 1460 196 1460 195 1460 194 1460 160 1467 142 1460 141 1460 141 1460 140 1460 116 1467 87 1458 86 1458 86 1458 84 1458 82 1458 82 1460 76 1464 78 1496"/></Shape>
            <String CONTENT="tantùm cuſtos, Conſeruatrix, &amp; Propagatrix. Ve¬" HPOS="76" VPOS="1454" WIDTH="868" HEIGHT="63" WC="0.9824096895754337"/>
          </TextLine>
          <TextLine ID="line_30" TAGREFS="LT8" BASELINE="76 1545 942 1536" HPOS="75" VPOS="1498" WIDTH="867" HEIGHT="69">
            <Shape><Polygon POINTS="76 1545 76 1563 204 1560 222 1562 258 1568 258 1568 260 1568 286 1560 290 1560 292 1560 320 1568 321 1568 322 1568 324 1568 346 1560 352 1558 357 1560 366 1566 368 1566 369 1566 369 1566 408 1560 441 1566 442 1566 444 1566 458 1560 462 1557 555 1557 555 1557 566 1566 567 1566 567 1566 568 1566 570 1566 602 1558 692 1564 693 1564 774 1556 802 1563 804 1563 806 1563 940 1552 942 1536 938 1498 894 1504 876 1500 876 1500 874 1500 873 1500 834 1510 801 1502 800 1502 798 1502 754 1510 734 1502 734 1502 732 1502 730 1502 729 1502 717 1512 621 1512 585 1503 585 1503 584 1503 582 1503 561 1514 550 1504 549 1504 549 1504 548 1504 546 1504 522 1510 498 1504 496 1504 495 1504 494 1504 494 1504 478 1514 441 1504 440 1504 438 1504 438 1504 406 1515 222 1510 222 1510 190 1516 75 1508 76 1545"/></Shape>
            <String CONTENT="ritatis enim, quæ in Eccleſia Dei prędicatur, cau¬" HPOS="75" VPOS="1498" WIDTH="867" HEIGHT="69" WC="0.9893789548499912"/>
          </TextLine>
          <TextLine ID="line_31" TAGREFS="LT8" BASELINE="76 1592 944 1586" HPOS="75" VPOS="1550" WIDTH="868" HEIGHT="63">
            <Shape><Polygon POINTS="76 1592 76 1608 135 1604 141 1608 148 1611 150 1611 152 1612 202 1612 202 1611 202 1611 204 1611 208 1606 213 1604 250 1604 258 1605 270 1610 272 1610 272 1611 364 1611 364 1610 366 1610 368 1610 376 1604 378 1604 406 1604 500 1608 501 1608 502 1608 504 1608 510 1602 512 1602 514 1602 544 1608 546 1608 548 1608 549 1608 555 1602 555 1602 585 1606 585 1606 640 1600 654 1599 666 1600 716 1606 716 1606 768 1599 795 1606 796 1606 798 1606 944 1596 944 1586 942 1560 884 1560 884 1558 870 1550 870 1550 868 1550 867 1550 866 1550 849 1558 832 1551 832 1551 831 1551 830 1551 800 1558 795 1560 744 1560 741 1558 723 1550 722 1550 722 1550 720 1550 702 1558 699 1560 646 1562 564 1562 558 1558 544 1551 543 1551 543 1551 510 1558 508 1558 506 1558 482 1552 480 1552 480 1552 478 1552 477 1552 470 1558 465 1562 446 1558 414 1552 412 1552 386 1558 363 1563 352 1558 342 1554 340 1554 339 1554 339 1554 327 1558 320 1560 312 1558 297 1554 296 1554 296 1554 268 1558 246 1562 230 1558 216 1554 216 1554 154 1554 153 1554 153 1554 152 1554 147 1558 140 1562 75 1558 76 1592"/></Shape>
            <String CONTENT="ſa eſt Deus ipſe, cuius eſt hæc veritas vox &amp; ver¬" HPOS="75" VPOS="1550" WIDTH="868" HEIGHT="63" WC="0.9866576755046844"/>
          </TextLine>
          <TextLine ID="line_32" TAGREFS="LT8" BASELINE="78 1642 944 1635" HPOS="76" VPOS="1598" WIDTH="867" HEIGHT="68">
            <Shape><Polygon POINTS="78 1642 78 1660 129 1654 140 1660 147 1665 147 1665 148 1665 150 1665 164 1659 178 1654 186 1659 194 1665 195 1665 196 1665 196 1665 249 1664 278 1659 296 1654 304 1658 321 1664 322 1664 324 1664 357 1658 381 1653 405 1656 446 1662 447 1662 500 1660 500 1660 512 1653 519 1650 708 1648 723 1652 777 1659 777 1659 778 1659 807 1648 808 1648 810 1648 836 1658 837 1658 838 1658 942 1647 944 1635 940 1608 894 1598 892 1598 822 1606 813 1610 730 1610 728 1606 718 1599 717 1599 716 1599 716 1599 674 1600 672 1600 672 1600 663 1606 660 1610 646 1606 606 1600 604 1600 537 1606 531 1606 530 1606 500 1602 500 1602 498 1602 496 1602 490 1606 486 1610 460 1606 441 1604 440 1604 438 1604 438 1604 434 1606 424 1612 363 1612 351 1606 344 1604 342 1604 340 1604 339 1604 328 1606 308 1614 224 1614 212 1606 207 1604 206 1604 204 1604 190 1606 150 1614 76 1606 78 1642"/></Shape>
            <String CONTENT="bum. Ergo ratione perpetui &amp; ordinarij miniſte¬" HPOS="76" VPOS="1598" WIDTH="867" HEIGHT="68" WC="0.9876475067848854"/>
          </TextLine>
          <TextLine ID="line_33" TAGREFS="LT8" BASELINE="75 1690 940 1683" HPOS="74" VPOS="1647" WIDTH="867" HEIGHT="62">
            <Shape><Polygon POINTS="75 1690 75 1704 320 1708 321 1708 364 1702 369 1702 374 1702 411 1708 412 1708 412 1708 414 1708 423 1702 424 1702 500 1707 500 1707 501 1707 516 1701 518 1701 534 1707 536 1707 537 1707 574 1700 580 1700 609 1700 788 1704 789 1704 789 1704 806 1698 836 1702 837 1702 939 1696 940 1683 938 1658 717 1659 714 1658 690 1647 688 1647 687 1647 686 1647 684 1647 676 1653 572 1648 570 1648 568 1648 567 1648 556 1659 552 1662 478 1662 474 1659 468 1653 468 1653 466 1653 465 1653 464 1653 444 1659 432 1662 424 1659 410 1652 408 1652 406 1652 406 1652 390 1659 384 1662 374 1659 348 1652 346 1652 345 1652 304 1659 300 1659 296 1659 252 1653 252 1653 250 1653 234 1659 232 1659 226 1659 152 1653 150 1653 148 1653 135 1659 126 1665 74 1660 75 1690"/></Shape>
            <String CONTENT="rij &amp; prædicationis puri verbi Dei, quæ in vera" HPOS="74" VPOS="1647" WIDTH="867" HEIGHT="62" WC="0.9882084258059238"/>
          </TextLine>
          <TextLine ID="line_34" TAGREFS="LT8" BASELINE="74 1740 940 1732" HPOS="74" VPOS="1692" WIDTH="867" HEIGHT="69">
            <Shape><Polygon POINTS="74 1740 74 1756 146 1752 150 1756 154 1760 156 1760 158 1760 159 1761 194 1761 194 1760 195 1760 196 1760 202 1755 204 1752 207 1755 213 1760 214 1760 216 1760 216 1760 303 1758 304 1758 306 1758 312 1754 314 1752 326 1754 352 1758 354 1758 356 1758 374 1752 376 1752 380 1752 387 1758 388 1758 388 1758 390 1758 494 1758 494 1758 495 1758 496 1758 506 1752 507 1749 519 1750 549 1755 550 1755 552 1755 562 1750 567 1749 584 1750 642 1754 644 1754 645 1754 646 1754 652 1749 654 1748 656 1749 670 1755 672 1755 672 1755 738 1748 740 1748 742 1748 795 1754 795 1754 796 1754 812 1746 813 1746 940 1744 940 1732 938 1702 854 1692 852 1692 850 1692 826 1701 822 1702 819 1701 794 1692 792 1692 790 1692 789 1692 789 1692 776 1701 771 1704 705 1704 702 1701 693 1694 692 1694 690 1694 666 1694 664 1694 663 1694 650 1701 640 1704 603 1700 555 1695 555 1695 528 1700 496 1706 441 1706 429 1700 422 1696 420 1696 418 1696 398 1700 351 1708 284 1708 262 1698 258 1696 256 1696 255 1696 254 1696 252 1696 252 1698 238 1707 159 1698 154 1698 153 1698 153 1698 126 1708 74 1698 74 1740"/></Shape>
            <String CONTENT="Eccleſia locum habere debet, dicitur Eccleſia" HPOS="74" VPOS="1692" WIDTH="867" HEIGHT="69" WC="0.9813200579749213"/>
          </TextLine>
          <TextLine ID="line_35" TAGREFS="LT8" BASELINE="74 1788 934 1782" HPOS="74" VPOS="1744" WIDTH="861" HEIGHT="82">
            <Shape><Polygon POINTS="74 1788 74 1816 114 1826 116 1826 117 1826 136 1818 150 1812 226 1812 243 1818 246 1820 248 1820 249 1820 250 1820 252 1820 252 1818 264 1810 360 1810 378 1820 396 1827 398 1827 399 1827 660 1826 718 1822 720 1822 724 1820 740 1814 762 1816 764 1816 765 1816 782 1808 831 1808 840 1816 842 1816 843 1816 844 1816 844 1816 880 1808 932 1821 934 1782 932 1752 825 1744 824 1744 822 1744 820 1744 812 1752 810 1752 768 1752 766 1752 738 1744 736 1744 735 1744 734 1744 717 1752 716 1752 705 1746 704 1746 704 1746 702 1746 700 1746 693 1752 690 1754 620 1754 615 1752 555 1746 554 1746 501 1754 494 1755 406 1755 404 1754 372 1746 370 1746 369 1746 345 1754 333 1746 333 1746 332 1746 330 1746 255 1755 248 1755 236 1755 99 1748 98 1748 98 1748 74 1755 74 1788"/></Shape>
            <String CONTENT="Columna veritatis: non ratione reipſius, id eſt," HPOS="74" VPOS="1744" WIDTH="861" HEIGHT="82" WC="0.9882023309667906"/>
          </TextLine>
        </TextBlock>
      </PrintSpace>
    </Page>
  </Layout>
</alto>
