1500 2172
537 141 74 32 468

705 116 567 56 A D I. PAVL. AD TIM.

536 168 864 64 Petri debere paſtores toti gregi eſſe exemplar vi

536 218 866 64 tæ ſanitate doctrinæque puritate, cęteríſq; prælu

537 270 862 57 cere.1.Petr.5. verſ.3. Ergo quemadmodũ vna ex

540 318 858 60 parte diligenter illis cauendum, eſt ne propriis

537 366 864 58 collegarúmve peccatis conniueant: ſic ex altera

538 418 860 57 parte proſpiciendum, ne ad facilem criminatio¬

537 462 861 62 nem & accuſationem aditum aliquem proteruis

537 507 862 66 hominibus & iugum diſciplinæ eceleſiaſticæ re¬

537 555 862 68 nuentibus & excutientibus præbeãt. Falſa eſt qui

537 604 864 64 dem illa Papiſtarum ratio, qui poſtquam vniuer¬

534 654 866 62 ſum Domini gregem diſtribuerunt in Laicos &

536 702 864 62 Clericos, fingunt laicos eſſe infeſtos acperpetuos

536 752 864 63 Clericorum hoſtes, eóſque innato quodã ex cle¬

532 800 866 60 ricalis dignitatis fulgore & priuilegiis odio pro¬

537 850 860 58 ſequi. Itaque cano. Nullus laicus, & cano. Laicos.

531 897 868 60 2.quæſt.7.omnes laicos, quamuis probatæ vitæ vi

530 944 868 60 ros pontificij ab accuſatione & teſtimonio in cle¬

528 990 872 62 ricos dicendo ſummouent. Sed peruerſè. Primũ

531 1040 867 66 enim contra Chriſtia. charitatis pręcepta illud o¬

530 1090 868 57 dium in omnibus, qui ſubiiciuntur, ineſſe præſu¬

530 1140 866 57 munt, cùm non ſit charitas ſuſpicioſa. Deinde res

530 1184 862 62 ipſa docet, qui Chriſtiani aliis ſubſunt, eos pro¬

534 1236 861 60 pter Dei verbum ex animo paſtores, præpoſitóſ¬

534 1281 860 64 que ſuos diligere, illíſque ſubiici lubenter velle,

537 1332 858 60 quia non ſunt paſtores euangelici animorum ty¬

532 1382 864 57 ranni. Quid igitur? Poſſunt fateor in eccleſia Dei

532 1425 862 64 eſſe efftenes homines: poſſunt eſſe ſimplices: poſ¬

536 1474 861 62 ſunt eſſe hypocritæ & aſtuti, qui cùm doctrinæ

534 1522 858 64 ipſius firmitatem concutere non poſſunt: neque

536 1572 861 63 aliter myſteria arrodere: in perſonas miniſtrorũ

532 1618 862 68 debacchãtur impudenter, vt eorum autoritatem

536 1670 728 63 eleuent & imminuant quantum poſſunt.

584 1716 812 87 Atque ea ſemper arte Satan tacitè tanquam

1322 1770 72 74 per
