1500 2172
362 177 314 44 CARVT IIII.

912 154 66 76 316

104 198 867 92 ſtra ſuſcipiuntur iſta vel ad breuiſſimum tempus.

104 258 861 76 Reſpond. Cùm iſta ſine cauſa & temerè fiunt,

99 304 870 80 fruſtrâ reuera ſuſcipi à nobis. Cùm autem ad car¬

98 362 872 68 nem laſciuientem domandam, vel vt paratiores

100 406 862 76 promptioréſque ad Deum precandum ſimus, nõ

98 456 872 76 fruſtrà: quanquam in ijs rebus tamen regnũ Dei

96 526 868 51 nion eſt politum, ſed in vera fide, regeneratione,

96 554 867 78 ſpe, & obſequio eo, quod mandatis Dei præſta¬

96 606 82 46 tur.

141 645 822 81 Pietas autem adomnia) Α'ντίθεβις eſt, ex qua ſu¬

93 702 868 69 perior ſententia illuſtratur. Pietatem autem vo¬

92 750 872 70 cat verum Dei cultum, qui ei ex ipſius verbo ex¬

88 795 873 75 hibetur. Primum autem hic fidem continet, dein¬

88 843 873 72 de charitatem: deinde cordis ſanctitatem & pu¬

86 894 873 76 ritatem, quę externis actionibus ſe patefacit. Hęc

88 944 867 74 vna res vtiliſſima eſt, & inf. capx̃. verſ.6. magnus

87 990 864 78 quæſtus appellatur. Cæterum exemplo Chriſti,

87 1040 862 72 qui nihil præter cæterorum hominum morem

84 1083 868 82 habuit: & Ioannis Baptiſtæ, qui iſtas exercitatio¬

81 1152 872 62 nes retinuit, nec proptereà tamen Chriſto me¬

80 1184 868 76 lior fuit, aut ſanctior:imò verò nec cum eo vlla in

80 1234 868 75 re conferendus, hoc Pauli dictum perſpicuè con¬

76 1282 870 76 firmatur. Fuit enim ſanctior illa Chriſti vita cõ¬

78 1329 866 82 munis, quàm auſtera & rigida vita, quam tenuit

75 1380 171 52 Ioannes.

118 1426 825 75 Huius autem ſuæ definitioms et laudis de pie¬

74 1480 868 72 tate argumentum Paulus profert ab effectu, vel

74 1526 868 72 ſigno, quòd pietas vera ſine his exercitationibus

74 1574 862 75 habet promiſſiones, nimirũ vitæ, tum Pręſentis,

70 1622 868 80 tum futuræ. Magna certè laus veræ religionis. Sed

72 1677 866 70 cur vitæ præſẽtis promiſsiones habeat pietas, ra¬

70 1720 867 76 tio eſt, quòd Deus eſt ſuorum in vniuerſum &

74 1770 864 87 per omne tempus Pater & ουτὴς, non tantùm

694 1832 82 69 o.ij.
