1500 2172
562 135 716 60 302 AD I. PAVL. AD TIM.

552 183 861 70 ſit ab illis videtúrque inuentum. Quanquam ta¬

555 234 862 74 men operæpretium eſt ad conſeruandam fidei

552 284 862 64 concordiã, & vnionem tum doctrinæ tum chari¬

554 332 861 69 tatis electum epiſcopum quærere & habere ma¬

554 380 861 70 nus aſſociationem à vicinis epiſcopis & paſtori¬

556 428 860 68 bus: quã ſe ab aliis Apoſtolis accepiſſe teſtatur

555 478 861 70 Paulus Galat.2.verſ. 9. & concilio Mileuit cano.

556 528 861 68 15.ordinati in vna eccleſia aliis epiſcopis vicinis

552 573 864 74 ſtatim ſignificabantur publico ſcripto miſſo ab

555 624 864 66 ordinatoribus: ſed præciſè tres alios epiſcopos

555 672 864 70 accerſere &aduocare eſt planè eccleſiis graue &

555 722 866 68 oneroſum, tamẽ Græcanicę eccleſię ſtudioſè, vti

556 774 866 64 faſtum omnem externum, & alia pompernalia

555 819 870 68 retinuerunt, quemadmodum apparet ex Hiſtoria

561 868 858 69 Euagrij lib.2.cap. 8.Socrat.lib.5.cap.7.lib.4.cap.

562 944 438 44 3.cano. epiſcopus diſt.23.

604 962 820 68 Item conſtitutum erat & obſeruatum in iſta

558 1014 867 66 ordinationevt epiſcopus non niſi in vrbe metro¬

560 1062 867 70 politana confirmaretur, vt ex concilio Toletano

561 1112 795 72 apparet & eſt in cano. Qui in aliquo Diſt.62.

609 1158 816 70 Denique niſi electus curaret ſeſe intra quin¬

561 1206 866 72 que menſes conſecrandum ab Archiepiſcopo ſuo

561 1256 866 69 amitteret ius ſibi quæſitum cano. Quoniam Diſt.

561 1305 870 70 100. Sed hæc omnia cuiuſque eccleſiæ iudicio

561 1354 870 66 funt relinquenda, quando quis ſit ordinandus, &

562 1400 868 75 eligendus. Nam velle præciſè vt ab Archiepiſco¬

567 1455 866 68 po quis confirmetur & ordinetur, vtque in vrbe

567 1498 867 70 metropolitana, id planè redolet veterem tyran¬

567 1548 870 68 nidem Antichriſti, quæ prorſus eſt in eccleſia

568 1596 866 70 Chriſtiana abolenda: & quilibet paſtor melius in¬

567 1644 870 74 ter gregem ſibi deſtinandũconfirmatur. Demum

567 1695 870 66 additæ ſunt quædam veſtes à communibus diuer

568 1742 868 78 ſæ, & ornamẽta, vt auguſtior haberetur inaugu¬

1341 1792 102 64 ratio
