1500 2172
579 158 120 36 Ayo

729 135 573 50 AD T. TAVL. AD TIM.

574 182 860 70 peres eſſe poſſunt otioſę garrulæ, & nugaces, i¬

573 246 860 51 temeque propter perieurum earmis, atque nuptia¬

573 284 860 63 rũ offendiculum infidelibus hominibus præbere.

620 333 812 63 Volo) Sic & ſup.cap.2.verſ.8. & 1. Corinth. 7.

573 380 861 64 verſ7. ſed diuerſo ſenſu. Hæc enim vox modò

576 432 860 60 vim præcepti habet, vti in cap.2.verſ.8. Modò au¬

572 478 864 60 tem conſilij tantùm cuiuſdã & exhortationis, vti

573 530 862 62 hoc loco. Itaque pro ſubiecta materia huius vo¬

573 578 862 63 cis, volo, ſignificatio accipienda eſt. Nec tamen

573 624 866 64 illam Papiſtarum diſtinctionem probamus inter

573 674 864 62 conſilia & præcepta, quaſi conſilia quiddam &

576 722 860 62 pius & ſanctius contineãt: cũ hoc ipſum conſiliũ

573 777 864 52 Pauli etiam ex eorum ſententia minimè conti¬

572 820 866 60 neat eam vitæ rationem, quæ ab illis ſanctior cen

573 868 864 60 ſetur, ſed eam potius quæ minus ex eorum ſen¬

573 914 862 66 tentia, ſit & ſeuera & ſancta. Suadet enim Nu¬

572 963 866 64 ptias, non cœlibatum. Præclarè autem hoc loco

573 1012 864 64 Chryſoſto. negat hîc tradi præceptum à Paulo

572 1060 867 63 abſolutè cui quiſquam obſtringatur, niſi vt ſupe¬

572 1112 868 60 riora mala euitet. Aliàs enim nubere aut non nu¬

573 1158 864 64 bere viduis liberum eſt, vti apparet ex 1.Corinth.

573 1209 866 62 neq; cuiuſquam conſcientia irretitur & laqueo

573 1252 864 68 conſtringitur hoc loco, ſi nullum eſt offendiculũ.

576 1304 861 64 Atque etiã ex hoc ipſo loco apparet ſecundas nu

578 1350 866 68 ptias, dequibus proculdubio Paulus agit cũ de Vi

576 1401 867 62 duarum nuptiis hîc diſputet, minimè eſſe vel dã¬

573 1450 867 60 natas, vel Deo exoſas, quicquid vel Montaniſtæ,

579 1497 862 66 vel poſt eos Papiſtæ ſentiãt: è quibus illi ſecũdas

576 1550 867 58 nuptias omnino improbant: hi verò eas tanquam

576 1596 867 57 infames impedimentum eſſe cenſent ad eccleſia¬

574 1642 870 66 ſtica munera ſubeũda. Nihil certè moror dictum

580 1695 862 54 vel Tertullia. vel Bernard.ſerm.59 cant. quorum

579 1738 866 84 ille fuit Montaniſta, iſte monachali ſuperſtitione

1370 1791 81 69 iam
