1500 2172
380 160 318 36 CANVT III.

926 128 50 68 200

111 186 870 74 pinis abſtinere, vt eſt apud Sozom. lib.5. cap.36.

111 242 867 63 & extat de ea re decretũ concilij Laodiceni cap.

111 290 867 68 24. Denique cano. Non oportet, & cano. ſeq. di¬

111 336 870 66 ſtinct.44. de ijs rebus, & miniſtris Eccleſiæ qui

112 387 868 66 huiuſmodi loca adeunt & frequentant ſeueriſſi¬

112 438 296 62 mè edictum eſt.

158 480 824 69 Non percuſſorem) Decet enim famulum Dei

112 531 866 64 manſuetudo animi atque in omnes humanitas.

117 579 864 64 Vti enim Chriſtus fuit animo miti, ſic paſtores,

114 628 867 68 qui illius imaginem hîc in Dei populo gerunt,

114 678 868 64 mites eſſe oportet. Vnde nec inferiorés clericos

111 724 872 64 etiam peccantes pugnis cędere licuit vnquam E¬

112 774 872 68 piſcopo, cui tamẽ multa in clericos ſuos iure po¬

114 819 873 69 teſtatis Epiſcopalis concedebantur & licebant.

116 868 866 69 Sed nec quenquam è plebe & grege Domini cę¬

116 916 870 69 dere poteſt, ſed ne Iudæos quidem ipſos aut ido¬

114 964 868 68 lolatras, qui ſunt ab Eccleſia alieni, vt à blaſphe¬

116 1017 866 62 miis in Deum eos cogat abſtinere. Toleta. con¬

116 1064 868 64 cilio 4. cap. 56.cano. Neminem quiſquam diſtin.

118 1113 864 66 35. Verborum enim correctione, non verberum

117 1164 866 62 metu timeri debet Epiſcopus, vt Grego. Magnus

117 1209 867 68 reſpõdit. Nec paſtores percuſſores excuſat quòd

117 1262 866 54 Dominus noſter ementes & vendentes de tem¬

117 1308 867 62 plo flagello eiecit. Nã illud iure ſupre mæ pote¬

116 1356 867 66 ſtatis, & magiſtratus vtraq; quę illi ſoli in Eccle¬

117 1404 872 64 ſiã cõpetit, fecit Chriſtus. Nam in Eccleſia ipſa

122 1450 866 68 ve rè eſt & fuit & Paſtor & Magiſtratus ſummus.

165 1502 820 64 Ius tamen patriæ poteſtatis in liberos ſuos nõ

117 1545 872 70 amittit Epiſcopus propter hoc dictum Paulimne¬

118 1598 874 64 que ius ſuum in ſeruos, quin eos moderatè cùm

122 1646 867 68 res poſtulat, caſtigare etiam verberibus poſſit.

118 1692 874 68 Pertinet enim hæc Pauli ſentẽtia ad eos, qui fero¬

114 1743 885 76 ci & militari animo & imperioſo pugnos & ver¬

716 1798 92 72 i.iij.
