1500 2172
366 141 294 27 enrela va.

898 104 70 69 706

116 159 861 72 gnat. Neque enim cœlum, aliud cœlum ſibi ſi¬

114 216 862 58 mile procreare aut producere poteſt, vel ex ſe¬

111 264 870 63 mine vt herba: vel ex ſuæ eſſentiæ profluxu, vt

111 310 868 64 homines & bruta creant. Varro in libris de lin¬

112 362 867 63 gua Latina ſentit & ſcribit, quædam viuere, quæ

111 411 866 63 tamen animam non habeant. Alijs viſum eſt &

112 462 866 62 cœlum & terram, ſuo modo &genere viuere.

114 507 866 66 Alijs contrà hæc rerum genera ſubſiſtere qui¬

116 555 864 63 dem, ſed ſine vita & anima, quæ in illis internè

114 602 864 68 inſit. Vnde ea vitam propriè non habere ſentiũt.

114 652 861 66 Reſpond. Locum hunc Pauli, in quo verſamur,

114 700 864 60 eſſe ita explicandum, vt vocem Omnia ad ea tan¬

112 747 868 66 tùm referamꝰ, quæ vitã habẽt, quia illa Dominus

117 800 864 57 viuificauit. Sic dicit Paulus, vult Deus omnes

112 846 862 64 homines ſaluos fieri, id eſt, (vt ait Auguſtinus)

116 894 864 62 vult Deus omnes homines, qui ſalui fiunt, ſaluos

114 944 867 62 fieri. Ergo nihil nobis neceſſe eſt in curioſam il¬

114 994 862 56 lam quęſtionẽ, Vtrũ omnes creaturæ, quæ à Deo

116 1041 866 57 ſunt cõditæ, viuant, ingredi, etſi eas omnes cuiuſ¬

116 1092 864 57 cunque ſint generis viuere, & vi quidẽ illis à Deo

116 1140 866 60 internè iniecta quidam putant, cùm & ſuſtenten¬

116 1188 868 63 tur vi formæ ſuæ, & motus actionéſque ſuas pul¬

116 1239 868 58 cherrimas habeãt, & quemadmodum terra facit

117 1287 864 63 multa ex ſe pariant. Nam volunt ſpiritum Dei,

117 1338 864 62 qui in prima rerum creatione terram, & cœlum,

117 1384 866 60 & aquas fouebat, & terræ, & aquæ, & cœlo eam

120 1431 868 66 vim internam infudiſſe, per quam hodie ſubſiſtãt

117 1485 874 57 & durent in ſua natura, vti herbæ vim internam

118 1530 868 62 habẽt, qua viuere dicuntur, & in genere ſuo per¬

122 1578 866 63 manent, etſi ſibi ſimile neque cœlum, neque

123 1630 867 60 elementa generent, vti neque homines, qui

122 1677 868 60 ſunt ſteriles ex ſe vllos procreant, nemo tamen

710 1722 117 72 G.iiij.
