1500 2172
556 172 60 30 B

717 117 561 76 AD I. PAVL. AD TIM.

549 180 866 69 breuiter tantum perſtringemus, & explicabimus

579 234 837 70 Ac primũ igitur quæritur, velutià Baſilio libro

549 284 867 68 de ſpiritu ſancto ca.13. vtrũ licuerit Paulo, Ange

549 333 868 62 los Chriſto & Deo adiungere. Num verò iſta ſit

549 382 867 60 blaſphemia parẽ facere creaturã creatori, eámq;

549 430 870 63 illi honore adæquare. Id quod planè idololatricũ

549 477 870 68 eſt. Chryſoſtomus reſponder per modeſtiam id

549 530 870 62 ſieri à Paulo, vt pote qui non ſolum Deum teſtẽ,

552 576 867 70 qui nobis eſt inacceſsibilis longéque digniſſimus

550 628 868 62 adhibere voluerit: ſed etiam creaturas ipſas, quæ

550 676 870 63 ſunt nobis notiores ac familiariores : imprimis igi

550 723 867 66 tur Angelos bonos commemoraſſe, qui ſunt no¬

552 772 872 62 bis conciues Epheſ.2.ver.19. Hæc Chryſoſtomus.

550 820 873 69 Reſpondeo verò diſtinguendum eſſe finem, pro¬

554 870 872 68 ter quem & Deus & Angeli in teſtimonium pro

550 916 876 64 ducũtur. Etſi enim vtrique appellãtur, vt ſit ma¬

550 968 874 62 ioris momenti hęc obteſtatio, & percellantur ve

552 1016 870 64 hementius lectorum, & eorum ad quos hæc ad¬

555 1064 873 62 monitio ſpectat, animi, tamẽ & Deus & Chriſtus

555 1113 876 62 non tantùm producuntur vt teſtes à Paulo, ſed

555 1162 876 64 etiam vt vindices futuri, & ludices paſtorũ cul¬

556 1210 873 69 pæ, & negligentiæ: Angeli verò proponuntur &

560 1258 872 69 appellantur tantùm, vt teſtes. Ex quo fit, vt non

555 1308 870 68 adæquentur Deo; Angeli: neque habeat hic

556 1356 874 69 locus quicquam, quòd idololatriam ſapiat, aut in

561 1412 393 57 Deum blaſphemiam.

622 1450 816 70 Teſtes verò harum rerum, quæ in eccleſia ge¬

561 1503 876 68 runtur, citari meritò poſſe Angelos certum eſt,

562 1548 876 70 & eos imprimis, quibus à Deo eccleſiæ cura de¬

564 1599 876 66 mandatur vt ex Daniele. 1o. verſ. 13. apparet. Et

567 1647 873 64 huic noſtræ ſententiæ cõſentit Bernar. ſer. 7. can¬

564 1696 878 62 tic.cantic. Doleo perinde aliquos veſtrum graui

567 1746 874 78 in facris vigiliis deprimi ſomno, nec cœli ciues

1332 1796 108 60 reue¬
