1500 2172
546 168 76 44 582

720 141 564 63 AD I. PAVL. AD TIM.

530 188 866 76 in cælis. Item & illud Bernardi, paſtorum eſt vi¬

534 244 862 74 gilare ſuper gregem propter tria neceſſaria, ni¬

532 296 862 66 mirum ad diſciplinam, ad cuſtodiam, ad preces.

534 338 862 78 In diſciplina rigor iuſtitiæ: in cuſtodia ſpiritus

532 388 861 69 conſilij: in precibus affectus compaſſionis requi¬

534 438 862 68 ritur. Cenſura verò hæc eſt multiplex, vti ſupra

536 486 860 63 eſt demonſtratum. Reſtat autem vt de excom¬

537 536 858 68 municatione dicamus, quia de reliquis generibus

536 584 860 66 cenſuræ Eccleſiaſticæ quid ſtatuendum ſit, ex ijs,

537 633 855 69 quæ hoc ipſo capite dicta ſunt à nobis, facile po¬

537 681 858 69 teſt intelligi. Ergo de excommunicatione dica¬

536 735 796 63 mus, de qua ſeptem hæc fære quæri ſolent.

574 783 820 62 1 Vtrum excommunicatio habere locum in

537 848 378 46 mer neciena debeat.

576 880 412 63 2 A quofieri debeat.

574 928 632 64 3 Propter quas cauſas fieri debeat.

574 976 492 64 4 Quomodo fieri debeat.

626 1029 405 60 Quando fieri debeat.

573 1065 824 72 6 Quis eius finis eſſe debeat, id eſt, ad quem

543 1122 202 57 finem fiat.

588 1166 552 68 7 Quis illius factæ ſit effectus.

538 1218 579 64 Hæc ſingula ordine explicemus.

586 1260 813 66 Ac quidem, vtrum excommunicatio locum in

540 1311 858 63 Eccleſia habere debeat, dubitari non poteſt. Pri¬

538 1360 862 68 mùm, propter Dei ipſius præceptum ita fieri iu¬

542 1408 860 66 centis: deinde propter perpetuum ipſius Eccle¬

538 1461 862 56 ſiæ vſum. Ac præceptum Dei tum in veteri, tum

540 1504 861 60 nouo teſtimonio extat varijs in locis. Iam inde

537 1552 862 68 ab orbe condito, & ab ipſis mundi initijs excõ¬

537 1600 862 62 municationem fuiſſe ex Dei præcepto conſtitu¬

536 1648 864 68 tam apparet ex Geneſ.4.v.14. & 16.17.item Ioſue

534 1696 867 62 6.verſ.18. Exod.1o. verſ.8. & alijs locis veteris Te¬

528 1746 872 80 ſtamenti. In nouo etiam extat præceptum Chri¬

1347 1786 54 69 ſti
