1500 2172
336 141 290 26 CAEVTVI.

854 94 70 78 658

69 164 858 66 miſeram ſuperſtitionem incidamus. Nam nõ ad,

69 219 856 58 metitur parcè nobis ſua dona Dominus, etiam

68 279 858 51 tetrend, ieunuerame protign aeque profun¬

69 318 776 58 dit, quibuscum gratiarum actione vti licet.

117 363 810 63 Ex hoc etiam loco duo colliguntur. Primùm

69 411 858 63 cùm nos victu & veſtitu contentos eſſe iubeat

69 459 860 64 Paulus, eóque & tenui & mediocri, non exquiſi¬

68 512 861 58 to, non diti, verum eſſe quod dicitur paucis cõ¬

68 556 862 63 tentam eſſe naturam. Id quod etiam Ethnici ipſi

68 604 862 60 ſenſerunt, & Aulus Gellius ex Euripide docet.

68 666 862 46 Præclare quoq, Horatius. Pracc. Ild.I. cpiſtol.

111 700 818 68 Pauper enim non eſt, cui rerum ſuppetit vſus:

110 752 820 66 Si ventri bene, ſi lateri eſt, pedibúſque tuis, nil

111 801 735 60 Diuitiæ poterunt regales addere maius.

66 844 864 70 Ex quo falſa apparet eiuſdem Horatij ſententia

63 900 434 56 illo eodem lib.1.epiſtol.

111 944 814 64 Exilis domus eſt, vbi non & multa ſuperſunt.

68 992 354 66 Euripid in Medea.

111 1438 814 60 Secundum autem eſt. Non impediri tamen

62 1480 867 64 nos, quo minus de bonis & facultatibus noſtris

58 1530 867 64 teſtemur, eáſque alijs relinquamus, etſi huius

60 1580 866 63 mundi & earum rerum, quæ ſunt in eo, propriè

60 1629 867 62 domini proprietariíque non ſumus: ſed tantùm

60 1676 866 57 vſufructuarij. Nam etſi hæc, quæ habemus, non

58 1726 867 74 aſportamus nobiſcum, relinquimus tamen, quia

234 1041 388 64 Τὸ γύθί&ς ζην ἐπ ἰσοῖσι

152 1092 538 64 Κρείατον ἔμοιγ ἐν, ἐἰ μὴ μεγάλως.

62 1152 858 51 Eadem enim præſtant tenues mediocréſque o¬

62 1192 861 64 pes, atque magnæ. Et quæ nos ſalubriter ſatíſq;

60 1245 866 60 alunt atque tegunt omnino vſum eundem præ¬

58 1290 777 63 ſtant, quem immenſæ regum ipſorum opes

111 1338 676 62 Magna fuge, licet ſub paupere tecto.

104 1388 752 62 Reges, & regum vita præcurrere amicos.
