1500 2172
580 152 98 40 480

712 122 592 64 AD I. PAVL. AD TIM.

568 168 862 87 quoque Iacobus cap.5.verſ.16.quæ ſæpe à Paſto¬

567 225 866 78 re fieri præſcribitur ad mutuam reconciliationẽ:

567 273 864 80 & non præcepta, tamen ex officio à quoque no¬

567 322 864 75 ſtrum fieri debet, vt bonum conſcientiæ teſti¬

568 381 372 64 monium habeamus.

616 417 816 76 Publicũ cenſuræ genus eſt, cùm agnitio offen¬

568 462 862 80 ſionis non fit fratri ſoli offenſo: ſed adhibitis aliis

578 518 855 70 velut illius confeſſionis teſtibus. Hæc etiam

570 562 861 72 à Chriſto commemorata eſt Matth.18.verſ.16.

572 614 861 76 Hîe autem Bernard. ſermo.44. conſilium locum

567 662 864 72 habet, qui oleo ſuauium admonitionum morda¬

567 710 867 78 cia medicamenta, & vinum compunctionis ſæpe

568 762 866 69 docet eſſe adhibendum, duris videlicet & præ¬

567 804 866 76 fractis. Denique ſi duritia tanta eſt, etiam cenſu¬

566 858 867 72 ræ Eccleſiaſticæ baculo percellendum contem¬

567 902 868 81 ptorem docet, qui priuatim reconciliari cum fra¬

567 951 868 75 tre nolit. Huius autem poſtremæ cenſuræ multæ

567 996 870 82 ſunt ſpecies & differentiæ, quæ ex loci & multi¬

567 1047 868 76 tudinis, in qua fit, ratione ſumuntur. Eò enim ma¬

567 1098 868 80 gis publica eſt hæc confeſſio & cenſura, quò ma¬

567 1144 868 81 ior eſt cœtus, & frequentior celebriórque locus,

567 1196 867 74 in quo fit, atque quò plures illius teſtes adhiben¬

566 1244 872 80 tur. Ergo ſic à nobis videtur diuidi poſſe vt Alia

566 1288 864 80 dicatur Conſiſtorialis: alia Eccleſſaſtica cenſura.

568 1340 867 78 Conſiſtorialis eſt, quæ coram ſolo ſenatu Eccle¬

567 1389 867 76 haſtico fit ab eo, qui peccauit. Cœtum enim Pre¬

568 1438 866 75 sbyterorum ſenatum Eccleſiæ vocat Hieronym.

614 1486 822 75 Eccleſiaſtica, quæ fit præſente & aduocata v¬

567 1534 870 76 niuerſa illius loci & vrbis Eccleſia, & non tan¬

567 1581 870 78 tùm ſenatu Eccleſiaſtico præſente, id eſt, eo tem¬

567 1629 868 82 pore & loco, quo cœtus Eccleſiæ conuenit, & fre¬

573 1700 190 63 quens eſt.

616 1726 814 92 Publica verò nunquam, niſi pro publico deli¬

1352 1778 84 72 cto,
