1500 2172
352 147 314 32 CAFVT III.

880 111 62 68 262

74 168 870 64 etiam eſt admonitio Pauli Actor.20. verſ.28. Er

80 228 866 60 go falſa eſt eorum ſententia, qui putant hîc à

74 278 870 56 Paulo tantùm conferri legis cæremonias cum

74 322 864 60 doctrinà Euangelij, tum quòd maior ſit huius,

74 370 864 54 quàm illarum vis: tum quòd non eãdem iam re¬

75 420 862 66 quirat in futuro paſtore Eccleſiæ Euangelicæ, quę

74 468 867 64 in lege ſua Dominus ſtatuit, & præcepit obſerua¬

70 514 870 62 ri à ſummo Sacerdote: Quæ ſententià eſt Chry¬

72 564 866 64 ſoſtom. & Eraſmi. Locus hic eſt ſanè ſingularis,

74 614 864 63 vbi auguſtè, & breuiter tamen præcipuà doctrinę

72 663 868 64 Chriſtianæ capita, & ſumma Dei in nos beneficia

70 711 870 64 complexus eſt Paulus. Atque huiuſmodi locos

68 764 872 60 annotare operæpretium eſt, vt ſummam quãdam

68 807 872 60 fidei noſtræ memoria conſeruemus. Similis etiã

68 856 868 62 eſt locus alius apud eundem Paul.1. Corint.2.v.2.

68 904 870 66 apud Lucam Luc.24.v.47, & Hebr.13.v.8. & ſeq.

123 956 813 60 Vt autém ordine & methodo quadam hîc lo¬

68 1002 867 64 cus explicetur, eſt in ſuas partes diſtribuendus.

68 1050 864 58 Sunt autem duæ. Primum enim hanc Dei verita¬

66 1098 866 64 tem explicat in generé ipſo, cuius conſeruandæ

68 1148 862 60 & retinendæ inter homines gratia miniſterium

66 1197 860 62 Euangelicum conſtitutum eſt. Vocat igitur eam

64 1245 861 66 1 Myſterium, id eſt, arcanum. 2 Magnum, idqi

74 1294 854 62 3 Siue controuerſia tale eſſe affirmat. Myſterij

68 1344 861 62 vox hîc non ſignificat Sacramentum, quo ſenſu

68 1392 862 60 Cœnã Domini, & Baptiſmus Sacramenta dicun¬

63 1440 866 62 tur: ſed doctrinam arcanam, auguſtam, humani

63 1491 867 58 ingenij viribus & induſtria incomprehenſibilem

62 1536 864 62 & ex ſola Dei gratia, & reuelatione notam, qua¬

62 1582 862 62 lis profectò eſt doctrina fidei, & ſalutis noſtræ,

63 1634 866 64 vti docet Paulus Epheſ.3. verſ.4,5. Quanquam

58 1682 867 68 hoc ipſo ſenſu, quo vſurpat Paulus myſterium

60 1732 860 75 hoc loco, veteres Patres vocarunt doctrinam E¬
