1500 2172
320 142 292 27 CAnv vis

938 92 22 82 3

104 159 864 74 bet, vim & naturam, quæ in eo eſt, vt non tantùm

105 218 862 66 velint benefacere: ſed reipſa benefaciant, quia

105 266 864 68 dare poſſunt. Nam in ijs, qui poſſunt præſtare a¬

105 314 866 68 liquid, vera charitas non eſt in lingua, neq; tãtùm

106 363 858 64 in affectu ipſo largiendi:ſed in ipſo opere & prę¬

105 411 860 63 ſtatione, quemadmodum Ioannes & Iacobus

108 456 862 69 docent I. Ioan.3.verſ.18. Iac.2.verſ.15.16. Qui ni¬

108 508 862 66 hil habent, quod donent, propter rerum omniũ

110 556 861 66 inopiam, qua premuntur, in ijs ſyncerus benè fa¬

111 604 858 64 ciendi & largiendi affectus & commiſerationis

112 652 862 69 plenus, eſt ſanè laudabilis, vti in Petro & Ioanne

111 705 358 63 fuit Actor.3.verſ.6.

158 742 814 69 Denique ſequitur tertia virtus, cùm Chriſtia¬

116 800 860 63 nis omnibus, tum verò diuitibus imprimis con¬

114 844 866 63 ſectanda & digna, Nempe comitas, communica¬

118 892 862 63 bilitáſque ſiue affabilitas. Hanc enim deſcripſit

118 940 860 64 Paulus voce κοιρωνικές. Hæc benignitas noſtra eſt

120 998 858 58 velut condimentum & lepos quidam: & omnis

118 1041 856 64 vitæ noſtræ commendatio, atque conuerſationis

117 1090 861 64 iucunditas, quæ álios homines ad nos allicit, fa¬

117 1143 862 60 ſtúmque omnem animi & ſuperbiam deiicit,

123 1190 580 69 qua plurimum diuites laborant.

178 1239 806 87 19 Recondentes ſibijpſis fundamentum

123 1308 862 78 bonum in poſterum, vt apprehendant æter¬

123 1380 238 57 nam vitam.

177 1422 813 70 Α'ιτιολογίά eſt & commendatio vſus dluitiarũ

126 1474 866 70 imprimis autem Beneficentiæ, quæ maximè, vti

130 1524 861 69 ſuprà docuit, diuites decet. Eſt autem ducta

130 1572 861 68 hæc ſiue ratio, ſiue commendatio à fructu ſiue

130 1622 862 66 effecto. Nimirum, quod illa ſit vitæ̃ æternæ con¬

132 1671 861 69 ſequendæ certiſſimum teſtimonium, & tanquam

130 1722 861 78 arrhabo, & pignus quoddam à Dei ſpiritu im¬

738 1764 100 76 Iaiij.
