1500 2172
891 111 78 98 674

392 147 278 38 CAPVT VI.

104 170 867 81 priè noſtrum futurum. Sin autem aliquid pro¬

104 226 866 72 prium retinemus, iam hoc damnabile ſtudiũ in

102 272 867 78 nobis accendi. Sed exemplo Monachorum, qui

104 321 864 76 omnia in communi habent, docemur, ne hanc

104 372 864 72 quidem communionem bonorum extinguere oi¬

102 418 866 75 λοπλουσίαν, cùm nihil ſit Monachis auarius, & ad o¬

104 470 866 74 pes illas communes congerendas ardentius. Nã

104 518 866 74 etiam quod commune eſt, quodammodo noſtrũ

100 567 868 72 eſſe arbitramur, & quantò communitas ipſa erit

102 614 860 76 ditior, nos quoq; ipſos opulentiores, beatiores,

100 663 868 74 ditioréſque eſſe exiſtimamus. Itaque Ieſuitarum

98 714 870 75 exemplum & vita ſiue regula, qui Anabaptiſticã

98 762 868 70 illam bonorum communionem admiſerunt, ſe¬

100 810 866 72 quuntúrque hodie in ſuis monaſteriis, oſtendit

98 861 867 66 euidentiſſimè φιλσπλνσίαν propterea minimè ex¬

98 908 867 70 tingui. Neque etiam vt nos ab iſta habendi cu¬

98 954 864 75 piditate retrahat Dei ſpiritus hoc loco, reuocat

98 1005 864 72 ad κοπωνίαν bonorum, ſed proponit pericula, in

99 1053 864 75 quæ ſeſe coniiciunt, qui opes ſic appetunt, ſiue

96 1104 866 72 priuatas, ſiue communes. Quæ enim mala hîc e¬

94 1154 864 70 numerat Paulus tam in communione bonorum,

96 1210 861 66 quàm in priuata eorum poſſeſſione emergunt,

99 1274 864 45 ceoriuneuti De qua Irnlavapthtarum ſententia

93 1302 868 68 plura ſcriberemus, niſi eam opere elegantiſſimo

93 1353 868 62 vir piæ memoriæ D. Bullingerus abundè refutaſ¬

92 1398 868 70 ſet ſex libris contra Catabaptiſtas editis, in quo¬

92 1449 756 58 rum lib.2. Tract.6.hoc delirium reiicitur.

142 1497 816 69 Gignit igitur & parit hoc ſtudium & affectus

98 1545 278 57 varia pericula.

129 1593 830 64 I Incidunt, qui tales ſunt, in laqueos & tenta¬

96 1641 864 68 tionem, Diaboli nimirum. A quo periculo no¬

98 1690 864 68 bis toto conatu, & velis remiſque fugiendum

94 1740 867 78 eſſe docemur quotidie in oratione Dominica his

734 1790 58 80 F.j
