1500 2172
332 160 316 39 CAPVT IIII.

892 135 51 74 350

70 192 873 66 membranas, in quibus aliquid deſcripſerat priua¬

76 246 870 62 tæ memorię cauſa, ſibi Troade afferri vult Similis

75 291 868 60 locus 2. Pet.1.V.19. Diſſimilis Mat. 10.v19. Reſpo.

76 340 868 64 Chriſtũ quidẽ nolle paſtores eſſe in legendo Dei

78 394 867 57 verbo negligentes: terreri tamen nos non vult

78 440 866 54 vel conſpectu vel doctrina vel fama noſtrorum

74 500 872 50 aduerfariorum, cum ipſe nobis ſit ſuo ſpiritu po¬

74 536 870 58 tentiſſimè affuturus, & quæ ad conuincendos ve¬

74 585 804 60 ritatis Dei hoſtes neceſſaria ſunt ſuggeſturus.

122 634 822 60 Addit Paulus, donec venio. Quæ limitatio non

70 681 872 62 excludit tamen reliquum tempus, quaſi præſen¬

70 729 873 54 te Paulo Dei verbum contemnere Timotheus

69 777 874 62 debuerit. Nec facit paſtorum, & præceptorum

68 826 876 56 noſtrorum magna & excellens doctrina, vt in

66 872 878 60 Dei ſcriptura euoluẽda fiamus deſidioſiores: ſed

68 933 872 52 contra nos magis illorum egregiæ dotes debent

66 969 872 63 excitare, vt quæ illi proponũt doctiſſimè, ad ex¬

68 1018 872 60 emplum Theſſalonicenſium, cum ſcripto Dei

69 1064 868 70 verbo conferamus, diligentiúſque & lubentius

68 1114 459 57 à tantis viris ediſcamus.

112 1166 825 63 Denique quod nullũ tempus præſcribit Pau¬

64 1214 870 63 lus, ac ne longiſsimum quidem, poſt quod ceſſa¬

60 1263 872 63 re debeat à ſtudiis Timotheus, oſtendit nos per

62 1314 873 62 totum vitæ tempus proficere poſſe: tamen non

63 1360 868 62 facit, vt videatur inepta çertorum annorum cer¬

62 1406 870 66 tíque ſpatij definitio, intra quod tum Theologię:

62 1456 873 62 tum alijs artibus & facultatibus ſit ſtudendum, o¬

63 1508 868 58 peráque ponenda, quanquam potius ex ipſo cu¬

58 1552 874 63 iúſque profectu id diiudicandum eſt, qui apti ſint

60 1602 872 63 ad miniſterium vel gradum adipiſcendum, quiq;

58 1653 872 60 plurimùm profecerint, quàm ex ipſo temporis

56 1700 866 60 curriculo & ſpatio, quo verſantur in Academijs.

60 1748 862 78 Quod autem quidam putant, & ex hoc loco col¬

801 1802 129 70 ligunt
