1500 2172
692 129 586 56 AD I. PAVL. AD TIM.

543 148 108 42 159

538 172 870 74 dis Salomonis & aliorũ Patriarcharũ abuſi duas

538 230 873 72 pluréſque ſimul coniuges ducebant. Nunquam

537 284 872 60 autem illi acceperunt ita hunc locum, quaſi qui

537 327 873 68 coniux ſit, Epiſcopus fieri non poſſet, aut quaſi

538 376 868 68 qui iam factus eſſet Epiſcopus, vxorem ducere,

537 426 870 60 ſi velit, non deberet aut auderet. Nondum enim

538 470 868 70 impia Cyricij Rom. Epiſcopi ſententia edita fue¬

537 522 870 63 rat, quæ Epiſcopos celibes effecit. Ergo apparet

537 573 873 62 eſſe poſſe Epiſcopos coniuges, ſed tamen non

537 618 870 72 poſſe eſſe digamos. Digamum enim & quidem

542 668 867 68 verè interpretabantur, qui duas ſimul vxores ha¬

537 718 872 64 beret, & eodem tempore. Sed & duas quoque v¬

537 765 876 68 xores habere cenſendi ſunt, qui primam quidem

540 814 867 66 vxorem repudiarunt: ſed extra cauſas verbo Dei

537 861 872 70 comprehenſas, & aliam illi repudiatæ ſuperindu¬

536 914 878 66 xerunt, qualia multa ex non iuſtis cauſis fiebant

537 958 878 66 olim diuortia tum inter Iudæos ipſos, tum etiam

540 1014 873 58 iter Gentesirvee enn duiuſmodi coniugia ab¬

537 1054 879 68 funt ab impuris adulterijs, vt docet Chriſtus Matt

538 1104 873 66 19. verſ.9. quia extra cauſas à Deo explicatas fiũt.

538 1154 872 69 Ergo & hi quoque ſunt digami, vti & priores illi,

543 1203 870 72 qui duas vxores habent, quos Epiſcopos eſſe non

549 1260 218 54 vult Paulus.

592 1293 820 70 Ratio verò huius præcepti eſt multiplex. Pri¬

544 1346 868 69 mùm ædificatio Eccleſiæ. Cùm enim multæ cõ¬

543 1395 870 72 iuges eiuſdem viri, ſint profanatio matrimonij à

543 1448 872 63 Deo inſtituti: & magnæ libidinis & incontinentię

542 1492 872 69 ſignum, réſque ea ſit ómnino per ſe fœda, & tur¬

543 1542 870 69 pis, perinde atque ſi plura corpora vnum tantùm

543 1588 870 70 caput haberent, ab ea fœditate maximè paſtori

543 1636 870 72 Eccleſiæ eſt fugiendum & abſtinendum. Deniq;

543 1689 867 68 cùm Deus ipſe grauiſſimè huiuſmodi coniugijs,

546 1732 867 86 quæ ſunt adulterio paria, offendatur, illa prohi¬

1328 1779 90 76 beri
