1500 2172
338 153 264 38 CAPVT V.

850 118 76 80 428

102 180 825 76 Altera ſuperioris amplificationis pars, in qua

50 236 876 60 iuniorum viduarum in munere Diaconatus per¬

50 280 876 69 manẽtium offendicula & mala deſcribũtur. Tria

51 332 874 63 verò enumerat Paulus, non quòd ſola hæc obſer¬

50 381 874 58 uari poſsint: ſed quòd maximè ſoleant. Deinde

54 430 872 64 quòd ex his paucis, quæ ſint reliqua incommoda,

54 480 867 58 quæ ex eodem fonte naſcuntur, id eſt, ex huiuſ¬

48 524 874 66 modi iuniorum mulierum electione, facilè iam

50 573 873 66 per ſe poteſt quilibet intelligere. Ergo eas, etiam

48 622 876 63 dum hoc munus adminiſtrant, docet eſſe, Otio¬

46 672 879 66 ſas (cui vitio diſcurſationem adiungit) & Nuga¬

46 722 878 62 ces, & Garrulas. Garrulitatis autem vitium bre¬

44 771 879 63 uiter definit Paulus dum ait, çaſdem loqui quæ non

42 840 879 39 ubuon: porto nœd viela luuo parſunt magna inter

46 864 873 66 Chriſtianos offendicula, quòd ſint contra diuinæ

42 915 879 66 legis præceptum 9. quod eſt, Non falſum teſtimo¬

42 966 879 70 nium aduerſus proximum tuum dices, quódque

42 1012 556 60 ex his infinita mala naſcuntur.

87 1058 832 66 Sunt otioſæ) At obſtat, quòd eas ipſas poſtea

42 1112 874 64 vocat σεμ́ργύς, id eſt, pluſquam oportet, occupatas

42 1160 878 64 & curioſas. Reſpond. Hæc duo vitia inter ſe re¬

42 1206 872 70 ctè conuenire. Nam nihil agentes illæ rerum, quę

42 1256 873 68 ad ſe pertinent, ſunt in alienis perſcrutandis cu¬

42 1305 872 66 rioſæ. Itaque ἀργαι appellantur, quòd nihil ſuum

39 1371 870 50 agunt. Iεριίρyοι verò quòd aliena negotia plus

40 1406 872 66 quàm ſua curant, atque etiam plus quàm opor¬

40 1452 872 64 tet, quemadmodum ait ille. Excuſſis proprijs a¬

38 1498 878 66 liena negotia curo. Imò verò etſi ſæpe habent

36 1554 878 62 domi, quæ agant: magno & turpi animi veterno

36 1599 876 72 illa negligunt, vt nimirum de rebus alienis co

39 1650 364 60 gitent, & diſputent.

84 1696 825 62 Circumeunt domos) Annexum penè ſemper o¬

34 1746 872 81 tio & ſegnitiæ vitium, nimirum diſcurſatio. Hoc
