1500 2172
356 147 288 30 CARTI VI

888 111 12 69 8

910 110 22 63 14

88 165 861 70 volo, non nudare illos volo, non inanes relin¬

90 219 860 64 quere. Doceo lucrum, cùm oſtendo, vt theſauri¬

88 266 860 68 zent ſibi. Non dico, vt perdant, ſed quò migrent

92 315 858 68 oſtendo. Hæc Auguſtinus. Ergo qui benefacit

88 363 861 63 & largitur proximo, ille theſaurum cœleſtem ſi¬

90 414 860 58 bi congerit, condit, & coaceruat, omni terreno

90 472 860 54 & numanothelauro ionge præicantiorem. Simi¬

90 510 861 69 lis locus Luc 12.verſ.33. Nam qui dat pauperi fœ¬

92 562 528 57 neratur Deo, vt ait Solomon.

136 604 818 68 Appellat autem has ex benignitate noſtra er¬

92 658 861 63 ga alios comparatas opes theſaurum cœleſtem,

90 705 862 66 itémque Fundamentum, & Bonum quidem. Fũ¬

90 756 866 58 damenti vox opponitur tum incertitudini, tum

90 802 864 66 crialiritugnituil terrenarum opum. Sunt enim

87 849 867 66 non tantùm incertæ: ſed, etiamſi teneantur cadu¬

90 900 866 63 cæ, quia conſumuntur, & ipſo vſu pereunt. At

90 950 862 66 cœleſtes opes neque auferri poſſunt, neque con¬

93 1008 354 52 ſumuntur vnquam.

138 1044 816 63 Bonum autem appellat. Quæ vox oponitur &

90 1095 864 66 terrenarum opũ fallaciæ, & miſerijs, quas eædẽ

92 1155 862 54 opes pariunt in animis diuitum, tum vt quæran¬

92 1196 862 62 tur, tum vt conſeruentur. Itaque non tam com¬

92 1240 861 66 moditas quædam, quàm incommoditas magna,

92 1287 861 68 niſi benè ijs vtamur, in ijs opibus ineſſe videtur.

98 1336 856 63 Vnde propriè non videntur appellendæ Bona

94 1389 698 62 quædam, ſed impedimenta, & laqueus.

140 1431 813 69 Quod addit ſeipſis & in poſterum ſuaiμρά Cαιnο̃

92 1482 862 62 caret. Nam ſua quærunt diuites. Sibi autem, vt

92 1530 860 64 ait Paulus, has cœleſtes opes congerant. Itaq;

96 1578 856 63 eò in benefaciendo largiendóque alacriores &

96 1626 860 68 promptiores eſſe debent. Cùm autem ait, id in

93 1682 860 58 posterum, appariturum, omnem eorum cogita¬

94 1726 860 66 tonem ab huius vitæ, & ſtatus intuitu auertit, &
