1500 2172
722 128 579 60 AD I. PAVL. AD TIM.

567 153 74 42 228

560 178 872 69 Epiſcopos, adeò vt qui eorum negotiorum ru¬

560 232 872 63 des ſunt & imperiti, deponendi dicantur. At di¬

558 279 874 66 ſtinct. 88. & 21. quæſt3 aliud omnino reſponſum

560 327 872 64 eſt & variis patrum dictis confirmatum. Sed v¬

558 375 870 69 triuſque reſponſionis tam diuerſę conciliatio hęc

558 426 873 63 affertur à Papiſticis. Nempe requiri quidem, vt

560 474 868 63 Epiſcopi futuri eorum negotiorũ rudes omnino

556 520 872 68 & imperiti non ſint, quoad ſcientiam: adminiſtra¬

558 573 872 63 tores tamẽ & geſtores nõ ſint, quo ad ipſam curã

556 621 873 60 & ſolicitudinem, ne à munere ſuo auocentur &

560 666 870 58 diſtrahantur. Sed quorſum in illis ſcientia huiuſ¬

561 716 867 62 modi rerum requiritur, ſi earum cura, & admini¬

558 762 872 69 ſtratio ijſdem denegatur? Et quod eſt in illa di¬

560 812 870 64 ſtinct. 39. ſecularium negotiorum peritiam futu¬

555 858 876 70 ris Epiſcopis, & ijs qui iam ſunt Epiſcopatũ ade¬

558 908 870 69 pti, eſſe neceſſariam planè ex abuſu miniſterij E¬

561 957 873 68 piſcopalis profectum eſſe nemo non perſpicuè

561 1006 870 64 videt. Exempla enim eorum temporum afferun¬

556 1054 879 63 tur, in quibus Epiſcopi iam non tam legendo Dei

556 1106 876 57 verbo, & explicando vacabant, quàm opibus &

556 1155 874 57 diuitijs nomine Eccleſiæ congerendis & cumu¬

558 1203 873 64 landis, ad quas certè ſecularium commerciorum

558 1251 868 63 & negotiorum cognitio, & ſcientia omnino ne¬

561 1298 867 64 ceſſaria fuit. Deſierant igitur iam Epiſcopi eſſe

560 1347 867 64 veri paſtores & aurei Epiſcopi, & quales hîc de¬

555 1394 874 62 ſcribit Paulus: ſed erant iam aſtuti homines, auari

558 1443 868 63 mercatores, & ambitioſi, qui pietatis, & religio¬

555 1496 873 62 nis prætextu, ampla latifundia, dignitates, am¬

555 1540 872 64 pláſq; ſibi poſſeſsiones cõparabant, in iiſque tuẽ¬

555 1588 870 66 dis & augẽdis poſitũ eſſe Epiſcopi munus cenſe¬

554 1635 872 62 bant, quò diteſceret his mundanis opibus Eccle¬

549 1684 879 62 ſia, & veras ſperneret cæleſléſq; diuitias. Id quod

546 1734 874 86 tãdem euenit. Itaque bona eorum cœperunt eſſe

1294 1788 118 74 aurea
