1500 2172
900 148 56 60 440

358 159 274 39 CAPVT. V.

98 186 867 70 ximè poſt annum Domini 700. Antea enim etſi

99 240 867 69 fuerant quædam, omnino tamen pauca & rara

102 290 861 68 erãt fœminarum & virginum Monaſteria extru¬

100 339 864 68 cta. Atque tres tantùm earum ordines conceſſi

98 384 864 70 ſunt primùm, & probati eodem illo ſeculo, nem¬

102 435 860 64 pe poſt annum Domini 700. quòd tunc demum

96 482 866 68 ex Synodo Hiſpalenſi cap.11. ad inſtituta Mona¬

96 532 866 69 chorum cœperunt reuocari.i. ex magna ſuper¬

92 579 872 63 ſtitione regi & inſtitui Moniales: id quod antea

92 627 870 64 non fiebat. Tres autem illi Monacharum ordi¬

92 678 870 63 nes primùm hi fuerunt, ordo Baſilij, Benedicti,

92 726 870 63 Auguſtini, extra quos nulli fœminæ eſſe licuit

93 772 868 70 Moniali, quodcunq; votũ vouiſſet & ſuſcepiſſet

87 822 868 69 can. Pernicioſam 18. quæſt.2. Hodie verò infinita

92 891 867 50 prorlus lune carui genera, & adeo diuerſa, vt

86 918 872 69 nihil inter ſe ſimile penè habeant. Sunt enim hoc

87 968 868 68 noſtro ſeculo Monachæ, Benedictinæ, Bernardi¬

88 1014 867 70 næ, Franciſcanæ, Dominicanę, Carmelitanæ, Cle¬

87 1066 742 66 ranæ, Auguſtinianę, & aliæ plures ſpecies.

134 1113 822 70 Ita verò primùm fuerat in ſuſcipienda profeſ¬

86 1161 866 69 ſione cõſtitutũ, vt nulla ante 4o. ætatis annũ votũ

86 1206 867 76 vlliꝰ ordinis ſuſciperet, aut ſi ſuſcepiſſet ne obliga

84 1260 868 64 retur, can. Diaconiſſam 27.q. 1.can. Sanctimonia¬

82 1308 867 70 les 20.q.1. Deinde hoc tempus, tanquam longius

86 1354 866 66 eſſet, reſtrictum eſt, atque conſtitutum vt ſtatim

86 1406 866 64 poſt viceſimum quintum ætatis annum poſſet

84 1452 866 64 virgo quælibet votum Monaſticum ſuſcipere, &

82 1548 867 70 20.quæſt. 1. Sed & hoc ipſum quoque annorum

82 1599 862 64 ſpatium poſtea eſt imminutum, atque ſancitum,

82 1647 861 69 vt ſtatim poſt pubertatis annos poſſent mulieres

84 1695 862 74 virginitatem perpetuam vouere: quanquam con¬

78 1744 870 76 ſecratio earum differebatur vſq; ad annum æta¬

698 1802 87 64 t.iij.
