1500 2172
758 135 556 54 AD I. PAVL.-AD TIM.

588 153 88 39 186

584 176 872 75 morbo, vti ſæpe integra membra ſint reſcinden¬

585 234 872 60 da, ne totum corpus putreſcat.item propter no¬

580 278 873 68 men Chriſti, vt in perfecutionibus eruti ſunt

582 327 872 63 multis oculi, præciſæ aures, præciſa mẽbra, ij ne¬

582 376 874 62 que dignitatem Eccleſiaſticam nanciſci prohi¬

585 424 870 68 beantur, neque adepti deponantur. Sic Paphnu¬

582 480 873 56 tius altero oculo vi afflictionum amiſſo manſit

584 522 870 68 Epiſcopus, eóque laudabilior. Sic cano.21. Apo¬

579 574 874 63 ſtolo. & in concilio Martini ſiue Braccarenſi cap

578 624 874 60 21.quo d refertur cano. Eunuchus & cap.ſeq. &

579 674 717 58 cano. Lator diſtinct. 55. conſtitutum fuit.

624 716 828 64 Aliâs, & his caſibus & cauſis exceptis, ſancitũ

579 765 872 64 eſt, ne mutilati vitiatíque corpore in Epiſcopos

579 818 873 60 vel clericos ordinentur, quales cæci, ſurdi, clau¬

576 862 873 66 di, Eunuchi, exſecti, lippi etiam, & gibboſi cano.

579 912 872 63 Hinc etenim diſtinct. 49. quia ſummus noſter Sa¬

579 960 872 57 cerdos Dominus noſter Ieſus Chriſtus, cuius, vt

574 1008 878 64 iſti aiunt, imaginem Epiſcopi gerunt, fuit inte¬

576 1059 878 64 ger: & ſummus olim Sacerdos lege Dei vetaba¬

574 1107 876 66 tur eſſe vel vitiatus corpore vel mutilatus Leuit.

576 1156 874 66 21.Heb.7.v 26. Reſpondeo verò iam totum hoc

574 1204 876 66 planè eſſe ſuperſtitiofum, nos ad illas veteres cæ¬

574 1254 879 62 remonias reuocare: & dignitatem miniſterii ex

574 1304 876 58 iſtis rebus metiri, non ex doctrina potius & mo¬

574 1352 876 57 rum ſanctitate. Itaque vetus Eccleſia aliud ob¬

574 1400 876 62 feruauit & probauit, & Eunuchos paſtores ha¬

574 1448 876 66 buit, vt & de Origene ſcriptum eſt & de Doro¬

573 1494 878 64 theo Euſeb.lib. 7. Hiſt. cap.32. Ergo modo ne ſit

573 1545 892 60 in eligendo vel electo ea infirmitas, quæ muneri

576 1593 874 60 ipſius obeundo & præſtando obſtet, veluti cæci¬

576 1641 876 62 tas & ἀλαλία, poteſt quis, & eligi & ordinari:

574 1690 876 64 nec electus deponendus eſt propter corporis

576 1743 680 76 mutilationem aut vitia membrorum.

1214 1782 232 80 De nobilita¬
