1500 2172
561 156 84 40 288

736 124 584 66 AD I. PAVL. AD TIM.

554 176 866 74 nobis cibos aſſumi poſſe vult, & concedit Deus,

554 230 870 75 vt tractentur, ſpectentur, conſeruentur: ſed vt e¬

552 279 868 70 dantur, conſumantur, & iis famẽ noſtram ſuble¬

550 327 870 74 uemus. Sunt enim cibi ex iſtarum rerum genere)

555 375 866 74 quæ vſu ipſo conſumuntur. Itaque in genere ſuo

554 424 868 66 functionem, vt aiunt Iuriſconſulti, recipiunt. Eſt

555 474 867 69 autẽ hic locus ex præcipuis refutationis ſuperio¬

554 524 868 66 ris erroris argumentis. Ducitur à fine, propter

556 573 867 64 quem à Deo ipſo illæ res ſunt conditæ & creatæs

555 622 870 69 Ad eum enim ſunt omnia referenda, niſi & Dei

555 669 870 70 ordinationi reſiſtere, & eius placitum euertere

555 716 870 74 impiè, at que impudenter velimus. Ergo cùm Do¬

555 766 870 70 minus hominem creaſſet, tamen noluit eum ſibi

555 825 870 58 Iuo aronttio en ercutario ipllus rapere ad victum

555 862 870 72 quas vellet: ſed ipſe tanquam optimus paterfa¬

555 908 873 70 milias quas & quantum vidit neceſſarias eſſe, illi

554 964 874 66 conceſſit benigniſſimé. Conceſſit autem eas, quas

555 1014 711 62 cibi nomine propter vſum appellamus.

603 1054 824 72 Cõfirmatur autem hoc Pauli dictum Geneſ.1.

556 1108 870 66 verſ.29.9. verſ3. Matth.15.verſ.11. & Actor.1o.V.13

556 1154 874 74 Explicatur etiam à Fulgentio in lib. de Fide ad

567 1216 291 56 Petrum cap. 42:

604 1246 826 69 Diſsimiles tamen loci quidam, qui ſolebant à

556 1299 873 64 Manichæis huius erroris ſummis patronis afferri

560 1348 870 69 & à Papiſtis etiã regerũtur, ſunt ſanè à nobis di¬

560 1398 870 69 luendi. Ac primùm Papiſtæ excipiunt, cibos iſtos

560 1449 870 66 non ipſos per ſe ſuæque ſubſtantiæ ratione pol¬

560 1496 870 68 luere edentes, ſed propter Eccleſiæ prohibi¬

560 1546 872 60 tionem & authoritatem, quæ violatur à ſumenti¬

561 1592 870 68 bus. Reſpondeo verò ipſam Eccleſiam id prohi¬

566 1641 866 68 bere non poſſe. Neque enim in res alienas ius

561 1690 870 66 habet, neque conſcientijs noſtris legem & iugum

564 1740 868 92 imponere poteſt, quod Dominus ipſe non impo¬

1346 1794 88 72 ſuit.
