1500 2172
525 152 92 30 Io

686 126 580 48 AD E TAVL. AD TIM.

525 172 870 68 ſtimanda. Quoad finem vero, ideo ſumi vult, tã¬

525 242 872 50 quani a luu iplruo manunoo cidos ſumamus, ve

528 278 768 63 ipſe eorum author agnoſcatur & laudetur.

568 322 826 64 Similis locus Pſal. 16. & Pſal. 5o. Huius autem

520 380 873 62 totius reirationem reddit lequeti verſiculo Pau¬

519 422 81 80 fus.

590 504 30 51 8

652 486 742 78 Sanctificatur enim per verbum Dei

524 549 196 70 & preces

568 606 825 64 Α’ιτηλογία eſt ducta à cauſa inſtrumẽtali (quæ

520 662 874 66 refertur ad genus cauſarum efficientium) per

524 712 872 62 quam ciborum vſus fit nobis purus, ſanctus, &

520 759 872 63 legitimus. conſcientiæ noſtræ ratione. Ergo ſan¬

519 807 876 64 ctificatio hoc loco opponitur non tantùm profa¬

519 856 876 57 nationi ciborum:ſed etiam malæ conſcientiæ, &

519 903 876 64 ei vſui, qui nobis in exitium & condemnationem

518 951 878 66 apud Deum cedit. Sanctificatur cibus cùm eum

518 1000 874 62 ſalua conſcientia ſumimus, & eo vtimur, quia no¬

519 1048 873 63 bis Dominus ipſe eum largitur ad finem huiuſ¬

519 1098 872 62 modi. Neque verò ſic ſanctificarl cibus dicitur,

524 1150 868 60 quemadmodum homo. Nam qui à ſpiritu Dei

520 1197 868 58 ſanctificatur homo, is immutatur, & nouam tan¬

522 1245 870 57 quam naturam induit. At qui cibus ſanctificatur

524 1293 867 64 in noſtrum vſum, totam integrámque naturam

518 1341 870 63 ſuam retinet, fit tamen Deo gratus ex eo, quod

518 1389 872 58 Deus noſtra inuocatione illius author eſſe à no¬

518 1438 872 62 bis agnoſcitur & prædicatur. Ex hoc autem loco

518 1488 867 63 perperã explicato natæ ſunt magicæ illæ ciborũ,

518 1539 870 62 velut ouorũ, vini, pernarũ, aquæ execrationes &

512 1586 876 62 incantationes, quas Pontificij faciunt, quóſque

512 1634 876 63 D. Martinus Chemnitius prolixè in Examinis

524 1683 867 62 Trident. concilij poſtrema parte perſequitur &

510 1726 876 78 refutat doctiſsimé. Duplex autem huius cibi ſan¬

1194 1778 189 75 ctificandi
