1500 2172
406 178 184 42 CAPVT

603 178 50 42 V.

912 158 57 88 412

117 200 860 96 detrahi. Iam verò, quia hęc capacitas non ex æta¬

116 258 860 87 tis ſenio & beneficio propriè pendet, imminutũ

116 308 860 81 eſt annorum tempus & ſpatium a Paulo hoc loco

114 357 861 81 pręſcriptum, voluerúnt que homines videriſpiri¬

111 406 860 80 tu ipſo Dei ſapientiores. Itaque cõcilio Chalce¬

112 452 856 82 donenſi cõſtitutum eſt, vt ſtatim poſt 4o annum

111 500 860 86 çtatis eligi mulieres ad iſtum Diaconatum poſ¬

106 549 868 86 ſent eſt in cano. Diaconiſſas 27. quęſt. 1.id quod eſt

106 612 862 66 confirmatum concilio Carthaginenſi 4. vt eſt in

110 650 860 86 cano. ſanctimoniales 2o. queſt. I.in quo poſtea va

106 698 572 64 riè peccatum eſt, vt docebimus.

153 746 816 75 Addit Paulus. Vnius vir vxor. Hoc verò pro¬

106 795 861 82 bari poteſt exemplo Annę, de qua Luc.1.ver.36.

104 842 864 82 Reſpondet autem illi, quod de epiſcopis &

102 891 861 76 Diaconis agẽs idem Paulus dixerat. Vnius vxoris

102 938 862 88 vir. Itaque ex illo loco facilè iam intelligi poteſt

106 987 856 84 quę ſit vis huius loci ſententia atque mens. Pri¬

102 1044 858 78 mum enim non damnat nuptias Paulus ſiue pri¬

104 1084 855 86 mas, ſiue ſecundas, ſiue tertias ſiue vlteriores,

102 1128 858 92 Hanc enim eſſe diabolicã doctrinã ſupra aſſeru¬

98 1186 862 76 it cap.4. verſ.1.2.3. Deinde non iniicit hunc la¬

99 1233 862 84 queum viduarum conſcientiis, quaſi præcipiat, vt

96 1282 862 86 in viduitate permaneãt, etiam eæ, quæ denuo vel

96 1328 864 81 iterum nubere vellent: neque hoc loco etiam vi¬

96 1376 867 86 duitatem aut cœlibatum tanquam per ſe ſanctio

94 1426 864 88 rem prȩfert honeſto conugio Pauius, vti neque

96 1474 861 81 I.Corinth.7. verſ.8.9. 34. & 35. Denique cùm ne¬

99 1527 861 80 que ante Pauli ætatem, neque eius ſeculo vſquã

94 1572 861 84 terrarum obtineret: vt vna mulier eodem tempo

94 1617 864 88 re duobus nupta eſſet viris (etſi inter Iudæos vir

98 1665 860 87 vnus ſolebat ex vitioſa patrum imitatione duas

96 1718 860 90 vel plures vxores ducere) ſatis intelligitur eam

96 1764 860 104 dici plurium maritorum vxorem eſſe, quæ quan¬

776 1838 68 81 ſij.
