<?xml version='1.0' encoding='UTF-8'?>
<alto xmlns:xsi="http://www.w3.org/2001/XMLSchema-instance" xmlns="http://www.loc.gov/standards/alto/ns-v4#" xsi:schemaLocation="http://www.loc.gov/standards/alto/ns-v4# http://www.loc.gov/standards/alto/v4/alto-4-2.xsd">
  <Description>
    <MeasurementUnit>pixel</MeasurementUnit>
    <sourceImageInformation>
      <fileName>2013250.jpeg</fileName>
    </sourceImageInformation>
  </Description>
  <Tags>
    <OtherTag ID="BT7" LABEL="CustomZone" DESCRIPTION="block type CustomZone"/><OtherTag ID="BT8" LABEL="DamageZone" DESCRIPTION="block type DamageZone"/><OtherTag ID="BT9" LABEL="DigitizationArtefactZone" DESCRIPTION="block type DigitizationArtefactZone"/><OtherTag ID="BT10" LABEL="DropCapitalZone" DESCRIPTION="block type DropCapitalZone"/><OtherTag ID="BT11" LABEL="GraphicZone" DESCRIPTION="block type GraphicZone"/><OtherTag ID="BT12" LABEL="MainZone" DESCRIPTION="block type MainZone"/><OtherTag ID="BT13" LABEL="MarginTextZone" DESCRIPTION="block type MarginTextZone"/><OtherTag ID="BT14" LABEL="MusicZone" DESCRIPTION="block type MusicZone"/><OtherTag ID="BT15" LABEL="NumberingZone" DESCRIPTION="block type NumberingZone"/><OtherTag ID="BT17" LABEL="QuireMarksZone" DESCRIPTION="block type QuireMarksZone"/><OtherTag ID="BT18" LABEL="RunningTitleZone" DESCRIPTION="block type RunningTitleZone"/><OtherTag ID="BT19" LABEL="SealZone" DESCRIPTION="block type SealZone"/><OtherTag ID="BT20" LABEL="StampZone" DESCRIPTION="block type StampZone"/><OtherTag ID="BT21" LABEL="TableZone" DESCRIPTION="block type TableZone"/><OtherTag ID="BT22" LABEL="TitlePageZone" DESCRIPTION="block type TitlePageZone"/><OtherTag ID="BT3407" LABEL="MainZone-Continued" DESCRIPTION="block type MainZone-Continued"/><OtherTag ID="BT3408" LABEL="MainZone-P" DESCRIPTION="block type MainZone-P"/><OtherTag ID="BT3409" LABEL="MainZone-Head" DESCRIPTION="block type MainZone-Head"/><OtherTag ID="BT3410" LABEL="MainZone-Other" DESCRIPTION="block type MainZone-Other"/><OtherTag ID="BT3411" LABEL="MainZone-Sp" DESCRIPTION="block type MainZone-Sp"/><OtherTag ID="BT3417" LABEL="MainZone-Sp-Continued" DESCRIPTION="block type MainZone-Sp-Continued"/><OtherTag ID="BT3418" LABEL="GraphicZone-Decoration" DESCRIPTION="block type GraphicZone-Decoration"/><OtherTag ID="BT3419" LABEL="MainZone-Entry" DESCRIPTION="block type MainZone-Entry"/><OtherTag ID="BT3420" LABEL="MainZone-Lg" DESCRIPTION="block type MainZone-Lg"/><OtherTag ID="BT3421" LABEL="MainZone-Entry-Continued" DESCRIPTION="block type MainZone-Entry-Continued"/><OtherTag ID="BT3422" LABEL="MarginTextZone-ManuscriptAddendum" DESCRIPTION="block type MarginTextZone-ManuscriptAddendum"/><OtherTag ID="BT3423" LABEL="MainZone-List" DESCRIPTION="block type MainZone-List"/>
    <OtherTag ID="LT7" LABEL="CustomLine" DESCRIPTION="line type CustomLine"/><OtherTag ID="LT8" LABEL="DefaultLine" DESCRIPTION="line type DefaultLine"/><OtherTag ID="LT9" LABEL="DropCapitalLine" DESCRIPTION="line type DropCapitalLine"/><OtherTag ID="LT10" LABEL="HeadingLine" DESCRIPTION="line type HeadingLine"/><OtherTag ID="LT11" LABEL="InterlinearLine" DESCRIPTION="line type InterlinearLine"/><OtherTag ID="LT12" LABEL="MusicLine" DESCRIPTION="line type MusicLine"/>
  </Tags>
  <Layout>
    <Page WIDTH="1500" HEIGHT="2172" PHYSICAL_IMG_NR="246" ID="eSc_dummypage_">
      <PrintSpace HPOS="0" VPOS="0" WIDTH="1500" HEIGHT="2172">
        <TextBlock HPOS="549" VPOS="134" WIDTH="69" HEIGHT="58" ID="block_1" TAGREFS="BT15">
          <Shape><Polygon POINTS="618 134 618 192 549 192 549 134"/></Shape>
          <TextLine ID="line_1" TAGREFS="LT8" BASELINE="555 178 616 172" HPOS="550" VPOS="147" WIDTH="66" HEIGHT="52">
            <Shape><Polygon POINTS="586 147 574 147 562 147 550 147 555 178 556 200 616 184 616 172 612 148 592 147 586 147"/></Shape>
            <String CONTENT="507" HPOS="550" VPOS="147" WIDTH="66" HEIGHT="52" WC="0.9999876419703165"/>
          </TextLine>
        </TextBlock>
        <TextBlock HPOS="746" VPOS="120" WIDTH="520" HEIGHT="54" ID="block_2" TAGREFS="BT18">
          <Shape><Polygon POINTS="1266 120 1266 174 746 174 746 120"/></Shape>
          <TextLine ID="line_2" TAGREFS="LT8" BASELINE="741 168 1268 153" HPOS="740" VPOS="117" WIDTH="528" HEIGHT="68">
            <Shape><Polygon POINTS="1126 147 1114 147 1102 147 1090 147 1078 147 1066 147 1054 147 1042 147 1030 147 1018 147 1005 147 993 147 981 147 969 147 957 147 945 147 933 147 921 147 914 147 909 147 897 147 885 147 873 147 861 147 850 147 844 150 832 147 825 147 813 147 801 147 789 147 783 150 777 147 777 147 765 147 753 147 744 147 740 150 741 168 741 178 780 184 782 184 813 178 828 174 843 178 860 182 861 182 862 182 903 176 933 172 944 176 957 180 958 180 960 180 1018 172 1042 171 1059 172 1090 177 1092 177 1092 177 1114 171 1136 166 1149 171 1162 174 1164 174 1166 174 1266 166 1268 153 1264 117 1152 120 1150 120 1149 120 1142 126 1126 135 1126 147"/></Shape>
            <String CONTENT="AD I. PAVL. AD TIM" HPOS="740" VPOS="117" WIDTH="528" HEIGHT="68" WC="0.9963482452763451"/>
          </TextLine>
        </TextBlock>
        <TextBlock HPOS="546" VPOS="183" WIDTH="861" HEIGHT="156" ID="block_3" TAGREFS="BT3407">
          <Shape><Polygon POINTS="1407 183 1407 339 546 339 546 183"/></Shape>
          <TextLine ID="line_3" TAGREFS="LT8" BASELINE="548 228 1401 206" HPOS="546" VPOS="162" WIDTH="855" HEIGHT="87">
            <Shape><Polygon POINTS="548 228 548 240 585 249 586 249 588 249 609 242 638 248 639 248 640 248 640 248 640 246 648 242 654 246 654 246 656 246 657 246 777 244 778 244 800 236 801 236 812 236 890 240 891 240 928 234 932 234 933 234 960 240 962 240 962 240 963 240 972 232 975 231 998 232 1066 237 1066 237 1068 237 1086 231 1092 228 1116 230 1150 232 1152 232 1191 228 1227 225 1239 228 1257 232 1258 232 1258 232 1296 226 1323 222 1401 224 1401 206 1398 162 1346 164 1346 164 1344 164 1334 172 1316 166 1314 166 1314 166 1312 166 1311 166 1311 166 1302 174 1203 168 1166 166 1164 166 1162 166 1148 171 1113 180 1012 182 999 177 987 172 986 172 984 172 982 172 969 178 962 180 927 178 898 178 897 178 896 178 890 180 878 184 844 182 795 177 795 177 794 177 766 184 765 184 764 184 742 178 741 178 740 178 740 178 738 178 728 186 724 189 718 186 702 180 700 180 640 180 640 180 639 180 608 190 604 192 546 192 548 228"/></Shape>
            <String CONTENT="tamẽ &amp; ipſi ciuiles magiſtratus θιῦ διάκονο &amp; ſa¬" HPOS="546" VPOS="162" WIDTH="855" HEIGHT="87" WC="0.9624774410174444"/>
          </TextLine>
          <TextLine ID="line_4" TAGREFS="LT8" BASELINE="546 278 1407 258" HPOS="544" VPOS="232" WIDTH="862" HEIGHT="66">
            <Shape><Polygon POINTS="1148 246 1136 261 1124 261 1112 261 1100 261 1088 264 1076 264 1064 264 1052 264 1040 264 1028 264 1016 264 1004 264 992 264 980 264 968 264 956 264 944 264 932 264 920 264 906 264 894 264 882 264 870 264 858 264 846 264 834 264 822 264 810 270 798 270 786 270 774 270 762 270 750 270 738 270 726 270 714 270 702 272 690 272 678 272 666 272 654 272 640 272 628 272 616 272 604 272 592 272 580 272 568 272 556 272 544 272 546 278 546 292 580 298 582 298 612 292 616 291 621 291 640 297 640 297 642 297 708 290 716 290 722 290 759 296 760 296 762 296 777 290 783 286 870 285 914 288 966 290 968 290 1024 285 1092 280 1098 284 1100 286 1101 286 1102 286 1104 286 1126 284 1170 279 1176 284 1179 285 1179 285 1180 285 1182 285 1184 285 1185 285 1186 284 1191 278 1203 284 1208 284 1209 284 1209 284 1221 284 1251 278 1407 279 1407 258 1404 232 1162 234 1161 234 1160 234 1149 240 1148 246"/></Shape>
            <String CONTENT="crretiamnomdney ſeu me cecienaſtica tantum" HPOS="544" VPOS="232" WIDTH="862" HEIGHT="66" WC="0.9588076933508828"/>
          </TextLine>
          <TextLine ID="line_5" TAGREFS="LT8" BASELINE="548 327 912 318" HPOS="544" VPOS="286" WIDTH="368" HEIGHT="63">
            <Shape><Polygon POINTS="548 327 548 350 624 339 664 348 669 348 670 348 672 348 675 346 710 338 734 345 736 346 738 346 740 346 740 346 744 345 765 336 808 344 813 344 814 344 814 344 816 344 828 334 910 339 912 318 909 286 602 286 600 286 598 286 598 286 588 296 586 296 544 296 548 327"/></Shape>
            <String CONTENT="perſequitur Paulus." HPOS="544" VPOS="286" WIDTH="368" HEIGHT="63" WC="0.9947992971068934"/>
          </TextLine>
        </TextBlock>
        <TextBlock HPOS="536" VPOS="328" WIDTH="890" HEIGHT="1210" ID="block_4" TAGREFS="BT3408">
          <Shape><Polygon POINTS="1425 328 1419 1518 1390 1527 536 1539 549 328"/></Shape>
          <TextLine ID="line_6" TAGREFS="LT8" BASELINE="598 372 1408 352" HPOS="598" VPOS="316" WIDTH="810" HEIGHT="76">
            <Shape><Polygon POINTS="598 372 598 390 698 393 699 393 700 393 710 388 717 386 728 388 734 390 735 390 736 390 738 390 744 388 759 382 854 381 915 386 938 387 939 387 940 387 946 384 962 378 976 384 981 386 981 386 982 386 1000 384 1058 376 1134 382 1150 382 1152 382 1154 382 1154 382 1154 381 1162 374 1185 381 1186 381 1188 381 1190 381 1254 380 1260 380 1323 369 1407 375 1408 352 1407 321 1257 316 1256 316 1209 326 1197 327 1182 327 1124 320 1122 320 987 324 987 324 986 324 986 326 978 332 976 333 922 333 783 333 782 333 753 338 741 339 735 338 711 330 710 330 710 330 708 330 706 330 694 339 692 339 678 339 620 333 618 333 616 333 598 339 598 372"/></Shape>
            <String CONTENT="Quæritur autem, quæ ſit huius præcepti occa¬" HPOS="598" VPOS="316" WIDTH="810" HEIGHT="76" WC="0.9953132325952704"/>
          </TextLine>
          <TextLine ID="line_7" TAGREFS="LT8" BASELINE="550 423 1412 402" HPOS="549" VPOS="364" WIDTH="862" HEIGHT="80">
            <Shape><Polygon POINTS="550 423 550 435 600 435 602 435 616 442 616 442 618 442 663 435 669 434 672 435 698 444 699 444 700 444 702 444 723 434 728 432 734 434 760 438 762 438 789 434 806 429 884 429 891 432 900 438 902 438 903 438 904 438 954 438 956 438 956 438 956 436 962 430 968 436 969 436 969 436 970 436 1041 435 1042 435 1058 430 1072 426 1086 430 1098 434 1100 434 1101 434 1130 430 1185 422 1410 426 1412 402 1407 368 1353 372 1335 369 1314 364 1314 364 1312 364 1311 364 1305 369 1300 374 1284 370 1258 366 1258 366 1221 372 1204 375 1194 374 1161 369 1160 369 1160 369 1158 369 1148 375 1142 380 1004 382 987 380 954 374 952 374 951 374 950 374 950 375 944 381 944 382 900 384 888 382 852 375 850 375 795 386 786 387 782 386 753 378 752 378 750 378 678 388 674 388 672 388 634 382 633 382 632 382 630 382 618 390 564 382 562 382 561 382 561 382 549 390 550 423"/></Shape>
            <String CONTENT="ſio, &amp; cur de eo fuerint etiam prudentiſſimi cu¬" HPOS="549" VPOS="364" WIDTH="862" HEIGHT="80" WC="0.9985533008972803"/>
          </TextLine>
          <TextLine ID="line_8" TAGREFS="LT8" BASELINE="549 468 1407 448" HPOS="548" VPOS="416" WIDTH="860" HEIGHT="70">
            <Shape><Polygon POINTS="549 468 549 486 1407 468 1407 448 1402 420 1274 423 1263 422 1218 416 1216 416 1215 416 1202 423 1196 424 1176 423 1136 418 1134 418 1132 418 1110 424 1096 428 1078 424 1048 418 1048 418 1047 418 1046 418 1046 420 1040 424 1035 430 996 430 908 430 885 428 867 424 866 424 864 424 852 428 831 434 804 428 794 426 792 426 738 428 736 428 735 428 734 429 724 436 687 430 678 429 676 429 548 430 549 468"/></Shape>
            <String CONTENT="iuſque eccleſiæ paſtores, qualis Timotheus, qua¬" HPOS="548" VPOS="416" WIDTH="860" HEIGHT="70" WC="0.9914018362760544"/>
          </TextLine>
          <TextLine ID="line_9" TAGREFS="LT8" BASELINE="549 519 1408 500" HPOS="548" VPOS="464" WIDTH="861" HEIGHT="75">
            <Shape><Polygon POINTS="549 519 549 534 648 538 650 538 734 530 753 530 790 530 903 531 904 531 906 531 906 531 912 526 914 524 987 524 990 525 1000 530 1002 530 1004 530 1054 524 1074 522 1110 524 1203 525 1204 525 1408 516 1408 500 1406 470 1290 472 1284 471 1270 464 1269 464 1268 464 1266 464 1264 464 1257 471 1254 474 1170 474 1149 472 1100 465 1098 465 1098 465 1066 474 1048 478 1036 474 1028 470 1026 470 1024 470 1024 470 1012 474 1002 477 988 474 969 468 968 468 966 468 964 468 948 474 932 480 920 474 914 470 912 470 910 470 909 470 856 471 855 471 854 471 854 472 850 476 843 482 814 476 796 472 795 472 795 472 794 472 789 476 782 480 744 477 723 474 722 474 722 474 716 477 693 488 638 489 622 489 610 478 610 477 609 477 608 477 606 477 548 478 549 519"/></Shape>
            <String CONTENT="léſque nobis ſub Timothei perſona proponun¬" HPOS="548" VPOS="464" WIDTH="861" HEIGHT="75" WC="0.9948042644695803"/>
          </TextLine>
          <TextLine ID="line_10" TAGREFS="LT8" BASELINE="550 567 1408 549" HPOS="549" VPOS="510" WIDTH="860" HEIGHT="76">
            <Shape><Polygon POINTS="550 567 550 584 666 586 668 586 740 580 778 578 813 579 879 584 880 584 882 584 882 584 890 578 894 574 912 578 945 582 946 582 1006 580 1008 580 1026 574 1036 573 1066 574 1120 579 1122 579 1179 578 1180 578 1182 578 1188 573 1192 568 1203 573 1210 574 1212 574 1214 574 1407 567 1408 549 1407 519 1352 510 1350 510 1288 520 1250 514 1248 514 1246 514 1233 522 1068 516 1066 516 1066 516 1065 516 1053 526 999 526 990 519 988 519 987 519 950 518 950 518 948 518 946 518 939 524 912 519 910 519 909 519 892 530 882 520 880 520 879 520 850 520 849 520 848 520 846 520 832 530 778 522 777 522 777 522 754 531 700 525 699 525 698 525 698 525 684 532 592 530 591 530 549 536 550 567"/></Shape>
            <String CONTENT="tur, monendi. Reſp. fuiſſe multiplicem neceſſita¬" HPOS="549" VPOS="510" WIDTH="860" HEIGHT="76" WC="0.9947043815437628"/>
          </TextLine>
          <TextLine ID="line_11" TAGREFS="LT8" BASELINE="550 614 1406 592" HPOS="549" VPOS="560" WIDTH="856" HEIGHT="75">
            <Shape><Polygon POINTS="550 614 550 627 590 634 591 634 592 634 592 634 606 627 657 633 658 633 705 624 747 632 748 632 789 630 789 630 790 630 804 622 814 628 816 628 818 628 878 621 940 627 942 627 944 627 944 627 954 618 963 626 964 626 966 626 968 626 1048 616 1053 616 1054 616 1060 622 1062 622 1064 622 1065 624 1104 624 1104 622 1166 614 1168 614 1170 614 1200 621 1202 621 1203 621 1251 610 1254 610 1257 610 1276 618 1278 618 1280 618 1281 618 1302 610 1305 609 1406 608 1406 592 1402 567 1326 560 1326 560 1324 560 1299 568 1258 561 1257 561 1256 561 1222 570 1204 561 1203 561 1203 561 1152 573 1148 573 976 576 975 576 963 570 962 570 962 570 930 576 926 578 922 576 903 568 902 568 900 568 900 568 867 578 866 578 812 572 810 572 808 572 795 579 794 579 789 579 752 573 750 573 748 573 734 579 700 573 699 573 645 582 634 584 628 582 600 576 598 576 549 584 550 614"/></Shape>
            <String CONTENT="tem ac rationẽ cur hoc præceptum ſpiritus ſan¬" HPOS="549" VPOS="560" WIDTH="856" HEIGHT="75" WC="0.9972061400717878"/>
          </TextLine>
          <TextLine ID="line_12" TAGREFS="LT8" BASELINE="550 664 1410 644" HPOS="549" VPOS="603" WIDTH="861" HEIGHT="84">
            <Shape><Polygon POINTS="550 664 550 678 597 687 598 687 652 676 698 684 698 684 699 684 700 684 714 675 752 680 753 680 753 680 765 674 776 682 777 682 777 682 778 682 780 682 804 674 832 681 834 681 836 681 837 681 855 674 902 680 903 680 904 680 926 672 933 678 934 678 936 678 938 678 978 678 980 678 1006 668 1040 676 1041 676 1042 676 1042 676 1044 676 1060 666 1060 666 1155 674 1156 674 1204 663 1206 663 1208 663 1240 670 1242 670 1282 662 1298 668 1299 668 1300 668 1302 668 1302 668 1314 660 1314 660 1317 660 1396 666 1398 666 1400 666 1401 666 1410 660 1410 644 1407 603 1329 604 1328 604 1326 604 1316 612 1268 608 1256 606 1254 606 1252 606 1248 608 1218 618 1172 610 1156 609 1155 609 1142 610 1098 622 1052 622 1036 616 1029 612 1028 612 1026 612 1024 612 1017 616 998 626 879 627 864 622 849 616 848 616 846 616 844 616 824 622 819 624 814 622 800 616 798 616 796 616 795 616 782 624 777 627 772 624 764 621 762 621 760 621 728 627 722 627 718 627 670 621 669 621 668 621 651 628 644 633 621 630 566 622 564 622 562 622 561 622 549 630 550 664"/></Shape>
            <String CONTENT="ctus adderet: ſed imprimis fuit triplex, nimirũ ſci" HPOS="549" VPOS="603" WIDTH="861" HEIGHT="84" WC="0.9811125065271671"/>
          </TextLine>
          <TextLine ID="line_13" TAGREFS="LT8" BASELINE="552 711 1412 693" HPOS="550" VPOS="658" WIDTH="861" HEIGHT="70">
            <Shape><Polygon POINTS="552 711 552 726 722 729 722 729 778 723 812 720 818 722 826 728 826 728 828 728 872 726 873 726 874 726 878 722 882 718 944 722 1008 723 1010 723 1011 723 1020 720 1035 716 1072 718 1083 720 1084 720 1092 718 1125 712 1158 717 1172 720 1172 720 1173 720 1174 720 1174 718 1176 717 1184 711 1264 716 1290 717 1290 717 1292 717 1293 717 1294 716 1304 710 1340 716 1340 716 1341 716 1342 716 1359 708 1410 714 1412 693 1410 668 1376 658 1374 658 1372 658 1332 666 1274 660 1272 660 1270 660 1252 669 1251 669 1248 669 1212 662 1210 662 1209 662 1185 669 1179 672 1160 670 1108 664 1107 664 1080 670 1064 674 1030 672 981 666 980 666 920 672 861 678 830 672 808 670 808 670 807 670 806 670 801 672 794 678 786 674 783 672 783 672 782 672 780 672 765 674 722 681 672 675 670 675 669 675 668 675 668 676 662 682 604 684 590 675 588 675 586 675 585 675 550 675 552 711"/></Shape>
            <String CONTENT="licet propter Impudentiam, Importunitatem" HPOS="550" VPOS="658" WIDTH="861" HEIGHT="70" WC="0.9994567952504972"/>
          </TextLine>
          <TextLine ID="line_14" TAGREFS="LT8" BASELINE="550 762 1412 742" HPOS="549" VPOS="705" WIDTH="862" HEIGHT="74">
            <Shape><Polygon POINTS="550 762 550 772 656 778 657 778 801 774 802 774 814 770 820 766 825 770 836 774 837 774 838 774 838 774 861 770 874 765 888 768 909 772 910 772 912 772 926 768 938 765 954 766 980 771 981 771 1048 765 1107 760 1119 765 1130 768 1131 768 1132 768 1172 765 1221 758 1408 759 1412 742 1408 705 1238 705 1236 705 1234 705 1226 710 1215 716 1204 711 1198 708 1197 708 1197 708 1196 708 1194 708 1191 711 1182 718 1134 720 1088 720 1077 716 1059 710 1058 710 1056 710 1017 717 1005 718 998 717 958 711 957 711 921 720 920 720 920 720 900 712 900 712 898 712 897 712 874 722 864 724 858 722 834 714 832 714 832 714 831 714 802 723 795 726 789 723 771 716 770 716 768 716 766 716 748 724 746 728 726 728 723 726 710 716 710 716 708 716 706 716 705 716 704 716 688 728 686 728 675 728 598 718 598 718 597 718 549 730 550 762"/></Shape>
            <String CONTENT="tũ Populorũ tum Ordinandorum, &amp; Nouitatis" HPOS="549" VPOS="705" WIDTH="862" HEIGHT="74" WC="0.9884096661279368"/>
          </TextLine>
          <TextLine ID="line_15" TAGREFS="LT8" BASELINE="550 812 1410 789" HPOS="549" VPOS="752" WIDTH="861" HEIGHT="74">
            <Shape><Polygon POINTS="550 812 550 824 836 825 837 825 926 814 932 814 934 814 975 820 976 820 1030 812 1034 812 1036 812 1110 818 1110 818 1112 818 1113 818 1125 808 1126 808 1128 808 1216 814 1218 814 1260 807 1359 812 1360 812 1410 801 1410 789 1407 760 1380 760 1370 752 1368 752 1366 752 1365 752 1256 753 1254 753 1210 765 1208 766 1047 770 1020 759 1018 759 1018 759 1017 759 996 771 994 771 886 764 885 764 884 764 862 774 861 774 795 765 795 765 794 765 765 777 765 777 672 778 672 778 639 770 638 770 636 770 634 770 597 778 570 771 568 771 567 771 567 771 549 780 550 812"/></Shape>
            <String CONTENT="ſtudium erat neceſſarium hoc præceptum. Nam" HPOS="549" VPOS="752" WIDTH="861" HEIGHT="74" WC="0.9977202900620394"/>
          </TextLine>
          <TextLine ID="line_16" TAGREFS="LT8" BASELINE="550 858 1408 838" HPOS="549" VPOS="801" WIDTH="860" HEIGHT="74">
            <Shape><Polygon POINTS="550 858 550 870 666 874 666 874 804 866 808 866 810 866 902 872 903 872 904 872 916 866 1100 867 1101 867 1102 867 1104 867 1104 866 1112 858 1112 856 1206 856 1209 856 1240 862 1240 862 1242 862 1264 855 1266 855 1281 862 1282 862 1282 862 1358 861 1408 850 1408 838 1407 808 1377 801 1376 801 1292 807 1256 801 1254 801 1252 801 1252 801 1240 812 1236 814 1204 814 1192 812 1155 802 1154 802 1154 802 1152 802 1142 813 1140 814 1104 816 1098 813 1083 806 1082 806 1056 806 1054 806 1024 812 992 807 990 807 988 807 987 807 978 814 970 819 963 814 951 808 950 808 904 808 903 808 902 808 900 808 890 816 880 820 858 816 855 816 854 816 850 816 826 822 810 816 806 814 804 814 802 814 801 814 801 814 801 816 800 818 790 825 699 826 670 826 658 819 654 814 652 814 651 814 650 814 624 820 598 825 592 820 590 818 588 818 586 818 585 818 549 820 550 858"/></Shape>
            <String CONTENT="ferè homines nouis Miniſtris gaudent: Ergo ne" HPOS="549" VPOS="801" WIDTH="860" HEIGHT="74" WC="0.9937931299209595"/>
          </TextLine>
          <TextLine ID="line_17" TAGREFS="LT8" BASELINE="552 906 1422 888" HPOS="550" VPOS="852" WIDTH="872" HEIGHT="75">
            <Shape><Polygon POINTS="552 906 552 924 604 927 606 927 608 927 609 927 615 924 621 920 658 922 681 924 682 924 684 924 690 922 705 918 716 921 718 922 720 922 722 922 722 922 723 922 724 921 734 915 752 921 759 924 760 924 762 924 764 924 765 924 770 920 777 915 814 920 838 922 840 922 842 922 849 918 860 915 868 918 874 921 876 921 876 921 892 918 910 915 934 918 956 920 956 920 974 918 1016 909 1186 912 1188 912 1190 912 1191 912 1198 906 1238 912 1246 914 1246 914 1258 912 1314 903 1328 912 1329 912 1330 912 1332 912 1420 909 1422 888 1419 860 1368 852 1366 852 1365 852 1340 860 1278 854 1276 854 1276 854 1258 861 1209 854 1209 854 1208 854 1188 862 1164 855 1162 855 1161 855 1160 855 1132 864 1040 856 1038 856 958 868 958 870 957 870 900 870 882 861 882 861 880 861 789 862 788 862 786 862 777 868 730 862 729 862 728 862 710 873 616 866 615 866 614 866 594 876 550 876 552 906"/></Shape>
            <String CONTENT="qui ſemel arriſit, ſtatim probetur &amp; eligatur, ca¬" HPOS="550" VPOS="852" WIDTH="872" HEIGHT="75" WC="0.9824159944057465"/>
          </TextLine>
          <TextLine ID="line_18" TAGREFS="LT8" BASELINE="554 956 1419 934" HPOS="552" VPOS="900" WIDTH="867" HEIGHT="68">
            <Shape><Polygon POINTS="554 956 554 968 856 968 856 968 900 966 902 966 903 966 914 958 915 958 926 958 1008 963 1010 963 1083 956 1088 956 1089 956 1108 962 1110 962 1110 962 1112 962 1128 954 1130 954 1136 954 1198 958 1200 958 1202 958 1203 958 1209 954 1214 957 1215 957 1215 957 1216 957 1272 950 1280 950 1282 950 1316 956 1317 956 1419 946 1419 934 1418 906 1312 900 1311 900 1251 909 1227 900 1226 900 1224 900 1222 900 1221 900 1209 912 1162 912 1148 903 1148 903 1146 903 1144 903 1101 912 1076 904 1074 904 1074 904 956 915 920 909 920 909 754 912 753 912 723 922 662 922 639 915 638 915 636 915 634 915 634 915 624 922 609 916 608 916 606 916 604 916 604 916 592 926 552 926 554 956"/></Shape>
            <String CONTENT="uendum eſt. Nam permulti ſunt, in quibus egre¬" HPOS="552" VPOS="900" WIDTH="867" HEIGHT="68" WC="0.9966883866683297"/>
          </TextLine>
          <TextLine ID="line_19" TAGREFS="LT8" BASELINE="554 1005 1425 986" HPOS="552" VPOS="945" WIDTH="873" HEIGHT="78">
            <Shape><Polygon POINTS="554 1005 554 1023 622 1017 651 1020 660 1022 660 1022 662 1022 666 1020 678 1016 698 1018 705 1020 706 1020 718 1018 776 1011 890 1014 932 1016 933 1016 950 1012 987 1005 1012 1011 1018 1011 1020 1011 1029 1011 1060 1005 1082 1010 1095 1011 1096 1011 1172 1010 1173 1010 1174 1010 1178 1006 1185 1000 1424 999 1425 986 1422 956 1370 945 1370 945 1320 956 1264 948 1264 948 1206 950 1204 950 1203 950 1185 960 1185 962 1143 962 1108 962 1074 952 1074 952 1072 952 1071 952 1070 952 1058 962 1011 954 1010 954 1008 954 1006 954 999 962 956 963 906 956 906 956 904 956 880 966 876 968 872 966 836 958 834 958 832 958 801 968 798 968 786 968 675 962 674 962 672 962 656 970 654 972 552 972 554 1005"/></Shape>
            <String CONTENT="giæ quidem animi dotes elucẽt, qualis eſt vel ze" HPOS="552" VPOS="945" WIDTH="873" HEIGHT="78" WC="0.9858407268718797"/>
          </TextLine>
          <TextLine ID="line_20" TAGREFS="LT8" BASELINE="554 1054 1174 1036 1419 1034" HPOS="552" VPOS="993" WIDTH="867" HEIGHT="81">
            <Shape><Polygon POINTS="554 1054 555 1072 570 1066 585 1072 592 1074 594 1074 596 1074 597 1074 604 1071 620 1065 633 1071 640 1072 640 1072 642 1072 644 1072 645 1072 650 1070 660 1062 690 1062 752 1066 777 1070 777 1070 778 1070 780 1070 780 1068 783 1066 790 1060 832 1066 848 1066 849 1066 864 1065 916 1056 938 1062 938 1062 939 1062 982 1054 1017 1060 1024 1062 1024 1062 1026 1062 1032 1060 1053 1056 1113 1059 1136 1060 1137 1060 1138 1060 1140 1060 1142 1059 1150 1050 1240 1048 1262 1054 1263 1054 1264 1054 1300 1048 1418 1052 1419 1034 1414 1000 1390 1000 1389 1000 1376 993 1376 993 1374 993 1372 993 1266 994 1222 1005 1220 1006 1154 1006 1136 1006 1124 999 1122 999 1122 999 1120 999 1119 999 1088 1010 1084 1010 1080 1010 1032 1002 1030 1002 993 1011 969 1004 968 1004 966 1004 964 1004 945 1011 927 1006 926 1006 926 1006 880 1014 879 1014 828 1006 826 1006 826 1006 808 1017 808 1017 807 1017 783 1008 782 1008 780 1008 778 1008 750 1017 740 1010 738 1010 736 1010 735 1010 676 1011 675 1011 654 1020 615 1012 614 1012 552 1023 554 1054"/></Shape>
            <String CONTENT="lus in Dei gloriam, vel etiam ſumma doctrina," HPOS="552" VPOS="993" WIDTH="867" HEIGHT="81" WC="0.9960952175988091"/>
          </TextLine>
          <TextLine ID="line_21" TAGREFS="LT8" BASELINE="555 1101 1419 1082" HPOS="555" VPOS="1044" WIDTH="864" HEIGHT="78">
            <Shape><Polygon POINTS="555 1101 555 1122 654 1120 656 1120 657 1120 657 1119 666 1112 710 1119 716 1119 716 1119 717 1119 720 1119 736 1110 765 1116 771 1118 771 1118 783 1116 846 1107 852 1112 854 1112 855 1112 856 1112 898 1106 918 1113 920 1113 920 1113 921 1113 922 1113 924 1113 938 1104 1017 1110 1036 1110 1038 1110 1052 1108 1095 1100 1281 1098 1294 1101 1308 1106 1308 1106 1310 1106 1311 1106 1320 1101 1329 1096 1336 1100 1344 1104 1346 1104 1346 1104 1347 1104 1354 1100 1364 1095 1371 1100 1376 1102 1376 1102 1377 1102 1378 1102 1419 1098 1419 1082 1418 1054 1386 1044 1384 1044 1383 1044 1382 1044 1354 1054 1316 1044 1314 1044 1314 1044 1256 1056 1215 1047 1215 1047 1214 1047 1148 1048 1092 1058 1074 1050 1074 1050 1072 1050 969 1062 884 1054 882 1054 882 1054 864 1060 852 1054 850 1054 850 1054 795 1058 794 1058 768 1066 628 1065 628 1065 555 1072 555 1101"/></Shape>
            <String CONTENT="quíque propterea ſunt commendabiles: qui ta¬" HPOS="555" VPOS="1044" WIDTH="864" HEIGHT="78" WC="0.9961170739597744"/>
          </TextLine>
          <TextLine ID="line_22" TAGREFS="LT8" BASELINE="555 1150 1414 1128" HPOS="554" VPOS="1092" WIDTH="861" HEIGHT="74">
            <Shape><Polygon POINTS="555 1150 555 1166 648 1161 688 1164 728 1166 728 1166 729 1166 730 1166 735 1162 741 1158 826 1156 838 1160 852 1162 854 1162 855 1162 882 1158 897 1155 930 1156 992 1160 993 1160 1064 1152 1098 1149 1110 1150 1142 1155 1143 1155 1144 1155 1168 1149 1172 1148 1174 1149 1185 1154 1186 1154 1188 1154 1227 1148 1239 1146 1256 1148 1323 1150 1324 1150 1413 1142 1414 1128 1412 1098 1308 1100 1274 1092 1272 1092 1270 1092 1270 1092 1258 1102 1242 1095 1240 1095 1240 1095 1239 1095 1218 1102 1174 1095 1173 1095 1172 1095 1154 1104 1152 1104 1098 1098 1098 1098 1035 1108 1030 1108 1029 1108 996 1100 994 1100 993 1100 900 1102 900 1102 860 1113 856 1113 844 1113 736 1110 735 1110 702 1116 678 1108 676 1108 675 1108 674 1108 646 1118 597 1114 596 1114 554 1120 555 1150"/></Shape>
            <String CONTENT="men ad munus eccleſiaſticum ſunt prorſus pro¬" HPOS="554" VPOS="1092" WIDTH="861" HEIGHT="74" WC="0.9995103928777906"/>
          </TextLine>
          <TextLine ID="line_23" TAGREFS="LT8" BASELINE="556 1198 1419 1178" HPOS="555" VPOS="1138" WIDTH="864" HEIGHT="81">
            <Shape><Polygon POINTS="556 1198 556 1220 622 1218 622 1218 624 1218 662 1209 734 1215 742 1215 744 1215 746 1215 746 1215 760 1206 788 1210 789 1210 933 1203 956 1209 960 1210 962 1210 962 1210 963 1210 969 1209 994 1203 1114 1206 1148 1206 1148 1206 1149 1206 1154 1204 1172 1196 1226 1196 1238 1203 1239 1203 1240 1203 1240 1203 1242 1203 1250 1203 1288 1194 1419 1197 1419 1178 1418 1149 1370 1138 1368 1138 1366 1138 1340 1149 1323 1143 1322 1143 1320 1143 1164 1154 1118 1144 1116 1144 1012 1148 962 1149 960 1149 958 1149 958 1150 948 1160 861 1161 831 1152 830 1152 828 1152 759 1154 758 1154 723 1164 662 1155 660 1155 660 1155 658 1155 644 1166 578 1162 576 1162 574 1162 555 1168 556 1198"/></Shape>
            <String CONTENT="pter alios defectus inepti, illiuſque incapaces. Et" HPOS="555" VPOS="1138" WIDTH="864" HEIGHT="81" WC="0.9908314756318635"/>
          </TextLine>
          <TextLine ID="line_24" TAGREFS="LT8" BASELINE="555 1246 1425 1227" HPOS="555" VPOS="1191" WIDTH="870" HEIGHT="69">
            <Shape><Polygon POINTS="555 1246 555 1260 1146 1252 1191 1245 1209 1242 1425 1239 1425 1227 1422 1191 1334 1191 1332 1191 1332 1191 1326 1194 1314 1200 1230 1197 1154 1194 1154 1194 1152 1194 1140 1200 1131 1203 1086 1202 1042 1198 1041 1198 1010 1203 986 1208 972 1204 946 1198 945 1198 944 1198 928 1206 922 1209 914 1206 888 1200 888 1200 886 1200 858 1206 772 1203 771 1203 771 1203 741 1212 740 1212 738 1212 711 1204 710 1204 710 1204 708 1204 706 1204 696 1214 694 1215 663 1215 660 1215 636 1206 634 1206 634 1206 633 1206 616 1215 555 1216 555 1246"/></Shape>
            <String CONTENT="certè qui ad huiuſmodi muner a alios commen¬" HPOS="555" VPOS="1191" WIDTH="870" HEIGHT="69" WC="0.9947768820656671"/>
          </TextLine>
          <TextLine ID="line_25" TAGREFS="LT8" BASELINE="555 1294 1420 1276" HPOS="555" VPOS="1239" WIDTH="866" HEIGHT="75">
            <Shape><Polygon POINTS="555 1294 555 1306 572 1314 573 1314 573 1314 752 1305 770 1310 771 1310 771 1310 772 1310 784 1304 789 1300 810 1304 838 1306 838 1306 862 1302 885 1299 906 1302 932 1306 932 1306 966 1300 993 1298 1004 1300 1012 1304 1014 1304 1016 1304 1030 1300 1053 1294 1101 1300 1122 1300 1122 1300 1124 1300 1131 1299 1150 1293 1156 1299 1158 1300 1160 1300 1160 1300 1161 1300 1162 1300 1166 1299 1185 1293 1218 1298 1224 1299 1226 1299 1227 1299 1227 1299 1227 1298 1234 1292 1368 1288 1419 1294 1420 1276 1418 1240 1358 1246 1335 1244 1314 1239 1312 1239 1311 1239 1310 1239 1302 1244 1294 1248 1284 1245 1270 1239 1270 1239 1269 1239 1242 1245 1239 1245 1233 1245 1174 1242 1173 1242 1172 1242 1161 1248 1156 1251 1132 1252 1126 1250 1118 1245 1116 1245 1116 1245 1114 1245 1100 1250 1090 1252 1072 1251 1036 1245 1035 1245 960 1252 880 1248 879 1248 878 1248 876 1248 876 1250 868 1257 866 1258 836 1258 717 1256 716 1256 716 1256 694 1262 672 1252 670 1252 669 1252 668 1252 666 1252 654 1263 578 1256 576 1256 574 1256 555 1264 555 1294"/></Shape>
            <String CONTENT="dant, hoc notent diligenter, quod ait hoc loco" HPOS="555" VPOS="1239" WIDTH="866" HEIGHT="75" WC="0.9923823683158212"/>
          </TextLine>
          <TextLine ID="line_26" TAGREFS="LT8" BASELINE="555 1344 1419 1324" HPOS="555" VPOS="1286" WIDTH="864" HEIGHT="78">
            <Shape><Polygon POINTS="555 1344 555 1364 621 1358 645 1364 654 1364 656 1364 657 1364 664 1362 678 1358 722 1360 748 1362 750 1362 752 1362 753 1362 754 1359 762 1354 792 1359 808 1360 808 1360 810 1360 812 1360 814 1358 825 1352 850 1358 858 1358 860 1358 861 1358 862 1358 864 1358 872 1350 897 1356 898 1356 900 1356 900 1356 902 1356 912 1350 978 1354 1008 1356 1010 1356 1011 1356 1017 1353 1030 1347 1092 1350 1110 1352 1112 1352 1251 1350 1252 1350 1258 1347 1270 1341 1305 1346 1318 1347 1320 1347 1340 1344 1386 1338 1418 1342 1419 1324 1416 1290 1366 1286 1365 1286 1364 1286 1352 1292 1342 1294 1304 1294 1296 1292 1282 1288 1282 1288 1281 1288 1258 1293 1240 1296 1156 1294 1119 1294 1118 1294 1116 1294 1116 1294 1114 1294 1107 1300 1083 1296 1064 1293 1062 1293 1046 1296 1024 1300 998 1298 980 1294 978 1294 976 1294 966 1298 944 1304 892 1299 867 1298 866 1298 864 1298 864 1298 861 1300 850 1308 808 1308 784 1300 780 1300 778 1300 777 1300 777 1300 776 1300 774 1300 770 1306 760 1300 759 1300 759 1300 758 1300 744 1302 656 1311 630 1304 628 1304 627 1304 626 1304 624 1304 622 1305 604 1312 555 1306 555 1344"/></Shape>
            <String CONTENT="Paulus, quódque Horatius Flaccus, quanquam" HPOS="555" VPOS="1286" WIDTH="864" HEIGHT="78" WC="0.9969827740691429"/>
          </TextLine>
          <TextLine ID="line_27" TAGREFS="LT8" BASELINE="558 1394 1124 1380" HPOS="556" VPOS="1342" WIDTH="567" HEIGHT="72">
            <Shape><Polygon POINTS="558 1394 558 1414 628 1406 666 1413 670 1413 672 1413 672 1413 674 1413 690 1406 783 1410 789 1410 789 1410 790 1410 822 1400 858 1400 867 1406 868 1406 870 1406 870 1406 872 1406 873 1406 878 1401 886 1407 888 1408 888 1408 890 1408 891 1408 918 1406 920 1406 920 1406 920 1406 930 1396 1122 1400 1124 1380 1122 1352 1072 1342 1071 1342 1024 1352 1018 1354 981 1354 980 1353 970 1346 970 1344 969 1344 969 1344 968 1344 920 1346 920 1346 918 1346 908 1353 904 1356 900 1353 886 1348 885 1348 884 1348 882 1348 870 1353 862 1358 789 1358 782 1354 771 1350 771 1350 770 1350 741 1354 710 1360 556 1358 558 1394"/></Shape>
            <String CONTENT="poëta prophanus, rectè monuit." HPOS="556" VPOS="1342" WIDTH="567" HEIGHT="72" WC="0.9980029128491879"/>
          </TextLine>
          <TextLine ID="line_28" TAGREFS="LT8" BASELINE="604 1438 1416 1420" HPOS="604" VPOS="1382" WIDTH="812" HEIGHT="80">
            <Shape><Polygon POINTS="604 1438 604 1461 698 1461 766 1446 876 1444 903 1452 904 1452 906 1452 906 1452 926 1444 950 1452 950 1452 951 1452 993 1444 1040 1450 1041 1450 1042 1450 1059 1443 1088 1452 1089 1452 1090 1452 1252 1437 1330 1446 1332 1446 1332 1446 1334 1446 1350 1436 1413 1444 1416 1420 1413 1388 1312 1382 1311 1382 1310 1382 1282 1390 1281 1390 1280 1390 1263 1383 1262 1383 1260 1383 1258 1383 1238 1392 1233 1394 1228 1392 1212 1384 1210 1384 1209 1384 1209 1384 1208 1384 1197 1394 1194 1395 1182 1394 1150 1388 1149 1388 1148 1388 1148 1388 1148 1388 1140 1394 1136 1396 1112 1395 1066 1392 1066 1392 1038 1396 1028 1400 1022 1398 994 1389 993 1389 993 1389 992 1389 958 1400 954 1401 920 1401 916 1400 908 1394 906 1394 906 1394 904 1394 903 1394 876 1401 873 1402 866 1402 800 1394 798 1394 796 1394 766 1406 765 1406 762 1406 696 1396 694 1396 693 1396 692 1396 680 1406 628 1398 628 1398 627 1398 604 1407 604 1438"/></Shape>
            <String CONTENT="Qualem cõmendes etiam atque etiam aſpice," HPOS="604" VPOS="1382" WIDTH="812" HEIGHT="80" WC="0.9793850495701745"/>
          </TextLine>
          <TextLine ID="line_29" TAGREFS="LT8" BASELINE="670 1486 849 1484" HPOS="669" VPOS="1452" WIDTH="180" HEIGHT="52">
            <Shape><Polygon POINTS="670 1486 670 1500 788 1504 789 1504 849 1492 849 1484 846 1454 694 1452 693 1452 692 1452 669 1458 670 1486"/></Shape>
            <String CONTENT="ne mox" HPOS="669" VPOS="1452" WIDTH="180" HEIGHT="52" WC="0.9999416172504425"/>
          </TextLine>
          <TextLine ID="line_30" TAGREFS="LT8" BASELINE="603 1536 1320 1518" HPOS="602" VPOS="1476" WIDTH="718" HEIGHT="81">
            <Shape><Polygon POINTS="603 1536 603 1552 616 1557 618 1557 620 1557 648 1551 666 1548 678 1550 696 1556 698 1556 698 1556 699 1556 724 1548 732 1548 740 1548 765 1554 766 1554 768 1554 783 1548 788 1546 790 1548 813 1552 814 1552 814 1552 816 1552 838 1545 850 1542 939 1540 944 1542 946 1546 948 1546 950 1546 950 1546 951 1546 969 1542 970 1542 978 1548 978 1548 980 1548 981 1548 981 1548 1050 1539 1056 1539 1066 1539 1222 1542 1224 1542 1226 1542 1252 1533 1320 1530 1320 1518 1314 1476 1299 1488 1269 1488 1252 1480 1252 1480 1251 1480 1250 1480 1248 1480 1238 1490 1209 1490 1180 1480 1174 1480 1173 1480 1172 1480 1160 1482 1108 1492 1054 1486 1030 1484 1029 1484 921 1486 920 1486 920 1486 920 1488 915 1491 909 1498 885 1498 844 1492 808 1490 808 1490 768 1497 736 1502 728 1498 718 1492 717 1492 716 1492 716 1492 704 1498 693 1503 687 1498 684 1497 684 1497 682 1497 681 1497 680 1497 672 1498 663 1503 658 1500 650 1494 648 1494 648 1494 646 1494 602 1502 603 1536"/></Shape>
            <String CONTENT="Incutiant aliena tibi peccata pudorem." HPOS="602" VPOS="1476" WIDTH="718" HEIGHT="81" WC="0.9983804210236198"/>
          </TextLine>
        </TextBlock>
        <TextBlock HPOS="556" VPOS="1540" WIDTH="868" HEIGHT="254" ID="block_5" TAGREFS="BT3408">
          <Shape><Polygon POINTS="1425 1540 1425 1794 556 1794 556 1540"/></Shape>
          <TextLine ID="line_31" TAGREFS="LT8" BASELINE="604 1584 1430 1566" HPOS="604" VPOS="1527" WIDTH="825" HEIGHT="75">
            <Shape><Polygon POINTS="604 1584 604 1602 1076 1587 1134 1587 1299 1590 1300 1590 1302 1590 1302 1590 1312 1582 1314 1582 1317 1582 1366 1588 1368 1588 1370 1588 1370 1588 1382 1581 1382 1580 1430 1580 1430 1566 1426 1538 1390 1536 1376 1527 1376 1527 1374 1527 1372 1527 1314 1528 1312 1528 1311 1528 1296 1539 1252 1540 1204 1532 1203 1532 1203 1532 1202 1532 1185 1542 1134 1542 1095 1533 1094 1533 1092 1533 988 1545 963 1536 962 1536 962 1536 960 1536 958 1536 948 1545 924 1536 922 1536 921 1536 920 1536 888 1548 842 1548 830 1542 828 1542 826 1542 826 1542 825 1542 824 1542 814 1550 778 1551 698 1551 672 1542 670 1542 669 1542 668 1542 644 1551 630 1542 628 1542 628 1542 627 1542 626 1542 604 1552 604 1584"/></Shape>
            <String CONTENT="Affert autem remedia aduerſus omnes ſupe¬" HPOS="604" VPOS="1527" WIDTH="825" HEIGHT="75" WC="0.9966303051971808"/>
          </TextLine>
          <TextLine ID="line_32" TAGREFS="LT8" BASELINE="556 1635 1437 1614" HPOS="555" VPOS="1572" WIDTH="882" HEIGHT="81">
            <Shape><Polygon POINTS="556 1635 556 1647 592 1653 592 1653 622 1647 642 1653 644 1653 645 1653 728 1644 729 1644 740 1652 740 1652 741 1652 742 1652 744 1652 764 1646 783 1650 783 1650 784 1650 786 1650 804 1642 807 1641 812 1641 849 1648 850 1648 891 1641 900 1640 912 1641 945 1644 946 1644 948 1644 960 1640 963 1638 968 1640 982 1646 984 1646 986 1646 1071 1636 1080 1636 1090 1636 1167 1641 1168 1641 1170 1641 1172 1641 1178 1635 1179 1634 1212 1635 1290 1638 1290 1638 1292 1638 1293 1638 1300 1634 1305 1629 1314 1632 1328 1636 1329 1636 1330 1636 1332 1636 1347 1632 1360 1629 1437 1629 1437 1614 1434 1572 1374 1574 1372 1574 1371 1574 1353 1582 1340 1575 1338 1575 1336 1575 1335 1575 1326 1576 1264 1586 1142 1582 1074 1581 1074 1581 1048 1586 1018 1592 998 1587 976 1584 975 1584 975 1584 962 1588 950 1592 926 1590 892 1586 891 1586 890 1586 888 1586 882 1592 874 1596 778 1598 768 1596 740 1590 738 1590 690 1598 678 1599 664 1599 585 1593 584 1593 582 1593 555 1600 556 1635"/></Shape>
            <String CONTENT="riores rationes, quibus impulſi eligentes peccare" HPOS="555" VPOS="1572" WIDTH="882" HEIGHT="81" WC="0.9991278210464789"/>
          </TextLine>
          <TextLine ID="line_33" TAGREFS="LT8" BASELINE="558 1684 1437 1662" HPOS="556" VPOS="1626" WIDTH="880" HEIGHT="76">
            <Shape><Polygon POINTS="558 1684 558 1702 658 1695 678 1700 680 1701 681 1701 682 1701 684 1701 686 1700 704 1692 732 1698 734 1698 734 1698 738 1698 777 1690 794 1696 798 1698 800 1698 801 1698 894 1695 894 1695 896 1695 896 1694 897 1694 903 1686 1107 1684 1122 1686 1142 1690 1142 1690 1143 1690 1156 1684 1172 1682 1218 1684 1269 1686 1270 1686 1270 1686 1282 1682 1292 1677 1341 1677 1347 1680 1353 1684 1354 1684 1356 1684 1358 1684 1437 1677 1437 1662 1434 1634 1340 1629 1340 1629 1282 1635 1242 1626 1240 1626 1240 1626 1239 1626 1208 1635 1173 1629 1172 1629 1172 1629 1170 1629 1158 1638 1048 1630 1047 1630 1046 1630 1044 1630 1028 1641 1026 1642 920 1644 920 1644 873 1635 872 1635 870 1635 870 1635 858 1647 832 1647 831 1647 808 1636 808 1636 807 1636 806 1636 788 1646 684 1641 684 1641 682 1641 681 1641 670 1648 568 1642 567 1642 567 1642 566 1642 556 1648 558 1684"/></Shape>
            <String CONTENT="ſolent. Primum igitur remedium primáque excu¬" HPOS="556" VPOS="1626" WIDTH="880" HEIGHT="76" WC="0.9973182730052782"/>
          </TextLine>
          <TextLine ID="line_34" TAGREFS="LT8" BASELINE="558 1732 1437 1712" HPOS="556" VPOS="1671" WIDTH="880" HEIGHT="80">
            <Shape><Polygon POINTS="558 1732 558 1743 597 1750 598 1750 598 1750 616 1743 618 1742 642 1742 742 1746 744 1746 789 1740 814 1737 820 1740 826 1744 828 1744 830 1744 831 1744 970 1742 1002 1737 1030 1732 1044 1737 1054 1740 1054 1740 1056 1740 1058 1740 1064 1737 1074 1731 1148 1736 1176 1737 1178 1737 1179 1737 1185 1734 1203 1728 1227 1732 1227 1732 1228 1732 1252 1726 1264 1732 1264 1734 1266 1734 1268 1734 1269 1734 1270 1734 1270 1734 1270 1732 1284 1725 1352 1725 1434 1731 1437 1712 1434 1682 1365 1682 1334 1671 1332 1671 1332 1671 1250 1684 1178 1676 1176 1676 1174 1676 1173 1676 1160 1686 1023 1678 1022 1678 1020 1678 1018 1678 999 1690 764 1696 744 1686 742 1686 712 1686 711 1686 662 1689 660 1689 660 1689 660 1690 650 1698 624 1689 622 1689 622 1689 621 1689 620 1689 604 1700 574 1690 573 1690 573 1690 572 1690 570 1690 556 1698 558 1732"/></Shape>
            <String CONTENT="ſatio iuſtiſsima, quæ contrà afferri debet eſt hæc," HPOS="556" VPOS="1671" WIDTH="880" HEIGHT="80" WC="0.9802587937850219"/>
          </TextLine>
          <TextLine ID="line_35" TAGREFS="LT8" BASELINE="562 1782 1431 1760" HPOS="561" VPOS="1719" WIDTH="870" HEIGHT="93">
            <Shape><Polygon POINTS="562 1782 564 1812 658 1802 692 1809 705 1812 706 1812 747 1810 748 1810 750 1810 753 1808 764 1800 812 1806 831 1808 832 1808 832 1808 834 1808 838 1806 846 1800 924 1803 958 1804 960 1804 962 1804 962 1804 962 1803 964 1802 972 1796 988 1802 993 1803 994 1803 996 1804 1044 1804 1044 1803 1062 1800 1107 1790 1196 1796 1197 1796 1197 1796 1214 1788 1234 1796 1236 1796 1238 1796 1239 1796 1264 1786 1276 1796 1282 1797 1282 1797 1284 1797 1286 1797 1302 1794 1344 1782 1402 1782 1430 1790 1431 1760 1430 1726 1382 1719 1380 1719 1298 1720 1296 1720 1296 1720 1282 1728 1282 1730 1269 1730 1202 1724 1200 1724 1198 1724 1185 1731 1182 1732 1172 1731 1142 1726 1140 1726 1092 1732 1078 1734 1076 1732 1066 1726 1066 1726 1065 1726 1064 1726 1017 1728 1016 1728 1014 1728 1005 1734 1005 1736 1000 1734 975 1730 975 1730 974 1730 952 1736 945 1738 908 1737 828 1734 826 1734 826 1734 808 1740 796 1742 789 1740 768 1734 766 1734 765 1734 765 1734 764 1734 753 1740 750 1743 724 1742 666 1737 666 1737 664 1737 663 1737 663 1738 657 1743 654 1746 628 1743 579 1740 578 1740 576 1740 561 1744 562 1782"/></Shape>
            <String CONTENT="Neminem Dei præceptis præponendum, &amp; idcir" HPOS="561" VPOS="1719" WIDTH="870" HEIGHT="93" WC="0.9882563352584839"/>
          </TextLine>
        </TextBlock>
        <TextBlock HPOS="1372" VPOS="1784" WIDTH="51" HEIGHT="39" ID="block_6" TAGREFS="BT17">
          <Shape><Polygon POINTS="1424 1784 1424 1822 1372 1822 1372 1784"/></Shape>
          <TextLine ID="line_36" TAGREFS="LT8" BASELINE="1371 1808 1425 1810" HPOS="1370" VPOS="1778" WIDTH="56" HEIGHT="76">
            <Shape><Polygon POINTS="1371 1808 1370 1852 1420 1854 1425 1810 1425 1778 1371 1778 1371 1808"/></Shape>
            <String CONTENT="co" HPOS="1370" VPOS="1778" WIDTH="56" HEIGHT="76" WC="0.9999643564224243"/>
          </TextLine>
        </TextBlock>
      </PrintSpace>
    </Page>
  </Layout>
</alto>
