1500 2172
578 147 108 32 480

714 124 578 54 AD I. TAVL. AV TIM.

567 166 864 74 piſtici ſacrificuli habent: tamen ex conſenſu po¬

568 220 862 69 puli habẽt aliquam. Eſt autem aliud, vt ait Augu¬

567 270 864 66 ſti lib.2. contra epiſtolã Parmeni. cap. 13 aliquid

567 318 858 64 prorſus non habere: aliud autem aliquid perni¬

567 364 862 62 cioſè habere: aliud aliquid ſalubriter habere.

567 414 862 66 Quod tertium ſolum eligendum nobis eſt. Sed

566 465 864 62 tamen vti magiſtratus vitio creatus, Magiſtratus

566 516 861 62 tamen eſt propter populi conſenſum, quẽadmo¬

566 562 862 58 dum.lib 5.de lingua latina docet Varro: ita iſti ſa¬

564 610 866 62 crifici etſi vitio creati ſũt epiſcopi & presbyteri,

566 670 860 45 Vt, παρελιςλομοι potlus, quain ἐπιςλοuοι ſint meritò

562 710 868 60 appellandi, tamen quadamtenus presbyteri ſunt

562 759 866 68 & Epiſcopi, præſertim apud eum populum, qui

561 810 286 54 in eo conſenſit.

570 850 852 62 Cęterum obiter monendi ſunt lectores, quoſ¬

560 902 867 54 dam referre totum hunc Pauli locum, vbi de non

558 950 868 68 imponendis citò manibus agitur, ad recõciliatio¬

556 998 868 68 nes publicas lapſorum, quę fieri ſolitæ ſunt in ec¬

558 1048 867 64 cleſia per impoſitionem manũ quemadm. ex Cy¬

560 1096 866 66 priano lib.1.epiſt.14. facilè colligi poteſt, & ex ve

561 1146 861 60 terum ſcriptis & canonibus Synodorum. Sed ta¬

560 1194 867 64 men aptius videtur, ſi referamus hunc locum ad

560 1240 866 60 electiones eccleſiaſticarum functionum: impri¬

558 1288 867 62 mis autem Paſtorum. Illæ enim reconciliationes

556 1336 868 60 lapſorum veluti idolis ſacrificãtitũ, & libelario¬

558 1384 866 69 rum, qui dicebãtur, quæ per manuum impoſitio¬

556 1437 866 60 nem fiebãt, videntur demũ poſt obitum & tem¬

560 1484 856 64 pora Apoſtolorum notæ & vſitatæ fuiſſe ea for¬

558 1533 867 60 ma in eccleſia, quã refert Cyprianus: vti & multæ

556 1582 866 64 aliæ ceremoniæ poſt Apoſtolos in eccleſiã ſunt

556 1632 411 68 inductæ, & obſeruatæ.

614 1725 810 84 23 Ne amplius eſto abſtemius: ſed vino

1270 1791 150 63 pauculo
