1500 2172
568 158 102 39 279

723 134 582 57 AD f. PAVL. AD TIM.

567 184 872 68 pars cultus Dei cenſeatur poſita: nec quod addit

567 240 872 64 Paulus, eos nobis à Deo conceſſos eſſe, aliter in¬

564 290 878 62 telligendum eſt, quàm vt ijs, conſeruata mode¬

561 339 876 62 ratione & temperantia Euangelica & Chriſtiana,

567 388 870 60 vtamur. Cauendum enim eſt, ne crapula & cibis

566 435 868 64 grauentur corda noſtra, vt docet Chriſtus ipſe

564 486 873 63 Luc.21.verſ.34. Sic hune locum explicat quoque

564 537 874 60 Auguſt. lib. contra Adimantum Manich. cap. 14.

561 585 876 60 Et aliud eſt prohibere cibos, aliud autem intem¬

564 633 876 62 perantiorem eorum vſum damnare, quod etiam

561 678 508 62 nos facimus ex Dei verbo.

612 726 825 60 Sed neque ieiunia quoque tolluntur & abro¬

561 777 876 60 gantur, quorum vſus frequens fuit in Eccleſia

561 826 876 58 Dei, atque vtinam inter nos eſſet frequentior &

555 873 880 62 religioſior eorum obſeruatio, cùm ab Eccleſia

555 920 879 57 ex iuſtis cauſis publicè indicuntur. Aliud enim

555 969 879 60 eſt cibos ex ſuperſtitioſa opinione damnare, & in

555 1018 879 62 eorum delectu & vſu regnũ Dei collocare, quod

555 1066 876 62 facere vetat Paulus & hîc & Rom. 14. verſ.17. a¬

555 1116 882 54 liud autem ijs ad tempus abſtinere tantùm ad cõ¬

555 1162 885 66 puibendam carnis laſciuiam, quæ nimio paſtu,

555 1215 874 58 tanquam ferox equus, ſuperbit, & furit. Itaque ie¬

555 1264 876 58 iunia non damnantur hoc loco à Paulo. Sic Au¬

555 1310 873 66 guſt aduerſus Manichæos lib.6. contra Fauſtum

554 1364 872 58 cap.8, & 3o, cap.5. Sic Bernar. ſermo. 66. in Cant.

555 1410 874 62 qui planè cum hoc loco conuenit, & huius loci

558 1460 496 60 Pauli interpres eſt optimus.

602 1502 830 64 Hanc autem eſſe hæreſin, & diabolicã doctri¬

549 1552 874 63 nam varijs argumentis & rationibus probat Pau¬

550 1602 878 63 lus: ſed imprimis à fine, propter quem cibi à Deo

549 1652 878 63 creati ſunt. Duplex quidem erroris genus hîc à

550 1702 874 56 Paulo propoſitum eſt, vnum de cibis: alterum de

549 1750 874 76 coniugio:tamen hoc primum ſolum perſequitur,

1236 1798 189 68 & refutat
