1500 2172
524 146 99 34 405

694 116 573 56 AD I. AAVLIADI TIM.

526 162 868 74 quem nobiſcum circumferimus: & ſiquidem illa

530 218 860 66 bona eſt, bonus eſt & ſuauis gratúſque ille odor,

530 267 864 66 quem emittimus: ſin verò illa eſt mala, eſt etiam

531 315 864 69 odor à nobis effluens malus, & malè olens qui a¬

532 363 862 62 lios, cum quibus verſamur, offendit. Itaque iubet

532 412 862 66 Paulus, vt quæcunque ſunt ἔυφημα.ι. bonum nomẽ

532 464 862 60 bonis conciliant, & cogitemus & procuremus.

536 507 862 69 Philip. 4. verſ. 8. Id quod etiam Heſiod. lib1.

532 555 862 68 ἐργ. καἰ ημές. præclariſsimè verſibus monet. Ἀύξνσιν

532 608 864 64 ſuperiorem ſequitur ἐξηγησις. Aliquot enim exem

538 657 862 66 plis, & generibus actionum explicat atque illu¬

537 705 864 64 ſtrat quod generaliter antea dixerat Paul. Affert

537 756 864 60 autem quatuor eorum bonorum operũ ſpecies,

537 801 864 66 quæ maximè futuro muneri & allegẽdæ diaconiſ

537 850 868 66 ſę quadrant atque conueniunt. Cùm enim paupe¬

536 903 866 60 rum cura ilircommittendant, quę res & Miſeri¬

536 946 866 66 cordem animum, & diligentem atque etiam de

536 994 866 66 miſſum requirit, ea bona opera cõmemorat Pau

536 1048 866 62 nus, ex quibus fuiunnour amius facilè argui &

537 1092 501 64 deprehendi in nobis poteſt.

584 1142 818 68 Diligentiæ ſignum erit, ſi liberos proprios ſtu¬

538 1190 782 68 dioſè, & diligenter ipſa educauit & curauit.

586 1245 814 48 Minicriturs te hamanus mui deprehendetur

537 1282 795 64 animus, ſi hoſpitalis fuit, & afflictis ſubuenit.

585 1332 814 66 Demiſsus autẽ illius animus, ſi ſanctorum pe¬

543 1384 522 63 des lauare non eſt dedignata.

586 1425 808 72 Denique pietas & probitas eius intelligetur,

540 1476 861 66 ſi quodlibet opus bonum aſsiduè & ſtudioſè cõ¬

538 1526 706 66 ſectata eſt. Hæc eſt breuitęr mens Pauli.

586 1572 818 70 Quod ſi hæc tam diligenter in iis, qui ad mi¬

537 1622 866 68 nora eccleſiæ munera vocantur obſeruari vult

537 1671 866 66 Paulus, id eſt, Dei ſpiritus, & ab illis requirit has

542 1722 862 100 virtures, quid ſentiendum ſtatuendúmque nobis

1336 1768 68 88 eſt
