1500 2172
582 177 872 69 de voto non nubendi ſumunt, quaſi ab ijs inter¬

579 231 878 66 poni huiuſmodi votũ ſolitum fuerit, cùm eligebã¬

579 284 874 63 tur: quod nullo certè ſcripturæ loco probari po¬

579 330 874 63 teſt. Alij de fide Chriſto in Baptiſmo data:alij de

578 382 876 62 munere Diaconatus acceptato, quod diligenter

579 429 873 63 ſe præſtaturas eſſe, in eóque perſeueraturas polli¬

579 480 874 60 cebantur. Quod poſtea cùm nubendi pruritu &

579 528 874 51 libidine deſerunt, fidem à ſe datam violant, ac

574 578 876 63 frangunt. Sed ea ſententia magis placet arg. verſ.

574 627 878 62 15.infrà, quæ fidem primam refert ad eam pro¬

579 674 874 60 miſſionem, quæ primum fit à Chriſto nobis in

576 722 876 63 Baptiſmo, quam reiicere dicuntur, quæ à fide

579 768 872 66 Chriſti & profeſsione Euangelij poſtea deficiũt,

574 816 876 64 & ad Gentiliſmum, vel priorem idololatriam

573 868 879 60 reuertuntur. Sic Athanaſ.explicat lib.6. de Tri¬

574 916 878 58 nit. Hierony. in præfat. ad Tit. Vincentius Lyrĩ¬

573 968 878 60 nenſis, & eſt ſimilis locus Apocalypſ.2.v.3. Veritæ

578 1017 880 54 enim probrum inter Chriſtianos propter eam a¬

572 1062 880 62 nimi ſui leuitatem malunt prorſus à Chriſto de¬

572 1119 879 48 ſciſcere, quam huſuimodi contumelias audire &

573 1162 878 58 pati. Nicolao, de quo eſt in Actis Diacono id ſanè

572 1209 879 62 accidiſſe narratur, qui ne opinionem leuitatis &

568 1258 884 54 temeritatis inter Chriſtianos ſubiret, maluit cõ¬

570 1308 878 66 dere nouam hæreſin, nouum ſibi cœtum collige¬

572 1358 507 51 re, & ab Eccleſia diſcedere.

582 110 84 86 426

753 129 561 56 AD I. PAVL. AD TIM.

622 1406 826 58 Quæ autem hîc narrat Paulus, rerum ipſarum

572 1452 878 62 experientia edoctus didicerat, quemadmodum

572 1498 248 63 ipſe teſtatur.

628 1545 824 86 13 Simul autem etiam otioſæ diſcunt

567 1617 890 74 circumire domos: imo non ſolùm otioſæ, ſed

568 1674 882 82 etiam nugaces & curioſæ, garrientes quæ nõ

573 1736 172 74 oportet.

1317 1792 135 68 Alters
