1500 2172
831 132 70 81 452

346 165 261 38 CAPVT V.

39 188 861 78 cleſia Chriſti receſſerũt, vti Nouatiani & Dona

39 246 864 68 tiſtæ. Reſp.igitur cauſſam ipſam ſeceſſionis ſpe¬

40 294 858 63 ctandam eſſe. Nam ſi quis idcircò deflectit à fi¬

42 344 860 68 de, quòd iugum Chriſti ferre nolit, diſcedat. Sin

39 393 864 69 autem quod tyrannidis pręter Chriſti legem

42 441 861 69 iugum ſibi impoſitum ferre non poteſt & recu¬

40 488 861 69 ſat, certè illud iugum tollendum eſt, & demen¬

42 537 861 68 dum. Neque enim quiſquam iugum Chriſti du¬

40 586 866 64 rum ſentiet, niſi qui omnino ſceleratus & im¬

44 634 862 68 pius eſſe volet. Ergo quædam nimio iſto rigore

42 699 864 51 cœlibatus ſam offenſæ diſceſſerãt atque deflexe¬

39 732 866 69 rant à fide, & ad Satanam reuerſæ erant, abiurata

36 780 531 70 nimirum Euangelij doctrina.

98 890 804 63 10 Quod ſi quis fidelis aut ſi qua fidelis

38 939 862 66 habet viduas, eis ſubuenito, & non onerator

39 993 864 87 Eccleſia, vt iis qua verè viduæ ſant ſubue¬

39 1060 130 63 niat.

86 1113 813 70 Concluſio eſt totius ſuperioris diſputationis

39 1168 864 64 de viduis pauperibus, quæ quidem ſunt fideles.

40 1234 862 42 Continee aucein mne loeuo eclai cauonem illi

38 1266 864 64 primo ſi millimum, qui ſup. verſ.4. explicatus eſt.

36 1314 866 63 Eſt autem hic canon ſextus numero, Quiſque fi¬

36 1364 864 63 delis ſuas viduas alito: Illis, quę à cognatis ali &

36 1413 864 62 exhiberi poſſunt, eccleſia ne grauator, vt aliis

36 1458 866 64 omni auxilio deſtitutis ſubuenire & ſuppeditare

36 1506 369 63 poſſit quod ſatis eſt.

86 1554 818 60 Primum quoad verba, Eraſmus cenſet hæc à

36 1604 864 63 σςὴ à ſtudioſo aliquo qui mentem Pauli ple¬

36 1653 860 64 nius explicare gloſſemate voluit, fuiſſe addita

39 1701 858 68 Vult igitur hunc locum ſic reſtituendum eſſe

30 1750 867 75 ὐτις πσὸς ἰχει χόρας. Sed perinde eſt. Nam etiam
