1500 2172
534 162 84 36 165

710 140 555 60 AD I. PAVL. AD TIM.

530 184 868 74 prohibiti ſunt ex mala interpretatione huius lo¬

530 242 870 64 ci. Nã nec ſecundæ nuptiæ, nec tertiæ peccatum

530 290 868 68 habent, ſi caſtè ſeruent Auguſtinus in lib. De fi¬

530 340 868 64 de ad Petr. quanquam Bernar ſermo. 58 Cant.

530 392 867 62 damnat exemplo turturis numeroſitatem nu¬

528 448 872 54 peraruiloudumomumeu laperſtitione, vti eam

531 486 868 64 quoque Tertullianus damnauit ex Montaniſtarũ

531 546 147 46 errore.

578 579 822 68 Denique vxorem vnam dixit Paulus. Quid ſi

532 634 866 60 quis vxori vni quidem legitimè ductæ ſoperin¬

531 682 868 56 ducit concubinam, Vtrum is paſtor & Epiſcopus

530 732 868 60 eligi poteſt? Eſt enim hæc concubina & pellex,

530 778 868 60 non vxor. Reſpond. Tergiuerſationem eſſe. Nam

530 830 870 58 plana eſt Pauli ſententia, per quam omnem in eo

531 876 868 62 qui Epiſcopus eſt futurus, turpis & obſcœnæ li¬

532 926 868 58 bidinis notam damnat, ne propterea malè audiat

530 974 870 60 Dei verbum, aut ipſe ſit offendiculo cuiquam:

530 1022 872 60 Itaque qui pellicem cum vxore habet in conſor¬

530 1070 870 64 tio, eſt adulter, & prohibetur eligi & hîc & can:

530 1120 870 57 Apoſtolorum 17. Aurelia. concilio cap. 4. Aga¬

530 1168 872 68 thenſi cap.55. & eſt in canon. I. diſtinct.33. & tota

531 1216 208 63 diſtinct.34.

579 1258 820 69 Si excipiatur ſeparatam eſſe Euangelij doctri¬

530 1314 872 62 nam à vitiis Miniſtrorum, qui eam annuntiãt, nec

531 1364 870 62 eam, quæ per ſe pura eſt, illorum ſordibus pollui

531 1412 868 63 poſſe. Reſpond. Per ſe quidem illud verum eſſe:

532 1462 868 58 opinione tamen hominum non item. Putant e¬

530 1509 872 57 nim homines Miniſtrorum vitijs tanquam attre¬

530 1556 870 60 ctatione quadam doctrinam illam cœleſtẽ pol¬

530 1604 872 62 lui. Itaque illa minus & lubenter & reuerenter iã

530 1653 872 57 auditurs cùm huiuſmodi quædam perſonæ fœdæ

531 1704 870 64 & turpes in diuinum miniſterium aſciſcuntur, &

531 1749 210 88 alleguntur.

1280 1796 124 84 Vonio
