1500 2172
878 130 62 69 544

368 147 261 36 CAPVT V.

82 176 861 75 ratio, Item oleum chirothecæ & ſimiles quædã

81 232 860 68 nugæ planè ſuperſtitioſæ & pueriles. Quæ ſunt

81 280 862 66 omnia reiicienda. Nam dum formoſam eccleſiã

78 327 860 69 illiúſque dignitates ſpecioſas repręſentare nobis

80 376 858 62 conãtur, meretricios illã cultus inducũt: & ex ca¬

74 422 862 72 ſta & Chriſti ſponſa verum ſcortum & fœtidum

74 472 862 70 effecerunt. Poſtremo circa annum 7ooà Chriſto

74 522 864 66 paſſo in Italicis & occidentalibus eccleſiis reli¬

74 573 864 64 qui epiſcopi ceperunt confirmationem ſuæ digni

70 618 866 72 tatis petere à Roma. epiſcopo. Vide quæ Iſych.

66 668 868 66 ſcribit. lib.6.in cap.21. & 22.Leuitic. Ex his autem

68 718 867 70 omnibus apparet quàm nulla ſit, vel non legiti¬

63 768 867 60 ma eorum verbi Dei Miniſtrorum, vel eccleſiæ

62 813 868 69 paſtorum Vocatio, qui ſolius regis, vel reginæ:

62 861 866 69 vel patroni, vel epiſcopi, vel Archiepiſcopi auto¬

60 912 867 63 ritate, diplomate bullis, iuſſu, & iudicio fit vel e¬

56 957 867 72 ligitur. Id quod dolendum eſt adhuc fieri in iis

56 1006 867 70 eccleſiis, quæ tamen purum Dei verbum habent

56 1056 867 70 & lequuntur, veluti in media Anglia. Nam An¬

56 1108 864 63 glos homines alioqui ſapiẽtiſsimos, acutiſsimos,

51 1154 868 63 & pientiſsimos in iſtis tamen Papiſticæ idolola¬

50 1203 867 68 triæ & tyrannidis reliquiis agnoſcendis & tollen

50 1252 870 64 dis, ſcientes. prudentéſque cæcutire, mirũ eſt. Ita¬

52 1300 864 70 que præclarè ſentiunt, qui omnem illam chartula

50 1352 864 68 riam & epiſcopaticam curionum, & paſtorum ec

45 1395 868 72 cleſiæ creãdorũ rationem itẽ ex ſolo epiſcopi cõ

42 1443 872 72 ſenſu & diplomate miniſtrorum verbi cęleſtis vo

42 1496 872 68 çationem, approbationem, & inaugurationem

38 1542 882 68 damnãt, tollendámq; ex reformata ad Dei verbũ

38 1592 874 68 eccleſia cenſent: quòd ordo Dei verbo præſcri¬

36 1640 872 69 ptus in ordinatione huiuſmodi perſonarum ſit

36 1689 867 70 prætermiſſus, ac violatus ſicut i perſpicuè appa¬

32 1737 874 87 reat. Denique & Senatui eccleſiaſtico & Populo
