1500 2172
540 141 99 36 310.

698 120 566 52 AD I. PAVL. AD TIM.

534 164 856 64 propterea quod ſi qua in re iuſtos limites præ¬

530 222 861 58 tergrediuntur homines, in vna hac cumulandarũ

530 267 860 62 diuitiarum cura nullam moderationem ſeruant.

528 310 861 68 Hæc autem eſt admonitionis ſumma, vt quia hęc

530 363 860 64 terrena & externa bona neque naſcentes inſeri¬

526 410 861 66 mus: neque efferimus aſportamúſque nobiſcum

525 456 861 68 morientes: ſed habemus tantùm in hoc mundo

524 504 861 69 ad victus veſtitúſque ſubſidium, ipſo eorum vſu

524 564 861 57 contenti ſimus, neque plus in ijs quærendis fati¬

525 603 858 69 gemur, quàm victus veſtitúſque noſtri modera¬

525 652 500 63 ta ratio poſtulat & requirit.

574 698 807 72 Vtitur autem Paulus argumento duplici:quo¬

518 750 862 64 rum alterum ducitur ab abſurdo, alterum à Fine

513 801 866 64 iſtorum bonorum. Ab abſurdo. Quòd abſurdũ

514 844 862 69 eſt in ijs comparandis fatigari, quæ neque reten¬

513 896 864 66 turi, neque nobiſcum exportaturi ſumus, cùm ex

512 939 564 66 hoc mundo & vita decedemus.

558 993 836 66 A fine, quòd omninum bonorum, quæ terre¬

507 1038 866 70 na ſunt, largiendorum vna hæc cauſa fuit, vt vi¬

510 1088 860 68 ctus veſtituſque nobis ex ijs ſuppeditaretur atq;

508 1136 855 64 paratus eſſet. Itaque præter victum & veſtitum,

506 1182 862 75 id eſt, ipſum vſum, habere & aufferre ex ijs nihil

507 1230 196 62 poſſumus.

552 1275 814 74 Primum autem ſuum argumentum confirmat

501 1329 862 69 Paulus à comparatis, Sic morimur, quemadmo¬

500 1377 861 64 dum naſcimur. At bona terrena in hunc mundũ

500 1425 858 68 non inferimusnaſcentes: ergo nec efferimus mo¬

495 1472 862 70 riẽtes. Similis n.eſt ratio & conditio naſcendi at¬

496 1522 860 64 que moriendi. Nudi naſcimur & ex vtero prodi¬

492 1568 866 68 mus: ita nudi illíſque bonis omnibus terrenis va¬

489 1617 866 69 cui morimur, & in communis matris, id eſt, terræ

488 1665 864 69 aluum & gremium redimus & cõdimur. Similis

483 1714 867 87 locus Iob.1.va1.Eccleſ. cap.5.v.15. vbi vis huius ar

1172 1774 174 87 gumenti
