1500 2172
346 150 264 36 CARVT V.

890 123 52 62 476

87 171 866 81 puerint, vt ſint de populo reliqui ad iniuriam, &

88 228 864 68 peccandum tardiores. Sed etiam olim reliquis

87 273 868 74 Eccleſijs ſignificabantur ij, qui ob ſcelus erant

88 324 864 72 depoſiti, vtex concilio Carthaginenſi 1. & 2.

88 372 864 75 apparet, & ex Cypria. Atque has literas formatas

90 417 864 78 appellabant. Certè Presbyter Flauianus Epiſco¬

92 465 864 75 pum ſuum publicè reprehendit, quòd in Chri¬

88 518 868 66 ſtiana religione veram fidem ſimularet, vt ait

96 562 861 75 Theod.lib.5.cap.3. & idem lib. 5.cap.28. Laudat

90 612 868 75 Chryſoſtom. quod ſuos Presbyteros libere, tum

88 662 870 74 moneret, tum publicis cenſuris caſtigaret. Vt

87 712 870 74 autẽ malè agentes Presbyteri ſunt ſemper repre¬

90 758 872 75 hendendi: ita bene agentes ſunt & cohortandi

88 802 874 80 & laudandi, vti Epiſcopi Ægyptij Athanaſium

90 852 868 80 exulẽ propter fidem aliis Eccleſiis commenda¬

90 904 826 76 runt, vt apparet ex Tripar. hiſtor. lib. 4.cap.19.

134 950 828 75 Plato annotat tria eſſe ſupplicii, per quod cri¬

92 1005 870 72 men punitur, genera κόλασην, τμιν, οράδεγμα. κό¬

92 1050 873 70 λασις eſt in ipſius delinquentis corpore & ſenſu

92 1096 870 75 inflicta pœna, vti ictus fuſtium, abſciſſio auricu¬

92 1146 870 75 læ. Tiuὴ pœna ea, quæ ob publicã tranquillitatẽ

92 1194 870 76 violatam impoſita eſt, qualis eſt infamia, exiliũ,

92 1244 873 75 multa pecuniaria. Neutra caſtigatio pertinet ad

92 1288 873 80 Eccleſiam: ſed ad magiſtratũ quanquam ab Eu¬

94 1338 870 76 genio primo conſtitutum eſt, vt liceret Epiſco¬

96 1392 864 69 pio luos Presbyteros criminis conuictos carce¬

92 1437 868 74 re multare, qui certè fuit manifeſtus poteſtatis a¬

98 1486 870 74 buſus. Παράδ'ειγμα eſt pœna, quæ cæterorum eru¬

96 1533 870 75 diendorum vel terrendorum cauſa publicè con¬

98 1580 866 74 ſtituta eſt, atque hæc ab Eccleſia imponi poteſt.

105 1630 860 81 Verbũ inde eſt οραδειγεόζεθς, quo vtitur Mat.1

150 1726 812 98 1 Quod eſt Matth.18. verſ15. Mitius repre¬

146 1684 586 70 Duo verò poſſe obiici videntur.
