1500 2172
404 147 256 30 CAFVTV.

882 117 75 74 368

92 170 868 64 tus ædificationem à Chriſto conceſſa & relicta:

92 225 870 64 non ſolum autem præpoſitorum ipſorum gratiâ

92 274 867 58 aut ratione eſt. Atque noſtra hæc ſententia,

98 321 864 62 cui multi obſiſtunt, planè eſt confirmanda, ſcili¬

94 369 867 62 cet ad ſolos Eccleſiæ præpoſitos eius iuris & po¬

94 434 867 46 cortutin cacreitiuin pertieremon autem ad ſin¬

98 470 861 60 gulos de cœtu & populo Eccleſiæ. Probatur au¬

94 518 429 56 tem his ferè rationibus.

141 562 820 60 Primùm authoritate verbi Dei Actor.11.V.15.

93 614 872 58 21.& 22.Petrus & Paulus coram Apoſtolis & prę¬

94 662 873 64 poſitis rationem reddunt ſui facti, non coram v¬

93 711 876 60 no quodam Epiſcopo: quanquam, ſi quibuſdam

93 758 876 63 credimus, iã erat Iocobus frater Domini Hiero¬

94 806 874 64 ſolymorum Epiſcopus. Non etiam ſinguli de Ec¬

94 856 873 62 cleſia in ſuffragia mittuntur. Sed coram præpoſi¬

96 902 872 66 tis Eccleſiæ, qui Eccleſia vocantur, ea tota diſpu¬

98 954 867 62 tatio diſceptatur. Petrus ipſe priore Epiſto¬

98 1002 872 62 la cap.5.V.5. negat ſe vllum in cœtum Domini

98 1054 872 60 habere principatum. Iudæorum mores tempore

99 1098 870 62 Chriſti multa quidem in doctrina corrupta ha¬

98 1146 872 58 bebant: tamen veteris diſciplinæ & à Deo inſti¬

98 1197 870 62 tutæ veſtigia retinebantur. Itaque cùm Chriſtus

98 1244 872 60 ipſe ſuæ vitæ & doctrinæ rationem redditurus ſi¬

96 1294 874 62 ſtitur, conuocantur Scribæ, Phariſæi, principes

98 1341 874 63 Sacerdotum, id eſt, præpoſiti Eccleſiæ, totúmque

98 1392 874 56 ſynedrion: non autem ſolus ſummus Pontifex ſi¬

100 1437 868 58 bi de Chriſto ſumit iudicium. Non item iudicant

99 1484 870 64 ſinguli de populo, ſed præfecti Eccleſiæ dunta¬

100 1536 868 58 xat. Denique Chriſtus nos iubet ad plures: non

102 1581 870 68 ad vnum tantùm aliquem referre, ſi qui nos of¬

104 1635 868 58 fenderunt nobis ſponte nõ reconciliantur Matt,

106 1683 554 64 18.verſ.16.1. Timoth.5.verſ.19.

158 1726 819 88 Secundùm: ratione. Eſt morum coercitio &

718 1778 90 90 d.iij
