1500 2172
866 105 72 93 566

324 148 272 39 CAPAT. V.

76 176 867 72 tit & exper itur. Itaque qui carnis eſu ſe prorita¬

80 231 864 64 ri vident, carne abſtinere debent. Qui verò pi¬

80 279 864 66 ſcium eſitatione ſe laſciuiores fieri ſentiunt (eſt

80 327 864 64 enim cibi genus delicatiſſimum, vt teſtatur in

82 375 861 63 Sympoſſac. Plutarchus piſcium eſus) piſcibus ab¬

80 423 861 62 ſtinebunt. Qui vino ſe libidinoſiores effici com¬

81 474 862 64 perient, vinum ne bibant, quia quo maximè ca¬

78 524 866 63 ro noſtra proritatur, illud eſt ſubtrahendum, quẽ¬

76 573 866 62 admodum ferocienti equo nimium pabulũ (quẽ¬

78 620 866 63 admodum in lib. de Arte equeſtri tradit Xeno¬

80 672 864 56 phon) eſt ſubducendum, vt contundatur, & do¬

74 718 870 63 metur facilius. Qui verò eſu leguminum ſe ad

74 766 870 60 peccandum magis incitari ſentiunt, leguminibus

74 818 868 57 potius quàm carne debent abſtinere: quia fon¬

72 862 866 64 tes & incentiuum peccati eſt tollendum, non

72 909 867 64 illud, quod libidinem in nobis non accendit. Irẽ

75 962 862 63 quorum ciborum eſu maximè offenduntur infir¬

68 1006 872 68 mi adhuc fratres, quibuſcum verſamur, illis eſt

74 1058 866 64 abſtinendum, non eſt autem par ratio in alijs ci¬

69 1104 868 68 bis Fieret enim temerè & ſine cauſa. Neque verò

68 1155 872 66 hîc nobis vel Nazaræorum votum, de quo eſt

68 1203 870 68 Numeror. 6. quiſquam in vſum & præceptum

64 1256 873 62 reuocet. Fuit enim illud cæremoniale, & iam per

69 1300 868 64 Chriſtum implementum atque finem habuit. I¬

68 1350 870 64 taque deſijt eſſe in vſu. Neque etiam quiſquam

64 1400 874 64 regerat, reponátque vetus illud diſcrimen ci¬

72 1449 864 60 borum, quod in lege ſua cæremoniali Dominus

64 1497 872 62 inſtituit Deuter. 14. Leuitic. 11. quia illud eriam

64 1544 873 64 fuit planè cæremoniale. Vnde Apoſtoli ipſi de

66 1596 870 57 vſu ciborum interrogati minimè illud inter ho¬

68 1641 868 64 mines retinuerunt in concilio Hieroſolymitano

63 1690 873 68 Actor. 15. Quin etiam illud ciborum diſcrimen

62 1740 870 84 ſæpe Paulus oppugnat, imprimis autem in Epi¬
