1500 2172
894 132 62 81 500

381 159 198 27 CARVT.

585 159 57 30 V.

86 178 870 81 reuereri: ſed in pręſentia principũ tanquam mor

86 237 867 74 tuos apparere, cùm veſtra ipſi alacritate permoti

88 280 864 80 veſtris intereſſe ſolenniis delectentur. Angelos i¬

86 330 867 76 gitur inuiſibiles cum piis verſari ſcribit. Itaque

86 375 866 84 Chriſtus ipſe venturus dicitur cum Angelis illis

86 424 866 84 beatis Luc.9. verſ.26. Iudæ. verſ.14 Et ipſi gaudẽt

82 477 862 78 ſi quis peccator ad Deum cõuertatur. Luc.15.ver.

81 525 868 80 1o. quia id ſciũt, cùm cura piorum quibuſdam ſit

80 578 870 72 commiſſa. Quod idem de ſanctis & in cœlum re¬

80 622 870 76 ceptis hominibus dici nõ poteſt. Nam idem mu¬

78 674 866 74 nus non eſt illis à Deo impoſitum & demandatũ,

80 722 866 75 vt nos in viis noſtris cõſeruent. Quod tamen eſt à

74 771 872 75 Deo Bonis angelis præceptum. pl. 91. Denique

74 824 870 70 Paulus in ti Gormtmnin rerl.lo.& Epuel.3.ver.1o.

74 864 870 80 prȩſentes & ſpectatores eos intereſſe cœtibus ec

70 912 870 78 cleſiaſticis docet & aſſerit. Propter quos etiam

68 960 870 81 ait honeſtum eſſe & decorum, vt fœ minæ Chri¬

70 1010 788 76 ſtianæ velentur in Dei eccleſia & conuentu.

118 1058 818 84 Secundo loco quæritur, Cur hos electos ap¬

68 1110 867 80 pellet: Num etiam alij, qui mali dicuntur Repro

64 1156 870 82 bati à Deo fuerint, & dici poſsint. Reſp. Etſi illa

62 1206 872 82 electio & reprobatio, de qua tam ſępe in ſcriptu

62 1258 870 76 ra fit mentio, propriè ad homines pertinet, non

62 1305 866 78 ad Angelos: tamen cùm nihil præter Dei volun¬

58 1358 867 69 tatem acciderit etiam in lapſu angelorum, imò

62 1402 862 76 verò cum ex Angelis alij ceciderint, alij perſtite

54 1449 874 80 rint, Deo ipſo ita ordinãte & prædeſtinãte. Deni

58 1502 868 75 que cùm ex ipſo Dei decreto hoc totum ita eue¬

54 1548 870 81 nerit, dubitari non poſſe, eos Angelos, qui perſti¬

52 1598 867 76 terunt in ſua origine, à Deo electos quidem me

48 1647 872 78 ra ipſis gratiua fuiſſe: Eos aũt, qui ceciderunt, re¬

54 1696 862 74 probatos ab eodem Deo: ídque iuſta de cauſa,

51 1744 864 98 quãquã nobis ignota. Voluit enim Deus hac ra¬
