1500 2172
538 156 132 46 408.

698 134 567 57 AD I. PAVL. DA TIM.

530 182 866 68 voce etiam ſup. cap.5.verſ.21.vſus eſt, etſi maieſta¬

530 234 868 69 tem Dei vtraque phraſis declarat, & deſignat.

532 285 866 66 Denuntians ea, in quibus omnem negligentiæ,

530 333 868 68 ignorationiſue excuſationem hominibus adem¬

534 382 866 68 ptam eſſe volumus, quaſi eos commonefacia¬

532 430 866 63 mus prius iam ſatis edoctos fuiſſe, & nunc de

532 478 864 70 pœna negligentiæ ſeriò metuendum cogitan¬

532 528 867 63 dúmque illis eſſe. Obteſtamur, cùm noſtrum

531 576 866 66 officium & operam fideliter præſtitam eſſe ſi¬

532 636 864 56 giiiieamtis, de quo etiant Deum teſtem inuoca¬

534 674 864 60 mus. Itaque denuntiatio ad ipſos homines diri¬

534 723 862 70 gitur, eóſque intuetur. Obteſtatio propriè Deum

538 777 261 62 quem ſpectat.

579 818 816 66 Coram Deo) Dei nomine Patrem hîc intelligi,

536 870 864 62 vti alibi ſæpe in ſcriptura, certiſſimum eſt, & ex

532 916 866 64 his verbis apparet quæ mox ſequũtur Jeſu Chriſto

536 964 862 64 Sic paſſim in epiſtolis Paulus accipit, præſertim

530 1014 868 60 in ipſarum ὀιγραραῖς, vti in hac ipſa, & Tit.1. Ex

534 1062 864 63 quo fit, vt rectè ſit annotatum Dei vocabulum

537 1112 862 56 quanquam propriè ad naturam ipſam diuinam

534 1161 866 54 ſignificandam repertum eſt: vt vox hæc, homo

536 1209 862 56 ad humanam:tamen ſæpe eſſentialiter, ſæpe per¬

536 1257 864 57 ſonaliter ſumi Eſſentialiter igitur acceptum tri¬

536 1305 864 58 bus perſonis ſanctæ Trinitatis æquè competit,

536 1353 864 57 eáſque generaliter cõplectitur. Perſonaliter au¬

534 1402 864 62 tem poſitum eam tantùm Trinitatis perſonam

537 1452 864 63 propriè deſignat, quam & locus & argumentum

536 1498 864 60 & res, de qua agitur, oſtendit intelligendam. Sæ¬

537 1548 862 62 peigitur Patrem ſignificat, vt hîc:ſæpe filium vt

534 1594 866 56 cùm dicitur Deus apparuit Abrahamo Geneſ.

536 1642 864 57 18.verſ.1.item vocatus Abraham auſcultauit Deo

536 1692 864 56 Hebr.11.verſ.8. Sæpe Spiritum ſanctum, vt cùm

534 1740 864 74 dicitur Deus loquutus per Prophetas Hebr.I.v.

1246 1788 156 69 1.Actor.
