1500 2172
890 104 60 68 748

333 129 300 21 CAPVTVI.

93 152 873 58 nigné. In quo pulcherrima eſt annominatio ad

98 201 866 62 vocem πλεσίων, quos exhortatur Paulus. Non ſunt

92 250 868 60 enim illi diuites verè & propriè: ſed Deus eſt di¬

93 314 864 50 des, qui & omnla ponidet, & abunde cunctis lat¬

93 351 354 62 gitur & opulenter.

126 392 831 66 Quod autem additur, Nobis, ad ſuſcepti ar¬

94 448 864 58 gumenti rationem eſt accommodatum, quòd ea

98 495 860 60 vitia, quæ taxat hîc Paulus, in ſolos homines ca¬

94 544 866 54 dant: quódque noſtra cauſa tantùm inſtitutæ

93 591 868 63 ſunt hæ præceptiones. Neque verò reſtringit

94 640 866 62 Paulus admirabilem illam Dei benignitatem vel

93 688 867 60 ad ſolos pios & fideles homines, cùm etiam im¬

94 734 864 70 pij & reprobi eã ſentiant in hac vita, vt eſt Matt.

96 784 860 64 5.verſ.45. vel etiam ad ſolum genus humanum,

92 844 866 51 cutir etiaili ortita aminantia pareat Deus, illiſque

96 882 855 62 victum ſuppeditet Pſal 104 Matth.6.verſ.26. Pſa.

94 930 861 63 36.verſ.5. Imò infinita Dei beneficia in omnes

94 980 858 69 mundi huius & creaturas & partes diffunditur, &

94 1026 182 60 ſe exerit.

142 1068 810 69 Ε’ίς ἀπόλαυσν, id eſt, ad fruendum. Quia diſtin¬

96 1124 856 63 guit Auguſtinus lib 1.de Doctr. Chriſt. inter frui

93 1176 860 57 & vti: & fruitionem ad res diuinas: vſum ad ter¬

92 1224 860 56 renas & caducas refert: idcirco ſic hunc locũ ex¬

93 1269 860 64 plicat, & poſt eum Beda, vt de vita æterna bo¬

93 1320 861 60 níſque cœleſtibus tantùm accipiendum putet,

96 1370 858 57 quia fruendi verbo vſus eſt Paulus. Sed primum

93 1414 861 64 falſa eſt iſta diſtinctio Auguſtini (pace tanti viri

96 1462 856 63 dictum ſit) cùm æquè & propriè, & frui, & vti di¬

98 1514 858 52 camus rebus ſiue terrenis ſiue cœleſtibus: etſi a¬

98 1560 858 63 pud Iuriſconſultos aliquod diſcrimen ſtatuitur

98 1610 858 57 inter vſum & fructum: & inter ius vtendi, & ius

98 1658 860 63 fruendi re aliqua, quæ iuriſconſultorum diſtin¬

99 1707 861 75 ctio ad Theologos minimè pertinet. Deinde in

728 1749 69 80 Lij
