1500 2172
348 177 333 36 CAPVT IIII.

876 146 76 82 340

80 202 872 75 edocendi & commonefaciendi ſumus. Quò mi¬

78 260 872 68 nus nobis moleſtum aut faſtidioſum eſſe opor¬

80 308 868 64 tet, ſi ſæpe ſæpius in Eccleſia hanc eandem do¬

80 357 868 64 ctrinam à paſtoribus audiamus, quia maximè no¬

80 402 868 70 bis eſt ſalutaris. Paulus Philip.3.verſ.1. dicit tutũ

78 456 872 62 & vtile eſſe, vt eadem nobis ſæpius répetantur.

76 500 868 69 Idem docet & affirmat Petrus in 2. Epiſt. cap.1.

80 562 867 54 verſ.13. Vnde væ delicatis hominum auribus, qui

78 598 870 68 abuſus doctrinæ & ſuperſtitiones Papiſticas nun¬

78 650 866 66 quam à concionatoribus Euangelij taxari vellẽt.

120 710 824 52 Denique ex hoc ſplo apparet, eam maximè à

74 746 870 66 paſtoribus doctrinàm proponendam, quæ neceſ¬

70 795 873 66 ſaria eſt, & vtilis: non autem quæ inutiles & vanas

74 844 364 57 quæſtiones habeat.

116 886 824 68 Colligit verò ex hoc Pauli dicto Chryſo. du¬

72 939 868 66 plex eſſe paſtoris munus in proponẽdo Dei ver¬

72 993 866 63 bo pro rerum, quas tractat, & perſonarum, apud

69 1038 867 66 quas agit, ratione, nimirum vt Doceat, & Ea quæ

68 1086 867 68 ſunt obſcura, & Eos, qui ſunt obſequentiores. Itẽ

66 1136 867 68 Denuntiet, propoteſtate & imperio ſibi à Deo

66 1191 867 60 dato, Ea, quæ omnes concedunt eſſe vera, Eis, qui

62 1233 870 66 ſunt contumaciores & magis rebelles. Quod cer¬

63 1284 868 63 tè verum eſt. Debet enim paſtor nonnunquam

64 1330 866 66 increpare & virga.i. ſeuetitate vti, ve ait Paulus

62 1383 634 66 1. Corinth 4.verſ.21. & 2. Timoth.4.

112 1473 814 75 12 Nemo tuam iuuentutem deſpiciat,

62 1533 866 72 ſed esto exemplar fidelium in ſermone, in cõ¬

60 1592 868 86 uerſatione, in charitate, in ſpiritu, in fide, in

63 1648 188 70 puritate.

110 1713 819 75 Νοθέτησις. Admonet enim qua ratione & gra¬

62 1767 864 76 uitate ſuperior doctrina ſit à Timotheo propo¬

686 1827 75 75 p.ij.
