1500 2172
546 162 126 42 435

682 142 585 57 AD I. PAVL. AD TIM.

543 177 864 87 Xenodochijs, & Ptochodochijs careret Eccleſia

542 236 868 78 poſtea pauperum numero decreſente & Ptocho¬

543 284 870 69 dochijs conſtitutis, non fuerunt eædem Eccleſiis

543 333 872 74 neceſſariæ. Itaque neque ſunt hodie à nobis re¬

544 384 867 70 tinendæ, niſi eadem & par aliqua cauſa, qualis

543 430 864 69 illo ſeculo fuit, occurreret, & eas retinere ſuade¬

546 478 867 76 ret. Quæ cùm nulla ſit, ceſſante cauſa, ceſſet effe¬

546 530 868 66 ctus neceſſe eſt. Eodem modo videmus veteres

546 579 872 69 habuiſſe plures officiorum Eccleſiaſticorum

549 632 868 70 gradus (vti apparetex aliquot Synodis etiam quã¬

549 678 870 70 do adhuc erat tollerabilis Eccleſiæ forma) quàm

548 724 872 70 nunc habeamus. Itaque quemadmodum illæ

549 776 867 74 dignitates tanquam nobis inutiles hodie propter

548 822 870 70 diuerſam locorum rerum, & perſonarũ inter nos

549 870 868 69 & illos rationem exploſæ ſunt, & ceſſant, qualis

546 924 874 69 Subdiaconatus, Acolythatus, Archidiaconatus,

550 974 874 66 Archipreſbyteratus: ſic & hîc Diaconiſſarũ mu¬

549 1011 876 76 Iierum or do deſijt, nullo prorſus detrimento vel

549 1065 874 69 in doctrina, vel in diſciplina ipſa ab Eccleſia, ac¬

552 1122 132 62 cepto.

594 1156 831 80 Secunda verò quæſtio, quæ ad hunc quoque

550 1212 874 64 locum maximè pertinet, eſt huiuſmodi. Vtrum

552 1258 876 70 rectè à Papiſtis ſanctimoniales ſint in iſtarum

554 1308 873 66 Diaconiſſarum, quas nullius iam eſſe in Eccleſia

552 1359 876 66 vſus videbant, locum ſubſtitutæ: at que vtrum eo¬

554 1404 873 72 rum conſilium & inſtitutum ſit probandum, &

554 1455 872 69 ſequendum necne. Reſpond. Minimè id quidem,

555 1506 876 62 quia in eo ſtatu hominum & genere inſtituendo

554 1551 878 69 nihil niſi planè Satanicum, ſuperſtitioſum, & in

552 1598 878 70 Deum ipſum blaſphemum à Papiſtis inductum

554 1647 879 72 eſt. Primùm, quia cœlibatum illis ſuis ſanctimo¬

552 1694 884 76 nialibus tanquam legem ad vitam æternam aſſe¬

561 1746 870 86 quendam neceſſariam, & veriſſimæ ſanctitatis

1290 1802 146 64 partem
