1500 2172
734 130 554 66 AD I. PAVL. AD TIM.

567 152 87 57 252

573 178 858 76 Ex hoc autem locoapertiſſimè demonſtratur,

564 234 867 72 quis ſit eorum præceptorum, quæ hîc de admini¬

564 279 867 75 ſtrandæ Eccleſiæ ratione traduntur, vſus. Quidã

566 332 864 69 enim exiſtimant (quos ipſe aliquando audiui) quę

566 375 866 78 hîc de diſciplina Eccleſiaſtica præſcribuntur à

567 430 867 69 Paulo, veluti de Epiſcoporum, & Diaconorum

568 474 866 75 electione, & munere: de cenſura morum quæ fit

567 524 866 76 à paſtoribus, denique quæ regulæ politiæ Eccle¬

568 572 864 74 ſiaſticæ cap.5. & tota hac Epiſtola traduntur, eſſe

568 622 866 72 tantùm ſingulares quaſdam præceptiones & par¬

568 674 867 66 ticulares, quæ tunc temporis vſum ſuum haberẽt,

573 717 864 74 ſed quæ generalem & perpetuã politiæ Eccleſiæ

570 765 864 69 normam & regulam minimè continent, minimé¬

574 816 864 69 que præſcribant. Itaque non debere hodie ad

570 862 866 70 hanc formam à Paulo deſcriptam politiam & ra¬

573 908 866 70 tionem Eccleſiæ Chriſtianæ adminiſtrandæ vel

570 956 867 74 reuocari, vel examinari. At contrà hoc loco do¬

573 1005 866 78 cet, affirmátque diſertè Paulus, ſe Timotheo ea

573 1058 866 72 præſcribere, quæ in domo Dei obtinere, & in¬

572 1104 867 75 ſtitui debeant, vt pulchrè illa & regatur, & admi¬

574 1154 862 74 niſtretur. Neque verò tempus certum, aut etiam

570 1202 867 76 locum aliquem deſignat Paulus, cuius ratione v¬

572 1252 866 69 tiles ſint hæ præceptiones, & neceſſariæ: ſed ge¬

572 1300 867 69 neralis eſt affirmatio Pauli, vt ſcias, ait, quomo¬

572 1344 864 72 do te regere debeas in domo Dei, id eſt, Eccleſia,

572 1394 866 68 non dixit Epheſi tamtùm, aut in Aſia: non dixit,

573 1443 864 70 hoc tempore nẽpe, quo ſunt Magiſtratus infide¬

574 1492 864 74 les & idololatræ: ſed doceo (ait Paulus) quomo¬

576 1542 862 72 do te, id eſt, omnes veros Epiſcopos (eſt enim in

572 1588 866 68 perſona vnius Timothei omnium bonorum Epi¬

573 1640 866 69 ſcoporum officium deſcriptum) ſe gerere opor¬

570 1684 866 74 teat in Dei Eccleſia, qualis illa Dei domus eſt,

570 1736 867 90 & ex Deivoluntate rectè adminiſtrar i debet, in

1353 1788 75 92 qua
