1500 2172
357 172 312 30 CABVT III.

879 118 63 80 188

122 190 824 76 De nobilitate generis etiã quæſitum eſt, cùm

74 248 870 70 in ea ſit apud homines dignitas quædã & cõmen¬

75 297 867 66 datio magna, Vtrum nobiles in electione ſint a¬

74 344 870 69 liis non nobilibus præferendi. Reſpondent Au¬

76 390 866 72 guſt. epiſt.148. & Ambroſius lib.4. de paradiſo,

76 446 867 66 virtute vnuſquiſque gratiam ſibi comparet: non

74 494 870 68 loci, nomgeneris nobilitate, quãquam in Papatu

74 536 873 74 aliter obtinuit, ídq; peſſimo exemplo. Nam apud

74 591 872 63 iſtos generoſi & nobiles aliis præferuntur, etiam

74 634 872 70 in Eccleſiaſtis muneribus adipiſcendis, vbi mini¬

76 682 866 75 mè omnium gratiæ & fauori locus eſſe debebat.

122 734 825 69 Pauperi verò diuitem præferre in adminiſtrã¬

75 777 870 69 da Eccleſia, & munere Eccleſiaſtico deferendo

75 837 868 62 noi taritam mutn en, leu cuum contra Pauli &

74 876 872 74 Dei præceptum, non multi nobiles eſtis, ait, non

74 926 872 69 multi diuites 1.Corinth.1.verſ.27. Nam quæ ſunt

74 974 872 75 ſtulta & infirma in mundo, elegit Deus, vt mundi

74 1034 406 60 ſuperbiam contundat.

123 1066 820 69 Sextam conditionem addit Paulus ſit hoſpita¬

74 1119 870 75 lis, οιλόξινος, plus eſt, quàm quòd Latini dicũt eſſe

75 1172 866 68 hoſpitalem. Exigit enim promptum ad hanc i¬

75 1220 867 70 pſam liberalitatem exercendã & hilarem animũ.

75 1268 868 72 Hæc autem liberalitatis ſpecies omnibus Chri¬

75 1318 868 69 ſtianis præcipitur Heb.13.verſ.2. imprimis autem

76 1365 864 72 verbi Dei miniſtris, vt ſint cæteris exemplo.

78 1418 867 66 Coniungit autem Paulus hanc cum ſuperioré

74 1461 870 69 conditionem, vt ſit ρηάγ ἀθος, id eſt, bonorum vi¬

75 1508 867 76 rorum amans Epiſcopus, quia ſimiles ferè iis ſu¬

75 1557 867 72 mus, quibuſcum ver ſamur. Nam illam Chryſoſt.

74 1610 870 68 ſententiam, quæ eſt Homil 43. in Matth. 23. ma¬

74 1659 870 68 ximè probamus, vt ſit omnis Sacerdos ſanctus.

76 1713 862 64 Nec eò pertinet quòd vtranque vocem coniun¬

74 1752 867 94 xit Paulus ριλόξνον, & φηάγεθον, vt excipiendorũ
