1500 2172
561 147 82 38 597

776 128 531 58 AD I. PAVL. AD TIM

558 170 860 72 admonet. Facit enim cùm noſtra ſegnities, tum

555 226 862 66 ipſius muneris onus & magnitudo, vt huiuſmo¬

554 274 864 64 di cohortationes etiam optimis quibuſque ſint

554 324 864 64 necelariæ, quando & pro ſeipſo quoque à tota

550 370 864 63 Eccleſia Deum orari voluit Paulus, vt rectè ſuo

549 420 864 63 munere fungeretur Epheſ.6.v19. Depoſiti verò

549 468 861 66 nomine quid hîc Paulus ſignificet quæſitum eſt.

550 516 861 64 Alij referunt ad dona Timothei peculiaria. Alij

549 567 864 64 ad doctrinam cognitionémque fidei, quæ omniũ

550 616 862 62 Chriſtianorum communis eſt. Alij ad munus i¬

550 663 864 66 pſum paſtoris, quo tunc in Eccleſia Epheſina

549 714 864 63 fungebatur ad tempus Timotheus. Ego verò

546 758 867 66 cùm hîc in perſona Timothei omnium fidelium

549 807 864 66 Eccleſiæ paſtorum conditionem pingi & deſcri¬

548 854 866 66 bi putem, refero vocem depoſitum ad ipſius, id

546 904 866 64 eſt, paſtorum munus. Quanquam enim fuit Euã¬

548 952 864 64 geliſta Timotheus: non autem vni alicui Eccle¬

542 1000 870 66 ſiæ addictus paſtor, tamen Euangeliſtæ munus

542 1052 868 58 tunc in Eccleſia publicum munus fuit & Eccle¬

542 1096 866 63 ſiaſticum: & quo tempore hæc ſcribebat Paulus,

540 1143 868 69 Epheſi velut paſtoris partes ſuſceperat ad tem¬

543 1198 866 60 pus Timotheus. Eſt igitur paſtoris munus De¬

540 1245 864 63 poſitum, ſed Dei depoſitum, non autem hominũ,

542 1293 866 63 cui propterea illius depoſiti ratio reddenda eſt.

544 1342 862 63 Quanquam autem hominum ſuffragio paſtores

542 1390 867 64 eliguntur, eius tamen electionis vis & authori¬

542 1438 866 57 tas à Deo ipſo authore: non ab hominum voce

542 1488 866 63 pendet. Itaque non tam homines, quàm Deus

542 1532 867 70 ipſe cuique paſtori Eccleſiam, & gregem cui

548 1586 855 62 præſicitur commendat, & velut depoſitum,

543 1635 862 60 quod repetiturus eſt, tradit ſeruandum ad tem¬

546 1680 858 64 pus. Vnde illa eſt eiuſdem Pauli ſententia Act.

544 1726 864 96 2o. verſa8. Attendite igitur vos ipſos, & totum

1262 1796 148 64 gregem
