1500 2172
718 142 567 60 AD I. PAVL. AD TIM.

558 162 96 46 333

558 190 861 75 Quaſi illa in his externis &ἀδιαφόρσις rebus inſit:

555 248 864 68 quæ in mentis renouatione, vetefis hominis de¬

555 294 866 70 poſitione, & noui ſuſceptione poſita eſt, in fide

555 345 866 68 Chriſti, in charitate proximi, in omni internæ &

555 393 862 69 externæ immunditiæ expurgatiohe. Sed ita ho¬

555 436 868 70 mines ſibi præſtigias iſtas fecerunt, vt aliud quid

556 490 876 68 eſſe ſanctum, quàm iſtam viuendi rationem non

555 537 868 64 arbitrarentur. Denique iſti homines & ſeditionũ

556 588 867 66 in Eccleſia magnarum authores fuerunt, vt Eua¬

560 636 866 72 grius lib.3.cap 32. totáque hiſtoria Eccleſiaſtica

558 688 866 64 docet: & peſſimorum errorum tum ipſi inuento¬

556 735 864 66 res, tum propagatores, veluti Meſſalianorum,

556 783 867 64 Antropomorphitarum, Pelagianorum, Iudæo¬

556 831 868 60 rum, Abelonitarum, Samaritanorum. Quod non

555 884 870 57 tantum teitatur I'neodorit.nb reap.1 Hiſtor. ſed

555 926 870 68 ipſa rerum veritas & experientia: cùm nulli alii

555 972 867 69 ſint hodie Antichriſti, totiúſque Papiſticæ perfi¬

560 1023 866 69 diæ maiores patroni, & fulcimenta, quàm tota i¬

560 1077 600 62 ſta Monachorum factio & coitio.

608 1124 818 63 Sed quęſitum eſt, cuius in Eccleſia vſus fuerint

558 1172 867 62 iſti homines. Reſpond. Certè nullius, cùm nec

561 1218 862 66 Preſbyteri, nec Diaconi, nec Epiſcopi eſſẽt. Itaq;

561 1264 861 70 de ſe verè illi iſtud Horatianum dicere poſſunt.

608 1320 744 63 Nos numeri ſumus. & fruges couſumere nati.

610 1370 652 60 Proci Penelopes. nebulones, Alcinoique.

561 1413 864 66 Mionaeni officia populo celebrare non poſſunt.

561 1461 868 64 Monachus officium plangentis habet, non docẽ¬

561 1510 867 62 tis. Ergo nullum munus Eccleſiaſticum gerunt,

561 1560 870 58 ſed nec gerere, quatenus Monachi ſunt, debent

562 1610 868 63 aut poſſunt, non concionari apud populum: non

564 1656 867 63 Sacramenta adminiſtrare. Claret enim & certum

564 1702 870 68 eſt, ait Bernardus, quòd publicè prædicare Mo¬

564 1752 868 81 nacho non conuenit, nec Sacramenta admini¬

1314 1800 118 69 ſtrare
