1500 2172
532 186 856 86 Tract.7.contra Catabaptiſtas. Nec fures nec la¬

530 242 852 80 trones ſunt verbi Dei Miniſtri, qui ioſta à grege

530 296 866 72 ſuo ſtipendia, quantum quidem ad victum & ve¬

530 336 866 82 ſtitum ſatis eſt, exigunt, vt iſti calũniantur. Nec

531 387 864 76 ſunt fuci cùm ſtrenuè verbo Dei nauantes operã,

537 446 543 68 ita viuunt ſiue manuali labore.

693 144 543 68 AD I. PAVL. AD TIM.

538 142 86 78 462

585 480 804 78 Secundum caput, eſt quibus Presbyteris de¬

537 534 856 72 beatur? Reſp. Iis preſertim qui in verbo Dei &

537 579 852 81 Doctrina laborant. Ergo eſt duplex Presbytero¬

537 636 858 72 rum genus, Vnum eorum, qui Doctrinę cœle¬

537 676 861 78 ſtis ſont Miniſtri: qui nihil ab epiſcopis & Paſto

537 724 862 81 ribus differunt: Alterum eorum, qui moribus fi¬

542 780 860 72 delium tantum inuigilant, & eos inſpiciunt, ne

542 825 858 76 quid offendiculi in eccleſia Dei ex quoquam o¬

537 868 864 81 riatuc. Hi ſunt, quos in Gallia vulgo Supervigilã¬

542 920 864 78 tes dicimus qui vnà cum Miniſtris verbiDei con

537 964 872 82 ſiſtoriũ ſiue Senatum eccleſiaſticum conſtituũt.

543 1017 864 80 Sed quæritur, vtrum hoc poſtremum genus Pres-

543 1066 864 78 byterorum ſit negligendum ab eccleſia. Reſpon.

543 1112 866 78 Minimè verò, ſiquidem iſti quoque egeant: ſed

544 1160 866 76 primum genus magis commendatũ nobis eſſe de

544 1209 868 80 bet Ex quo fit, vt Paulus addiderit. Ma ximè. ſimi

544 1257 872 81 lis locus Galat. 6.verſ.6. Ait enim communicet qui

546 1305 867 82 instituitur in ſermone ei, qui ſe irſtituit, omnia bona.

568 1354 844 78 Obſtat quod ait Chriſtus Matth.1o. verſ. 8.Gra

548 1400 864 81 vis ac cepiſtis, gratis date. Reſp. Eum gratis præeſ¬

548 1455 867 75 ſe & paſcere gregẽ, qui nec lucrandi nec diteſcen

550 1500 866 78 di animo id facit: quanquam victum ſibi neceſſa¬

550 1548 862 81 rium à grege, ideſt ab eccleſia accipit, quemad¬

552 1598 862 80 modũ docet & Chriſtus eodem loco, & Paulus

558 1650 573 70 1.Corinth.9.2. Corinth.11.verſ.8.

585 1696 830 72 Vult autem iſtos Presbyteros laborare, er¬

560 1743 864 94 go non otioſos eſſe vult, non etiam perfunctoriè

1332 1797 81 84 tan¬
