1500 2172
544 147 100 34 330)

687 104 574 70 AD I. PAVL. AD TIM.

542 178 306 51 comitas morum.

585 208 816 69 Pulchra verò eſt hæc antitheſis inter Spem &

538 261 862 66 fiduciam in incerto diuitiarum, & inter Spẽ ſiue

542 310 858 66 fiduciam quæ ponitur in Deo viuo, & aſfatim o¬

538 360 862 64 mnia nobis præbente, non tantùm ad tenuem &

542 406 861 66 neceſſarium vſum, ſed etiam ad liberalem & opi¬

540 456 864 69 parum. His autem epithetis, quæ hîc Deo tribuũ¬

542 506 861 66 tur, non tantùm verus Deus ab omni humani in¬

543 556 862 66 genij figmento, quod pro Deo habetur, non etiã

537 604 864 62 ſolùm ab omnibus idolis iam receptis pro dijs

540 652 864 63 ſecernitur: ſed etiam veriſſima noſtræ fiduciæ in

542 702 862 66 eum collocandæ ratio, cauſáque explicatur, nem¬

542 752 862 66 pe, quòd ſit ipſe omnis vitæ fons, ſiue tempota¬

538 801 866 62 riæ, ſiue etiam æternæ. Deinde, quòd quæcunque

540 848 867 62 ad vitam hanc etiam tuendam ſunt neceſſaria,

537 891 864 68 abundè & copioſè ille vnus omnibus nobis ſup¬

540 942 868 64 peditat, & ſubminiſtrat, vt ab eo ſolo pẽdere de¬

538 992 864 66 beamus, quacunque ratione vel viuere, vel vitam

538 1041 868 66 ipſam tueri & conſeruare cupiamus. At qui hæ

538 1098 866 56 caulæ ſunt, cur oiuites conndant ſuis opibus &

540 1136 867 66 diuitijs, quòd per eas ſolas ſe vitam hanc tueri

540 1185 866 63 & ſuſtinere poſſe credant. Quorum ratio non tã¬

542 1233 866 63 tùm ex hoc Pauli loco refutatur: ſed etiam ex ea

543 1292 864 56 parabola, quain amert enriltus Luc 12.verſ.16. &

543 1335 172 66 ſequenti.

585 1376 820 66 Vnus Deus) appellatur, non tantùm quòd &

538 1428 866 64 in ſeſe, & per ſeſe viuat, ſed quòd omnbus, quæ

540 1480 864 58 viuunt, vitã largiatur. Quæcunque enim viuunt,

537 1524 868 64 illius beneficio & dono viuunt, tam Angeli, quàm

543 1574 534 63 vermes ipſi, vt ait Auguſtinus.

579 1618 828 66 Præbet idẽ Deus omnia, ídque πυσίως, id eſt,

536 1666 872 92 affatim & copioſe:ſed (vt ait Iacobus) etiam be¬

1276 1716 130 74 nignè
