1500 2172
748 159 556 51 AD I. PAVL. AD TIM.

580 172 92 40 189

621 890 825 66 Αιδακπκὸν Septima conditio. Hoc autẽ ipſum

572 938 873 68 quid ſit Paulus explicat Tit.1.verſ.9. nempe eſſe

570 988 876 64 huiuſmodi, qui poſsit, Sanam doctrinam appo¬

574 1040 872 57 ſitè tradere, & contradicentes conuincere. Sunt

568 1088 874 63 autem tria contradicentium genera, Hæretici, Iu¬

570 1134 873 66 dæi, & Pagani, imprimíſque ipſi Philoſophi.

570 1184 873 62 Planè hæc virtus & conditio ad Epiſcopum per¬

567 1234 878 62 tinet, quoniam is debet eſſe doctor in Dei Eccle¬

567 1282 876 57 ſia, & quidem vocalis: non autem canis mutus &

567 1326 876 69 idolum, quales Epiſcopi Papiſtici Iſai.56.verſ.11.

567 1382 876 60 nõ item ſolum præceptor mutus & ἀφωνος, quales

566 1426 874 66 ſunt qui ſcriptis tantùm erudire nos poſſunt, non

567 1476 874 66 autem viua voce, quòd aut muti ſint omnino na¬

567 1524 870 64 tura vel lingua exciſa: aut prorſus inepti ad do¬

567 1574 876 63 cendum. Itaque mittit Chriſtus diſcipulos vt

567 1622 874 66 prædicent, id eſt, quemadmodum explicat Pau¬

567 1668 876 68 lus, vt denuntient & doceant, inf. cap.4.verſ.11. Id

570 1719 868 68 quod etiam apparet ex dicto Petri in 1. cap.5.v.

570 1766 873 78 2. Paſcite, & ex Ezech.22.v.26, 830.cap.33. Quod

579 198 873 75 hoſpitum delectum diligentiſsimè faciat Epi¬

578 256 874 63 ſcopus, & ſolùm veros, cordatos, pios, bonóſque

580 308 872 63 Chriſtianos excipiat: alios autem negligat, mini¬

579 357 872 62 méq; excipiat, quia non tantùm omnibus eſt be¬

574 405 876 63 nefaciendũ, etiam iis, qui ſunt hypocritæ: ſed

578 453 868 60 etiã mali & ſegnes homines ſæpe ſunt beneficiis

576 502 874 57 & huiuſmodi liberalitate alliciẽdi, vel ad meliorẽ

574 550 876 63 frugem reuocandi. Quædam tamen cõuiuia, quæ

574 602 873 60 fiebant olim in baſilicis propter veteres agapas,

576 646 872 66 quæ fuerunt in vſu, fieri hodie ad hoſpites iſtos

573 710 876 51 caeipleiidos, & benigne tractandos non probat

573 744 873 69 Auguſt. epiſt. 1o9. Quarta pars redituum Eccleſię

573 801 873 56 olim excipiendis hoſpitibus pauperibus deſtina¬

573 842 872 64 ta & Epiſcopo commiſſa erat, vide diſtinct. 42.

1354 1824 88 60 non
