1500 2172
531 129 699 62 322 AD I. PAVL. AD TIM.

526 166 861 90 gueuit, Theodorit.lib.5.Hiſtor. cap.18.& Sozom¬

525 226 786 78 lib.7, cap.24. Atque hic locus eſt vtiliſſimus.

573 276 820 75 Aliquot igitur quæſtiones in hoc argumento

526 322 868 78 ſunt nobis explicandæ, quæ magnum in exercen¬

532 372 862 75 da diſciplina Eccleſiaſtica vlum habere ſolent.

536 430 417 64 Ac primùm quæritur.

579 468 816 76 In quo peccati genere locũ hæc publica exo¬

536 513 866 78 mologeſis habere debeat. Reſp. Cùm differat

534 562 864 74 iuriſdictio ciuilis ab Eccleſiaſtica, & hęc tantùm

537 615 864 69 voluntaria ſit, illa verò contentioſa: hæc ſolius

537 660 870 82 pœnitentiæ animíque ſalutis teſtificandæ gratia

537 711 868 78 comparata ſit: illa publicæ tranquillitatis tuendæ

536 762 873 72 cauſâ ſit conſtituta: in eo tantùm locum habere¬

538 806 866 81 poſſe ſiue publicam ſiue priuatam delicti confeſ¬

540 856 868 75 ſionem, qui agnoſcit ſe deliquiſſe, ídque ſponte

540 906 868 75 fateri paratus eſt. Nã in eo qui negat à ſe pecca¬

543 950 870 80 tum eſſe (quia vel factum ipſum à ſe commiſ¬

544 1000 867 80 ſum pernegat, vel hoc ſuum factum negat eſſe

550 1048 862 80 peccatum, & damnandum) nulla certè vel publi¬

546 1100 868 78 ca vel priuata exomologeſis propriè locum ha¬

548 1148 866 72 bere poteſt, etſi hic teſtibus ipſis fuerit in ſenatu

548 1200 866 70 Eccleſiæ conuictus feciſſe Id, quod tamen perne¬

552 1245 867 78 gat. Itaque huiuſmodi pertinax eſt ad magiſtra¬

552 1296 867 75 tum remittendus, vt de facto ipſo amplius inqui¬

552 1347 868 72 rat. Sed tamen obſtinatum hominem & peruica¬

555 1394 866 74 cei Eecielia honhunquam excommunicatione

555 1438 870 76 aut ſuſpenſione Cœnæ perſtringere poteſt, id eſt

555 1485 870 74 ſi factum à ſe commiſſum eſſe agnoſcens, tantùm

558 1534 867 76 qualitatem facti, id eſt, ἀνρμίαν & turpitudinem il¬

556 1586 870 75 lius non vult talem videre, & idcirco non pœ¬

555 1635 876 74 nitere. Negantem autem id à ſe, de quo accuſatur

561 1684 870 68 factum, nunquam Eccleſia damnabit, neque ad

561 1731 870 87 confeſsionem delicti, in cuius perpetrati dene¬

1281 1790 148 62 gatione
