1500 2172
369 159 316 38 CAPVT III.

909 135 66 74 218

104 178 868 86 ſtinctionem. Dicuntur enim Neophyti ab iſtis ij:

110 240 867 74 qui propoſitũ alicuius religionis recẽter aſſum¬

106 290 868 72 pſerunt, ſúntque adhuc intra annum ſuæ, quam

108 339 866 70 vocant, probationis. Sic definitur cano. Quoniã

112 388 862 68 5 Neophytus diſtinct.48. Apud veteres autem a¬

104 435 870 69 lij Neophyti dicebantur, ij nimirum, qui nouiter

104 484 870 68 baptizati fuerant, & exceſſerant ex Catechume¬

100 534 870 64 nis. Catechumeni enim erant qui fidei Chriſtia¬

102 585 868 66 næ nomen dederant quidem, nondum tamen e¬

99 633 873 64 rant baptizati, quòd nondum ſatis in fide edocti

100 678 854 70 & inſtructi viderentur. Sic in concilio Chartag

98 732 410 62 4.cap.3o. appellantur.

141 777 828 68 Cur autem de hoc admonuerit Eccleſiã Pau¬

98 826 870 68 lus, ratio eſt, quòd tanta Dei dona in Eccleſiam

96 873 872 68 mirè effuſa erant, vt etiam ſæpe adhuc nouitij, &

96 922 872 69 tunc primum recepti in fidem homines excelle¬

93 969 873 69 rent magnis Dei donis, præſtanti doctrina, & in¬

96 1020 868 69 genio ornati eſſent à Deo. Hos tamen vetat ad¬

94 1066 870 70 mitti indiſcriminatim Paulus, quia nondum ſa¬

92 1136 873 50 tis probati ſunt. Nam qui tam cito promouen¬

92 1170 872 64 tur non modò turgidi ſunt, inflati & ambitioſi:

90 1212 870 72 ſed etiam ſæpe regẽdæ Eccleſiæ ſunt ignari. Vn¬

92 1260 870 72 de facilè in Diaboli laqueos incidunt, & ab offi¬

88 1311 873 74 cio modeſtiá que abripiuntur, quæ in paſtore Ec¬

93 1362 327 63 cleſiæ requiritur.

135 1410 824 69 Hæc præceptio Pauli ſumpta eſt ex eo Moſis

88 1460 867 66 præcepto, vt docet & vult Bernard. ſermo. 64.

88 1510 870 68 Cantic. vbi Deuter.15. vetat lex, ne in primogeni¬

87 1557 872 69 to bouis quis aret. Quæ legis interpretatio ſanè

86 1606 872 66 allegorica nimis eſt. Potius ex ipſa rerum expe¬

86 1653 874 68 riẽtia ducta eſt. Neophytos enim in omni actio¬

86 1707 873 66 num genere, ſi ſtatim promoueantur, ſuperbos

88 1752 870 78 eſſe certiſſimũ eſt. Itaq' hæc Pauli præceptio etiã

716 1804 74 74 E.j.
