1500 2172
734 123 562 56 AD I. T AVL. AD TIM.

561 159 870 84 ſtinctos obſeruemus & ſeparemus, nempe Ele¬

562 222 872 74 ctionem ipſam ſiue præſentationem perſonæ: &

564 278 867 68 Acceptationen, quati alij Oruinationem, alij

564 324 516 64 Confir mationem appellant.

590 362 854 76 Hæc igitur Electio ſiue præſentatio, quam dico

564 416 874 69 eſt ipſius perſonæ ad munus aliquod Eccleſiaſti¬

564 465 870 70 cum vocandæ prima agnitio, agnitæ tenta¬

564 512 874 72 tio, deguſtatio, probatio, & examinatio, quæ tũ

562 560 879 70 deipſius vita, tum de doctrina fieri debet, & ita

562 609 878 69 examinatæ atque conſentientis denuntiatio &

564 658 879 75 præſentatio, quæ fit toti populo & Eccleſiæ ſi¬

561 706 879 72 mul collectæ. Hæ verò ſunt Presbyterij, & qui¬

567 758 750 69 dem totius, partes, non plebis aut populi.

610 801 826 75 Approbatio autẽ eligendi eſt, de perſona iam à

560 854 872 72 Preſbyterio examinata diligenter & propoſita,

561 900 884 68 Iiberum, ſed tamen iuſta aliqua ratione nitens

561 950 882 74 totius populi & Eccleſiæ ſuffragium, per quod

561 999 876 72 poſt commodum aliquot dierum interuallum

560 1044 880 75 conceſſum, illam perſonam populus vniuerſus,

564 1094 872 76 vel acceptat, vel reiicit atque repudiat. Hæc igi¬

564 1144 873 70 tur approbatio ad plebem & totum populum

578 1198 422 66 Eccleſiæ ſanè pertinet.

612 1236 825 74 Hoc verum eſſe atque ita factitandum, vt ſit

561 1288 878 75 legitima ordinariàque eligendorum & electorũ

562 1338 876 75 vocatio, apparet tum exemplis veteris, & primi¬

561 1388 876 70 tiue Eccleſiæ: tum etiam exemplis illius, quæ

561 1434 879 72 ſubſecuta eſt prima illa tempora. Denique fir¬

562 1484 740 70 miſsimis rationibus idem comprobatur.

610 1530 831 74 Ac primùm plebẽ non eſſe ab ordinationibus

561 1580 876 69 vocandorũ ac præficiendorũmuneribus Eccleſia¬

560 1629 878 68 ſticis excludendã, demonſtrant exempla veteris

562 1677 874 72 Eccleſiæ, in quaproculdubio χεροτονία toti' Ec¬

556 1725 880 96 cleſiæ interueniebat, vt ex Act.6.& 14 oſtendi fa¬

1358 1772 86 74 cilè
