1500 2172
406 178 302 38 CAPVT ILI.

926 129 57 92 196

114 204 873 66 rentibus, non vtantur. Cappas manicatas ad di¬

114 264 873 58 uinum officium intra Eccleſiam non gerant, ſed

114 308 868 60 nec alibi, qui ſunt in Sacerdotio & perſonatibus

116 360 867 58 conſtituti: niſi iuſta cauſa rimoris exegerit habi¬

114 410 867 57 tum transformari. Fibulas omnino non ferant,

112 460 872 57 neque corrigias auri vel argenti ornatum haben¬

114 506 873 60 tes, ſed nec annulos: niſi quibus competit ex offi¬

114 555 870 62 cio dignitatis. Pontifices autem in publico, & in

112 604 873 56 Eccleſia ſuperindumentis lineis omnes vtantur:

112 650 876 58 niſi Monachi fuerint, quos oportet ferre habitũ

111 700 876 62 monachalem. Palliis diffibulatis non vtantur in

114 750 874 62 publico, ſed vel poſt collum, vel ante pectus hinc

112 796 874 66 inde connexis. Videtur etiam in his ipſis paucis

117 861 870 45 eniuinoranuio, a uun nanuille rucronem gentis, in

117 894 870 62 qua verſabatur Timotheus. Erant enim Græci

117 944 867 62 & Aſiani, quanquam hîc eſt doctrina generalis,

118 994 866 57 quæ ad omnes pertinet. Ergo vetat Epiſcopum

117 1042 81 56 eſſe

164 1084 822 60 Vinoſum) Non damnat quidem vſum vini aut

117 1138 867 62 aliorum ciborum Paulus, id quod & Manichæi,

114 1186 870 54 & alij hæretici faciunt: ſed modum in ijs adhibẽ¬

114 1234 873 66 dum eſſe oſtendit præſertim à paſtore, à quo Tẽ¬

116 1288 872 60 perantiam ſupra requirebat. Quæſitum autem

117 1332 872 64 qui ſint πάροινοι appellãdi, vtrum ebrij vel ebrio¬

114 1383 872 63 ſi homines tantùm: an etiam qui nimia vini vo¬

116 1430 872 63 raplate titillantur, illíque ſunt nimium addicti

117 1479 870 64 Gall. frians de vin. Chryſoſtom. πάροινον accipit

114 1526 870 68 pro ferocis ingenij homine, quales eſſe ſolẽt qui

114 1576 872 64 nimium ſe vino ingurgirant. Canoniſtæ ca.1. di¬

117 1629 867 60 ſtinct.35. exponunt definiunt que eum, qui ſe non

117 1680 868 58 ſemel, ſed ſæpius vino repleuit, & ingurgitauit &

117 1724 870 62 ebrius factus eſt. Vtraque interpretatio non ſa¬

117 1776 873 66 tis quadrat. Ratio enim huius præcepti eſt ex ef¬

728 1822 86 64 i. ij.
