1500 2172
318 150 303 30 CAPVT. VI

850 118 69 70 694

130 171 796 64 Neque verò Timotheum, aut alios paſto¬

56 226 868 57 res ad has virtutes exhortatur, tanquam illis

54 278 870 62 catuerit, aut tanquam paſtores his vacui eli¬

57 326 867 63 gi in paſtores debeant: ſed vt in ijs quotidie

57 374 868 64 proficiant progreſsúſque faciant maiores, quem¬

56 423 870 63 admodum ſuo exemplo docet faciendum Paulus

56 468 872 68 Philip.3.verſ.12. & 14. Nam, vt ait Chryſoſt. tum

56 526 872 58 neglentiam, tum etiam arrogantiam parit per¬

57 568 765 66 ſuaſio illa noſtræ ὀυταρκείας & perfectionis.

118 648 810 70 12 Decerta præclarum certamen fidei:

60 716 866 60 apprenende vitam aternam, cuius cauſa &

62 758 868 76 vocatus es, & profeſſus præclaram profeſsio¬

60 820 546 66 nem coram multis testibus.

117 898 814 68 Αʹὐξνσις eſt. Docet enim non tantùm has vir¬

62 950 872 68 tutes perſequendas: ſed pro ijs etiam nobis eſſe

62 999 872 66 certandum & ſæpe quidem durum certamen. Et

64 1048 868 68 quia audita certaminis voce, & facta difficultatis

64 1100 867 63 mentione ſæpe homines vel tepent, vel torpent,

69 1148 864 57 vel iter reflectunt, & prorſus à bono ſuſcepto

66 1194 868 64 deſiſtunt, idcirco calcar addidit Spiritus ſanctus

70 1246 866 54 vt alacriores ad illud certamen accedamus, il¬

68 1292 867 63 lúdque ineamus. Eſt autem triplex conſolationis

68 1342 870 58 hîc propoſitæ locus, nẽpe à fœlici ſucceſſu. Bonũ

68 1392 867 66 ait, à fine & premio fœliciſſimo illi propoſito, vi¬

69 1437 870 66 tam æternã: & ab Honeſto vel officio, confeſſus

72 1486 866 63 bonam confeſsionem. Nihil autem hîc alijs præ¬

70 1534 866 72 ſcribit Paulus, quod ipſe reipſa non præſtiterit,

74 1586 873 66 vt teſtatur 2. Timoth. 4. verſ.7. & quod reliqui

74 1635 866 64 fideles Dei ſerui non ſubierint, vt apparet ex eo¬

72 1683 870 69 rum Martyrio. Quale illud eſt Polycarpi, qui ſe

72 1734 867 72 tanquam optimum Domini granum & frumen¬
