1500 2172
906 141 76 69 700

440 160 282 39 CAPVTVI.

129 189 862 72 contendunt, quæ hîc de forma electionis paſto¬

129 243 858 68 rum Eccleſiaſticorum à Paulo tradita ſunt, tem¬

130 292 860 70 poraria tantùm pręcepta eſſe: quæ non vt perpe¬

129 342 852 64 tuò locum in eccleſia haberent ſint tradita. Itaq:

129 390 856 62 ea & omitti, & mutari poſſe. Quam ſententiam

126 438 861 66 falſiſsimam eſſe docet hic locus, atque vel vna

124 483 862 68 hæc tam grauis diligens & ſollicita de his obſer¬

126 549 861 50 uandis obteſtatio a Paulo facta, præſertim cùm

124 580 862 72 ſup. cap 3.verſ.21. aliam quoque obteſtationem

124 634 676 54 addiderit Paulus, non minus grauem.

178 678 813 68 Secundum autem huius verſiculi & loci præ¬

122 734 860 62 ceptum non minus quàm prius neceſſarium eſt,

122 783 861 62 cùm reipſa experiamur quàm pauci paſtores

123 828 858 63 vel in ſuo officio perſtent: vel ſi perſtant, quàm

122 876 860 60 magnis cum difficultatibus luctentur, adeò vt in

122 926 860 60 hoc onere eadem alacritate animi perſtare ſit o¬

122 972 860 64 mnino arduum, ac rarum, &, niſi Dominus ipſe

122 1022 858 64 vires & robur ſuppeditaret, prorſus αδύνατον. Ex¬

118 1068 860 66 empla Ioannis, Marci, & Demæ, de quibus tum

117 1118 864 66 in Actis: tum in 2.ad Timotheum agitur, quod

116 1170 864 64 dicimus veriſſimum eſſe comprobarunt. Quare

116 1221 861 62 neque temere, neque præter rem, aut in vanum

116 1268 860 62 hanc tam grauem, & plenam inuocatione nomi¬

112 1314 864 58 nis Dei obteſtationem addidit Paulus, ne nomen

116 1364 860 63 Dei in vanum ſumpſiſſe, & pro re leui, aut etiam

112 1413 862 63 in non neceſſario loco vel negotio interpoſuiſſe

117 1460 326 57 Paulus cenſeatur.

190 1506 784 60 Duplex autem eſt obteſtationis huius atque

116 1557 860 58 denuntiationis authoritas, tum ex perſona Patris

116 1606 860 58 tũ Filij. Vtriq; autem ſuum epitheton adiunctũ

112 1654 861 54 eſt ad maiorem ipſorum teſtium venerationem.

116 1702 861 57 Ait Paulus Denuntio. Eſt autem quiddam aliud

117 1752 862 74 δαγſίλ λεν, id eſt, denuntiare, quàmμαρτυρεῖν qua

720 1802 94 72 G.ij.
