1500 2172
556 135 72 39 648

732 110 560 57 AD I. PAVL. AN TIM.

548 153 866 78 iudicium, per quod eum vti ab Eccleſia hominẽ

546 202 870 78 alienum cenſet. Hæc excommunicatio tũ ſchiſ¬

549 254 867 69 matũ anſam præbet: tum etiam cõfundit ordinẽ

548 304 867 70 Eccleſiæ. Quanquam enim ab eorum conſortio

548 352 866 69 fugere debemus, quos ſcimus eſſe Dei irriſores,

548 406 866 68 & homines improbos: tamen eos pro excom¬

549 450 870 74 municatis habere propterea nõ debemus. Aliud

550 500 867 70 enim eſt abſtinere familiari alicuius conſuetudi¬

550 550 868 64 ne: aliud autem eſt eum pro excommunicato ha¬

550 598 864 68 bere, id eſt, pro membro reciſo, & putri, & cum

552 648 866 70 quo nobis in Sacramentorum adminiſtratione

552 696 866 64 communicare ſalua conſcientia non liceat. Hæc

549 747 870 68 enim excommunicationis vis eſt. Hæc igitur pri¬

550 795 867 62 uata excommunicatio locum in Eccleſia Dei

552 840 861 70 habere non poteſt, niſi fortè quiſque ſibi priua¬

552 894 867 66 tos cætus colligere velit, & niſi nos Donatiſtarũ

549 938 870 72 hæreſim comprobemus. Etſi verò multi Deo no¬

549 987 868 70 ti ſunt ſcelerati & improbi, qui tamen nobis pul¬

550 1034 868 69 chri vidẽtur, alia tamẽ eſt Dei ratio, alia hominũ,

555 1084 866 69 qui de occultis non iudicant. Præterea etſi tibi

554 1136 866 70 ſoli hic ſceleratus notus eſt, propterea tamen

554 1188 501 60 non eſt excommunicandus.

579 1239 840 62 I uuncan encommameudonem appellant eã,

555 1280 866 74 que præcedẽte Eccleſiaſtico iudicio, eóque legi¬

555 1329 867 64 timo facta eſt, vt quis tanquam alienus à Dei Ec¬

555 1376 866 72 cleſia cenſeatur, ídque iuſta de cauſa. Hanc ſolam

555 1426 870 68 nos agnoſcimus, atque admittimus, de qua etiam

555 1476 870 69 loquitur hoc loco Paulus, nõ autem de illa prio¬

556 1538 248 56 re & priuata.

604 1572 818 68 Duo quædam autem hîc nobis obiiciuntur,

555 1622 870 64 Primùm, quod ait Iacob.5.V.19. tales potius re¬

555 1671 874 66 uocandos eſſe, quàm dimittendos, aut ita ſemel

556 1716 870 84 ſegreges faciẽdos. Cũ quo cõſentit quod ait Pau¬

1359 1773 66 82 lus
