1500 2172
734 141 574 56 AD I. PAVL. AD TIM.

578 160 110 36 156

568 189 870 63 teriatam iſtis inquã, authoribus hæreſeon, quos

570 242 516 64 δαδολόγος quoque appellat.

615 291 824 56 Hypocriſin hîc quidam referunt ad eorum do¬

564 338 874 60 ctrinam, qui varijs ſuperſtitionibus & cæremo¬

562 388 874 62 niis verum Dei cultum corrumpũt. Hunc enim

567 440 870 60 prætextum accipiunt hæretici & impoſtores ho¬

567 486 872 63 mines, quo melius mendacia ſua tegant, vt eſt

562 534 873 63 Coloſſ.2. verſ.23. nimirum quòd auguſtiorem,

561 580 874 66 ſanctiorémque Dei cultum inducere ſe iactent

561 634 873 58 & cogitent. Itaque in eorum ἐθελοθρησκέία &

560 680 873 62 ſuperſtitioſo cultu apparet & humilitas, & ab¬

561 729 870 60 ſtinentia quædam macerarióque corporis maior

561 777 870 62 quàm in reliquis hominibus. Et quanquam peſſi¬

560 825 873 63 ma conſcientia præditi ſunt, neque ſint ipſi ſibi

561 874 872 63 conſcij ſe quod agunt, propter Dei gloriam age¬

556 922 876 58 re: hunc tamen fucum & prætextum purioris &

558 970 874 60 ſanctioris Dei cultus, clamoſiſsimè obtendunt.

561 1022 644 51 Sic quidam vocem hanc explicant.

604 1068 828 62 Alij hypocriſin ad impudentem potius auda¬

555 1118 876 52 ciam, qua vtuntur, referunt, cùm eo hominum

558 1172 873 57 genere nihil ſit magis effrons & impudens. Id

556 1214 873 64 quod etiam docet Paul.2. Timoth.3. Mihi verò

560 1264 870 62 videtur Paulus hîc tria complexus eſſe, nempe

555 1326 872 51 1 Doctrinam ipſam. 2 Mores. 3 Internum

555 1364 872 58 affectum animi. Sanæ, doctrinæ opponitur tum

556 1407 868 63 quod ſuprà dixit eam doctrinã Diabolicam eſſe:

554 1458 872 62 tum quod hoc loco vocat iſtos εώδολόγος, vel

554 1510 874 57 δαδολογίας: vt alij legere malunt hoc loco. Mori¬

554 1552 870 68 bus ſanctis opponit Paulus iſtorum hypocriſin,

554 1602 598 62 vti ferè in ſcriptura opponi ſolet.

608 1650 816 63 Interno animo affectui recto & pio, qualis in

550 1702 874 60 veris doctoribus ineſt, opponit Paulus conſcien¬

554 1748 872 80 tiam eam, quam cauterio notatam & infectam

1300 1812 123 57 vocat,
