1500 2172
579 158 117 38 20.

716 132 584 58 AD l. TAVL. AD TIM.

570 178 872 70 vitijs, & à Sathana poſſidentur. Quod quærit

570 232 872 64 Chryſoſtom. Quid de ijs ſtatuendum ſit, qui vel

567 278 876 62 falſò laudantur ab extraneis & infidelibus, vel

567 328 876 68 immeritò vituperantur. Reſponſio facilis eſt, Ec¬

567 378 873 68 cleſiam nimirum debere iudicium ſuum adhibe¬

567 441 867 50 ner nec diimo ea iiidenam iudragio pendere,

567 478 800 63 & ſtatuere, quid de eligendo fit ſentiendum.

627 573 814 69 8 Diaconos itidem honestos, non bilin¬

573 634 864 75 gues, non multo vino deditos, non turpiter

567 700 276 70 lucri cupidos.

622 764 828 66 Tranſitio eſt, ad Diaconos enim pertinet ſe¬

568 820 872 57 queo umputatio d pręceptio, quos deſcribit Pau¬

567 862 874 64 lus, & ordine quidem. Nam de Epiſcopis prius

566 915 873 58 egerat: ſequens igitur erat, vt ageret de Diaconis.

567 958 872 68 Hos enim duos ordines Eccleſia Dei maximè

566 1010 136 62 habet.

612 1048 828 74 In quo duo quærũtur. I Quid vox Αιάκονος hîc

564 1104 878 68 ſignificet. Ac ipſa per ſe & ex verbi etymo eſt la¬

567 1154 876 63 tiſſima huius vocis ſignificatio. Omnem enim

566 1202 876 69 Miniſtrum ſignificat ſiue priuatum, ſiue publicũ,

566 1252 872 64 id eſt, omnem eum, qui ſuam operam ſuúmque

567 1296 874 68 miniſterium alij exhibet. Vnde etiam Apoſtoli

567 1350 874 57 ipſi Diaconi nonnunquam in Scriptura vocãtur.

567 1395 870 62 Ex quo etiam factum eſt, vt quidam exiſtimarẽt,

566 1443 876 68 hîc Diaconi vocabulum priuatum Epiſcopi fa¬

567 1494 874 60 mulũ denotare, quem, qualis eſſe debeat, deſcri¬

567 1540 874 66 beret Paulus, ſed falluntur. Lata verò hæc ſignifi¬

567 1590 874 64 catio poſtea reſtricta eſt ad eos, qui in Eccleſia

567 1641 876 60 Dei ærarij pauperum curam, adminiſtrationémq;

567 1688 878 62 habent, & circa pauperum miniſterium & ſub¬

570 1736 872 84 leuationẽ occupantur, quales ij de quibus Acto.

1359 1790 82 68 6.&
