1500 2172
606 154 88 38 300.

772 135 573 54 AD I. PAVL. AD TIM.

602 178 862 64 eſſe eam vult Paulus interim tamen agnoſcere

604 234 861 63 virum caput ſuum, illíque ſubiici & parere. Nul¬

600 284 868 56 lan occaſionem. Subiectio eſt, quæ totius vitæ

604 333 862 57 Chriſtianæ ſcopum demonſtrat. Nos enim ędifi¬

603 382 864 56 cationi omnibus eſſe oportet Fidelibus & Infide

602 428 862 58 Iibus. Inſirmis & Validis. Itaq; hac ratione vſus

603 477 860 64 eſt ſępiſſimè Paulus vti ſup.3.ver.6.Tit.2.verſ.8.

604 530 860 58 ſed & Petrus quoque 1.epiſt. cap.2. verſ.12.15. &

604 578 861 58 Chriſtus ipſe Math.5.in ſi.idem argumentum af¬

604 628 862 58 ferunt. Ἀν τικειμένον autem generaliter accipio pro

604 675 858 56 calumniatore & aduerſario vti.2.Theſſa.2.ver.4.

603 732 862 51 Isec emim Sata iple maiedieit per ſe de doctrina,

604 777 862 54 ſed homines profani, Infideles & calumniatores

604 826 858 57 detrailunt d de nobis & de doctrina Chriſti,

608 870 336 64 quam profitemur.

660 926 804 72 15 Iam enim nonnulla deflexerunt, ſe¬

604 987 345 70 quubæ Satanam.

652 1048 820 68 Confirmatio eſt ſuperioris ſentẽtiæ ab exem¬

604 1104 866 63 plo. Debent enim aliena pericula reddere nos

604 1154 868 63 cautiores ac prudentiores. Nam felix, quem fa¬

604 1204 868 60 ciunt, aliena pericula cautũ. Hoc ipſum pro exẽ¬

606 1251 868 64 plo & documento Papiſtis eſſe debuit, vt tyranni

606 1300 868 64 cas ſuas de cœlibatu leges tollerent, & abroga¬

606 1348 868 62 rent, cùm inde tot mala naſci & emergere quoti¬

609 1396 866 64 die cernerent: ſed mordicus doctrinam ſuam nõ

610 1446 866 64 modo retinent, verum etiam ipſi Dei legi im¬

609 1494 867 66 piiſſimè præferunt. Neque tamen ſic ſemper con

610 1542 868 63 cludendum eſt. Illud omne nimirum eſſe mu¬

610 1590 867 68 tandum, vnde aliquod periculum, & aliqua di¬

609 1640 870 63 ſceſſio ab eccleſia ſit exorta. Sic enim omnis &

612 1688 864 58 correptio & diſciplina eccleſiaſtica tolleretur,

614 1737 866 78 propter quam multi à fide defecerunt, & ab ec¬

1370 1788 111 68 cleſia
