1500 2172
303 153 294 32 CARVI yI.

848 132 70 52 616

48 178 867 68 etiam ipſi pars Eccleſiæ, vti & Domini, quan¬

50 238 864 52 quam ratione hominum, non tam honorabilis &

48 279 866 66 digna ſit eorum conditio, quàm ipſorum domi¬

45 328 868 63 norum. Sed in Chriſto ( inquit Paulus) non eſt

48 382 866 60 ſeruus, neque liber Galat.3.verſ.28. Ergo vtrique

46 429 546 57 ad paſtorum curam pertinent.

98 472 816 63 Altera ratio eſt Quòd ſi qua maximè quæſtio

46 522 868 63 rixoſè agitata fuit ſub origine naſcentis Eccleſiæ

48 570 868 58 hæc vna fuiſſe videtur. Vtrum ſerui Chriſtiani

46 620 868 63 ſuis dominis parere deberent & ſubiici, vt antea

54 668 860 60 Itaque varijs in locis docet Paulus, ſed & alij

48 718 868 64 quoque Apoſtoli, quod ſit ſeruorum erga domi¬

45 765 872 57 nos ſuos officium, veluti Epheſ.6.Coloſ.4. Deni¬

46 812 868 64 que in epiſtola ad Tit.2.verſ.9. vbi cùm ſumma

45 876 870 46 tarituni Eplicopalis muneris capita complecti

46 912 866 56 vellet Paulus, de ſeruorum tamen officio memi¬

46 960 866 54 nit. Meminit etiam eorum Petrus luculenter I.

46 1011 867 54 epiſtola cap 2. verſ. 18. vt magni momenti fuiſſe

48 1060 753 58 hæc præcepta, & tunc neceſſaria appareat.

94 1108 819 58 Cur autem agitaretur hæc quæſtio de ſeruorũ

48 1156 866 64 Chriſtianorum ſubiectione, aut potius liberatio¬

42 1210 614 57 ne multiplex fuiſſe ratio videtur.

88 1251 825 66 Prima quòd propter ſuſceptam Chriſti fidẽ

42 1312 870 52 & vocatſonem ad Euangenum, dommis ſuis iam

45 1356 867 51 vel adæquati, vel etiam ſuperiores dignioréſue

42 1398 870 63 cenſebantur. Adæquati quidem Chriſtianis do¬

42 1446 870 63 minis, quia in Chriſto neque eſt ſeruus, neque li¬

45 1496 868 62 ber quiſquam. Digniores autem dominis infide¬

42 1542 870 62 libus, quibus eos Chriſtianos homines parêre vi¬

45 1593 426 56 debatur iniquiſſimum.

94 1641 813 60 Secunda ratio eſt exemplum Hebræorum,

44 1692 867 60 qui ſerui erant. At hi poſt ſextum annum, nempe

42 1740 868 74 anno ſeptimo, liberi dimittebantur quemadmo¬
