1500 2172
560 138 104 33 Feu.

718 118 573 48 AD I. TAVL. AD TIM.

598 159 824 64 Hæc autem omnia locum demum habent

554 214 867 62 poſtquam publicè quis ex Eccleſia eiectus eſt:

552 264 868 58 nõ autem prius quàm publicè ſit excõmunicatus.

549 312 870 63 Et quod affertur ex Auguſt. lib. de Vnitate Ec¬

552 360 867 64 cleſiæ cap. 20. etiam antequam quis viſibiliter

550 410 864 64 excommunicatus ſit, præciſum eſſe ab Eccleſia,

552 459 864 62 pertinet ad mentis & conſcientiæ terrorem in¬

550 506 866 68 cutiendum & piam commonefactionem hæreti¬

550 567 864 52 corum hominum:non autem vt eos pari loco ha¬

550 603 866 64 beamus, atque qui iam palàm & totius Eccleſiæ

549 652 648 64 ſuffragio rectè ſunt excommunicati.

602 699 813 66 Videtur tamen omnibus, quæ hactenus dicta

548 750 868 58 ſunt, de effectis excomunicationis obſtare quod

544 801 870 57 ait Paulus, etiam excommunicatum, vt fratrem

548 846 866 66 eſſe agnoſcendum. Cui ipſi repugnat quod ait

543 896 870 58 Chriſtus Matth. 18. excommunicatum habendũ

540 944 873 64 eſſe pro Ethnico & infideli. Ergo nõ pro fratre.

543 993 868 63 Hæ ſententiæ in ſpeciem pugnantes ita primùm

540 1041 864 64 ſunt inter ſe conciliandæ, vt quod ait Chriſtus,

542 1090 870 64 non interpretemur ἀπῶς & κτ πάντα. Nec enim

538 1138 870 64 omnino par aut æqualis debet iud icari excom¬

540 1185 867 69 municati & infidelis conditio, ſed in quibuſdam

537 1238 866 63 tantùm. Eſt enim diſſimilis vtriuſque ſtatus in eo

540 1286 866 66 quod excommunicatus Baptizatus eſt: itaque

538 1332 868 68 Chriſtianus & Prope eſt. At infidelis & Ethnicus

540 1383 866 64 Baptizatus non eſt, & Procul eſt. Sed in eo eſt ſi¬

536 1428 867 70 millima vtriuſque conditio, quòd legitimè &

534 1478 867 64 verè excommunicatus. 1 vti & Ethnicus in

531 1524 873 69 Eccleſia non eſt, nec de Eccleſia 2 Quod nulla

530 1576 872 64 priuata & familiaris noſtra cum vtroque conuer¬

528 1623 873 68 ſatio eſſe debet. 3 Quod ſi vterque talis eſſe

528 1672 872 76 perſeueret, regno Dei vitáque æterna excludi¬

526 1728 80 54 tur.

1264 1780 124 76 Quod
