1500 2172
360 140 268 27 ChRVIV.

902 111 54 75 578

94 158 870 76 & in eo magnum vſum habeat. Quare hic totus

98 216 866 63 locus hunc canonem vthimnimanee valde neceſ¬

98 262 834 60 ſarium ex noſtra interpretatione continebit.

104 310 858 64 In cenſuris Eccleſiaſticis præpoſiti Eccleſiæ

94 358 867 72 ne temerè progrediuntor: ſed Deum ipſum præ¬

96 414 864 64 euntem ſequuntor, qui ſuo tempore bonos &

98 462 294 56 malos detegit.

138 501 820 72 Malos, antequam à Deo patefacti fuerint, præ¬

96 566 862 52 pouiti ne eiiciunto. Bonos autem, antequam i¬

96 604 860 66 pſis operib' tales apparuerint, ne ſpeciali hono¬

92 656 866 63 re præpoſiti decoranto: aut cæteris præferunto.

135 704 825 62 Horum autem omnium canonum ratio eſt illa

90 750 867 64 quam affert Paulus, quòd nimirum multorum

90 806 866 57 peccata ſæpe latent ídque diu: multorum etiam

87 846 868 66 ſæpe bona opera & candor animi & ſynceritas

87 894 864 66 diu occulta manet, ita Domino diſpenſante res

86 944 854 63 humanas e áſque adminiſtrante.

129 990 825 70 Cur autem id accidat magna ſapientíque Der

87 1041 867 68 prouidentia fit. Nam ſi quicunque ſunt improbi

86 1089 864 72 & hypocritæ in Dei Eccleſia, ſtatim apparerent,

81 1144 870 60 neque piorum fides explorari & probari tam

80 1186 872 68 certò poſſet: neque pij ipſi tam officioſi in hoc

80 1238 870 63 mundo viuerent, neque etiam tuti eſſent, ſed ab

81 1284 864 69 impijs opprimerentur. Facit igitur hæc commi¬

78 1335 872 63 ſtio, vt melius, certiûſque qui ſunt probi & veri

78 1382 866 66 Dei ſerui manifeſti fiant, cùm, tã multis diffluen¬

78 1430 872 66 tibus & eiectis, illi firmi tamen maneant. Sic hæ¬

76 1480 873 64 reſes probant piorum fidem, quemadmodũ Pau¬

78 1528 870 64 lus ait I.Corinth.11.verſ.19. Præterea ſi pij omnes

78 1576 870 66 agnoſcerentur, impij verò apertè quoque ſtatim

78 1624 873 66 oſtenderentur à Deo, nulla ſpes reſipiſcentiæ re¬

76 1671 873 69 licta illis videretur, omníſque noſtræ in delin¬

78 1724 872 74 quentibus conuertendis induſtriæ & charitatis

708 1774 74 75 B.j.

99 1782 123 52 3166
