1500 2172
546 162 86 44 327

700 134 576 63 AD I. PAVL. AD TIM.

543 184 868 78 nachatu, poſſe homines placere Deo. Bernard.in

543 237 867 70 in ſermo.in Pſal. Audiam:tam coniugatos, quàm

544 296 867 68 Monachos eſſe faluandos aiſi mat, & idem in ſer¬

546 342 546 63 mone 66.in Canticum cantic.

597 384 816 68 Eorum genera fuerunt primùm duo tantùm,

546 434 867 72 Eremitarum, & Cœnobitarum, vt ait Sozomen.

546 483 868 74 lib.3.cap.16. Quæ multiplicata poſtea, vt docet

548 532 867 72 Euagrius lib.1 cap.21. in quatuor excreuerunt, vti

549 579 860 74 etiam ex Caſſiano apparet Collat. 18.cap.4. Alij

544 628 867 72 enim fuerunt Cœnobitæ, alij Anachoretæ, alij

549 674 867 78 Sarabaitæ, alij Rhomoboitæ, vt etiam docet Hie¬

548 726 872 72 rony. Cœnobitæ qui ſub vno capite in cœtu vi¬

549 776 868 70 uunt: Anachoretæ qui in cœnobiis primum inſti¬

548 822 870 72 tuti, ſeorſim poſtea vel ſinguli, vel bini in ſolitu¬

549 868 872 70 dines ſecedunt, ibíque habitant, nõ in cœtu. Ho¬

546 916 874 75 rum author fuiſſe dicitur ab aliis Paulus quidam,

549 969 872 69 ab aliis Antonius. Quod vitæ genus planè ferum

549 1016 874 70 eſt & agreſte & ab ipſa hominis natura & defini¬

549 1065 876 69 tione diſſentaneum, qua dicitur homo eſſe ζῶον

549 1113 876 69 πολιταὸν, & præclarè M. Tullius docet ne ſi qui¬

555 1164 868 70 dem alicui omnia virgulta diuina ſuppeterent, o¬

555 1212 870 72 ptaturum tamen eum vt viueret in ſolitudine &

556 1258 868 74 procul àreliquis mortalibus more ferarum, quod

556 1308 870 64 iſti Anachoretæ faciunt. Sarabaitæ in cellulis ha¬

560 1354 868 74 bitãt, & Ana choretis ſunt peiores. homines vagi

560 1407 868 74 ce aduri qurihirgypto præſertim fuerunt. Rho¬

558 1454 873 74 moboitæ qui terni habitant in cellulis ſuo arbi¬

560 1504 868 70 tratu viuentes, effrenes, & nulli capiti parentes.

560 1546 870 76 Hi peſſimi omnium vt in epiſt. ad Euſtoch. teſta¬

560 1599 872 75 tur Hierony. qui eos vidit Stilidæ ſiue Columna¬

560 1647 870 74 rii à Simeone inſtituti, vt ait Euagrius, qui in co¬

561 1698 872 69 lumnis habitant, vt nec in terra, nec in cœlo vi¬

562 1748 872 84 uere videantur. Socrat. lib.4.cap.23 4.hæc gene¬

1396 1802 34 63 ra
