1500 2172
886 132 64 74 494

322 153 270 33 CAPVT V.

86 180 870 81 nis tam ſeriæ eſt duplex. Primùm quòd de re ma

84 238 874 72 ximi momẽti, & latè fuſa & patenti acturus exci¬

87 288 868 72 tare eos voluit quos affatur, & ad quos hoc præ¬

84 338 868 69 ceptum pertinet, quos hoc fulgure & ſtimulo per

86 381 864 75 ſtringit. Agitur enim de Iudiciorũ ſynceritate, ex

86 435 864 69 qua vna re tum vitæ & ſocietatis humanę conſer¬

80 480 870 74 uatio:tum eccleſiæ ipſius vinculum, pax & diſci¬

80 530 870 70 plinæ omnis ratio pendet. Itaque hac ſynceritate

78 578 872 70 neglecta, aut violata multã rerum confuſionem

78 627 872 68 & perturbationem tum in politicis, tum in ec¬

74 674 876 75 cleſiaſticis rebus ſequi neceſſe eſt. Altera ratio ad

74 723 872 75 dendæ huius obteſtationis eſt rei ipſius, quæ præ

72 774 874 69 cipitur, difficultas. Nihil enim tam arduum & dif

70 819 872 74 ficile etiam optimo cuique &cordatiſſimo, quàm

68 872 872 72 illam ſynceram, æquam, & mediam viam in iudi¬

68 921 873 69 cando tenere, vt in nullam partem vel perſonarũ

64 970 874 70 acceptatione & reſpectu: vel ipſe proprio animi

64 1017 873 66 motu à veritate vel officio deflectas. Admonet

66 1092 868 46 emnime Paulus Pimotneum, non gregarium

64 1116 867 72 quempiam & nouitium paſtorem: ſed egregium

62 1167 870 63 & inſignem. Itaque proponit Paulus nlobis alios

58 1214 873 69 noſtræ ſententiæ iudices futuros, quorum reue¬

58 1263 870 69 rentia & metu affici debemus, ne quid vel ho¬

57 1314 747 63 minibus vel noſtris affectibus tribuamus.

105 1359 826 72 Singula vero huius obteſtationis verba ſuntdi

54 1408 874 69 ligenter obſeruanda & perpendenda. Ac primũ

58 1458 872 72 quod vel ludices vel teſtes quos producit pre¬

52 1506 873 72 ſentes eſſe teſtatur. Quod enim dicit perinde eſt,

54 1558 872 68 atq; ſi ſpectatores, ac αυτόωτας eos eſſe affirmaret

48 1604 874 68 deinde teſtes adhibet grauiſſimos nempe, Deum

48 1648 874 74 ipſum, Ieſum Chriſtum, & Angelos ſanctos. Dei

45 1702 878 68 nomine hîc propriè patrem intelligimus, quòd

45 1749 874 86 Ieſu Chriſti Filij ſeorſum poſtea facta mentio
