1500 2172
546 165 96 48 1242

722 138 561 62 AD I. PAVL. AD TIM.

549 183 866 92 feras, nihil faciens in alteram partem decli¬

549 274 160 50 nando.

592 320 824 81 Alius canon, qui tamen ex ſuperiori pendet. I¬

548 374 866 72 taque hic verſiculus eſt ἀκολέθησις. Cùm enim

548 423 866 70 de iudicio aduerſus Preſbyteros inſtituendo ſu¬

548 474 866 69 pra præceperit, docet, quale hoc iudicium eſſe

543 528 732 62 & fieri debeat, ne in iudicando peccetur.

592 573 820 62 Eſt autem huius canonis ſumma, ſummam in

548 618 866 74 Eccleſiaſticis iudiciis ſynceritatem adhibendam

544 669 867 70 eſſe, ne vel in perſonarum iudicandarum acce¬

544 722 867 68 ptatione, vel ipſius iudicãtis temeritate peccetur

548 770 862 66 Hoc autem præceptum quanquam à Paulo in ijs

544 816 864 66 iudicijs, quæ aduerſus Preſbyteros & Paſtores

544 866 866 64 Eccleſiæ exercentur traditum eſt, tamen in vni¬

543 910 864 69 uerſum ad omnia iudicia, ſiue politica, ſiue Ec¬

543 962 866 69 cleſiaſtica pertinet, de quocunque ſiue priuato,

543 1016 866 63 ſiue ἠγυμένω illa fiant. Atque hunc canonem in o¬

542 1056 867 72 mnibus Eccleſiaſticis iudicijs obtinere debere

543 1106 867 69 præclarè traditum eſt à Theodorito lib Hiſtor.

543 1155 867 72 2.cap.16. & à Libero Rom. Epiſcopo reſponſum

542 1206 866 63 aduerſus Conſtantii imperatoris minas Athana¬

538 1254 873 70 ſium ex præiudicio quodam deponi pręcipientis.

544 1305 862 69 Hoc idem etiam præceptum in politicis iudicijs

537 1353 870 64 locum habere apparet ex 2. Chronic.19. verſ.6.a¬

538 1401 868 66 deò vt maximi ſit vſus in omnibus rebus, sítque

540 1449 867 68 ipſius iudicum conſcientiæ dirigendę tanquam

537 1498 870 63 norma, vt rectè officium faciant. Nos tamen de

538 1546 870 66 Eccleſiaſticis tantùm iudicijs hîc agemus Pauli

540 1598 868 62 veſtigijs inſiſtentes. Non nudè autem, neque ſim¬

537 1642 870 66 pliciter hoc præcipit Paulus, ſed cũ obteſtatione,

537 1695 873 63 eáque grauiſſima, & terribili, quemadmodum

532 1740 876 80 loquitur Chryſoſt. Ratio autem huius obteſtatio¬

1342 1788 68 76 nis
