1500 2172
722 135 573 57 AD I. PAVL. AD TIM.

561 147 102 52 261

554 182 868 70 ex eorum ſenſu accipiatur. Nam Sacerdotum, qui

552 238 867 63 Chriſtum damnarunt, collegium ex eorum defi¬

548 285 866 66 nitione erit Eccleſia. Atque hi tamen grauiſſimè

549 334 866 62 errarunt, & veram atque vnicam illam Dei veri¬

546 382 868 64 tatem, id eſt, Chriſtum ipſum reiecerunt. Deinde

548 429 866 68 cùm ipſi illi Papiſtȩ́ non ſint Eccleſia Dei, fruſtrà

549 478 864 68 ad ſe transferunt hanc laudem. Fatemur quidem

548 528 872 64 Eccleſiam, quatenus vnicum & purum illud Dei

550 576 861 68 verbum pro fidei regula amplectitur, retinet, &

546 624 861 66 ſequitur, falli non poſſe: ſed quia hominibus cõ¬

546 672 867 69 ſtat Eccleſia, in quibus ſæpe maior pars meliorẽ

546 722 862 68 vincit, quíque non ſemper ad ſolum Dei verbum

544 771 862 64 collimant, aut attendunt: vel qui purum Dei ver¬

542 820 868 64 bum etiam propoſitum non retinent, idcirco

543 882 870 44 recte dieſtur etiai fuiumour cœtus, qui Dei

542 915 870 60 Eccleſia dicuntur in his terris, errare poſſe, & ſæ¬

543 966 864 63 pè etiam grauiſſimè erraſſe, vt apparet in ſecun¬

543 1012 864 66 da Synodo Nicęna, vbi idololatria conſtituta eſt.

596 1110 807 76 16 Et ſine controuerſia magnum eſt

538 1190 864 56 pittati myſitrium: Heus tonſpicuus factus

537 1227 867 74 eſt in carne, iuſtificatus eſt in ſpiritu, conſpe¬

537 1284 862 74 ctus est ab Angelis, prædicatus eſt Gentibus,

537 1338 867 81 fides illi habita eſt in mundo, ſurſum receptus

538 1394 292 75 eſt in gloriam.

584 1486 819 80 Altera miniſterij Euangelici commendatio à

538 1542 868 70 ſubiecto & materia, circa quam verſatur. Hanc

538 1594 866 66 autem, vocat myſterium magnum, quod ex¬

537 1641 866 72 plicat quale, quantúmque ſit, quò magis ad ſuum

534 1690 867 63 rnunus attendant præpoſiti Eccleſiæ, illudquè re¬

1184 1746 68 24 4

1266 1744 33 27 3

531 1737 870 82 uerenter colant, ñon autem perfanctorie. Similis

1282 1791 118 78 etiàm
