1500 2172
574 140 90 34 STF.

722 112 573 52 ADI PAVL. AD TIM.

567 164 856 64 ptiſtæ, & Enthouſiaſtæ quidam nebulones me¬

564 214 861 54 ritò reiiciuntur, qui vocationes in eccleſia Dei ſe

566 264 860 63 curè ſpernunt, vt ſe ingerant, atque intrudant ad

562 320 858 57 ecclelialtiea munera magno animi faſtu & am¬

561 358 172 56 bitione.

586 406 832 68 Ergo propter tria præcedere legitima vocatio

561 459 862 62 debet, antequam quis munus aliquod in eccleſia

558 506 861 64 Dei gerat vel ſumat. I Propter Dei pręceptum.

561 555 858 62 2 Propter eccleſiæ ipſius ordinem & diſciplinã.

562 604 856 64 3 Propter ipſius, qui dignitatem illam accipit,

556 654 864 62 conſcientiam, quæ aliàs nunquam tuta & quieta

555 699 866 66 eſſe poteſt:non magis quàm furis quandiu re à ſe

555 750 864 60 furto ablata vtitur, vel eam retinet. Magnam e¬

555 801 862 58 nim animis noſtris conſolationem affert legiti¬

555 848 864 60 ma vocatio, quoties à peruerſis, vel obſtinatis

554 903 868 58 nommous vexamur, & negotia nobis præbet

556 938 390 64 Satan. Quid eſt? Reſp.

604 988 812 64 Vocatio igitur hæc, eſt ad munus aliquod fa¬

554 1035 864 63 cta ab alio, quàm a ſeipſo, adoptio ac deſignatio.

554 1086 742 62 Hæc igitur duplex eſt. Interna & Externa.

598 1134 816 63 Interna eſt à Deo, ac, ea quidem immediaté,

552 1185 866 63 Externa verò, etſi à Deo eſt, quia ipſe illius cele¬

549 1230 868 66 brandæ modum verbo ſuo præſcripſit: mediatè

549 1278 866 64 tamen eſt ab hominibus illam Dei ordinationẽ

549 1328 862 60 ſequentibus. Neutra ſine altera tuta ſatis eſſe po¬

548 1378 866 62 teſt vel ſalutaris: Interna tamen potior eſt: ſed

549 1425 525 57 externa noſtri ;atione tutior.

592 1474 820 62 Interna vocatio eſt interna & latens animi no¬

543 1518 870 68 ſtri affectio atque inclinatio à Deo immiſſa ad a¬

544 1569 867 66 liquod legitimum munus gerendum, quæ illius

543 1616 870 70 deſiderium in animo noſtro parit. Igitur affectus

538 1665 872 68 infunditur à Deo, neque ex ambitione, neque ex

537 1718 870 84 auaritia,nec ex alio aliquo turpi vel carnali motu

1282 1776 120 62 in no¬
