<?xml version='1.0' encoding='UTF-8'?>
<alto xmlns:xsi="http://www.w3.org/2001/XMLSchema-instance" xmlns="http://www.loc.gov/standards/alto/ns-v4#" xsi:schemaLocation="http://www.loc.gov/standards/alto/ns-v4# http://www.loc.gov/standards/alto/v4/alto-4-2.xsd">
  <Description>
    <MeasurementUnit>pixel</MeasurementUnit>
    <sourceImageInformation>
      <fileName>2013027.jpeg</fileName>
    </sourceImageInformation>
  </Description>
  <Tags>
    <OtherTag ID="BT7" LABEL="CustomZone" DESCRIPTION="block type CustomZone"/><OtherTag ID="BT8" LABEL="DamageZone" DESCRIPTION="block type DamageZone"/><OtherTag ID="BT9" LABEL="DigitizationArtefactZone" DESCRIPTION="block type DigitizationArtefactZone"/><OtherTag ID="BT10" LABEL="DropCapitalZone" DESCRIPTION="block type DropCapitalZone"/><OtherTag ID="BT11" LABEL="GraphicZone" DESCRIPTION="block type GraphicZone"/><OtherTag ID="BT12" LABEL="MainZone" DESCRIPTION="block type MainZone"/><OtherTag ID="BT13" LABEL="MarginTextZone" DESCRIPTION="block type MarginTextZone"/><OtherTag ID="BT14" LABEL="MusicZone" DESCRIPTION="block type MusicZone"/><OtherTag ID="BT15" LABEL="NumberingZone" DESCRIPTION="block type NumberingZone"/><OtherTag ID="BT17" LABEL="QuireMarksZone" DESCRIPTION="block type QuireMarksZone"/><OtherTag ID="BT18" LABEL="RunningTitleZone" DESCRIPTION="block type RunningTitleZone"/><OtherTag ID="BT19" LABEL="SealZone" DESCRIPTION="block type SealZone"/><OtherTag ID="BT20" LABEL="StampZone" DESCRIPTION="block type StampZone"/><OtherTag ID="BT21" LABEL="TableZone" DESCRIPTION="block type TableZone"/><OtherTag ID="BT22" LABEL="TitlePageZone" DESCRIPTION="block type TitlePageZone"/><OtherTag ID="BT3407" LABEL="MainZone-Continued" DESCRIPTION="block type MainZone-Continued"/><OtherTag ID="BT3408" LABEL="MainZone-P" DESCRIPTION="block type MainZone-P"/><OtherTag ID="BT3409" LABEL="MainZone-Head" DESCRIPTION="block type MainZone-Head"/><OtherTag ID="BT3410" LABEL="MainZone-Other" DESCRIPTION="block type MainZone-Other"/><OtherTag ID="BT3411" LABEL="MainZone-Sp" DESCRIPTION="block type MainZone-Sp"/><OtherTag ID="BT3417" LABEL="MainZone-Sp-Continued" DESCRIPTION="block type MainZone-Sp-Continued"/><OtherTag ID="BT3418" LABEL="GraphicZone-Decoration" DESCRIPTION="block type GraphicZone-Decoration"/><OtherTag ID="BT3419" LABEL="MainZone-Entry" DESCRIPTION="block type MainZone-Entry"/><OtherTag ID="BT3420" LABEL="MainZone-Lg" DESCRIPTION="block type MainZone-Lg"/><OtherTag ID="BT3421" LABEL="MainZone-Entry-Continued" DESCRIPTION="block type MainZone-Entry-Continued"/><OtherTag ID="BT3422" LABEL="MarginTextZone-ManuscriptAddendum" DESCRIPTION="block type MarginTextZone-ManuscriptAddendum"/><OtherTag ID="BT3423" LABEL="MainZone-List" DESCRIPTION="block type MainZone-List"/>
    <OtherTag ID="LT7" LABEL="CustomLine" DESCRIPTION="line type CustomLine"/><OtherTag ID="LT8" LABEL="DefaultLine" DESCRIPTION="line type DefaultLine"/><OtherTag ID="LT9" LABEL="DropCapitalLine" DESCRIPTION="line type DropCapitalLine"/><OtherTag ID="LT10" LABEL="HeadingLine" DESCRIPTION="line type HeadingLine"/><OtherTag ID="LT11" LABEL="InterlinearLine" DESCRIPTION="line type InterlinearLine"/><OtherTag ID="LT12" LABEL="MusicLine" DESCRIPTION="line type MusicLine"/>
  </Tags>
  <Layout>
    <Page WIDTH="1500" HEIGHT="2172" PHYSICAL_IMG_NR="23" ID="eSc_dummypage_">
      <PrintSpace HPOS="0" VPOS="0" WIDTH="1500" HEIGHT="2172">
        <TextBlock HPOS="391" VPOS="174" WIDTH="298" HEIGHT="60" ID="block_1" TAGREFS="BT18">
          <Shape><Polygon POINTS="391 174 689 174 689 234 391 234 391 174"/></Shape>
          <TextLine ID="line_1" TAGREFS="LT8" BASELINE="390 212 688 216" HPOS="388" VPOS="192" WIDTH="300" HEIGHT="42">
            <Shape><Polygon POINTS="656 192 644 192 632 192 620 192 608 192 596 192 584 192 572 192 560 192 548 192 536 192 524 192 512 192 500 192 488 192 474 192 462 192 450 192 438 192 426 192 414 192 402 192 390 192 390 212 388 232 484 234 486 234 488 234 488 234 488 234 492 231 500 224 526 231 546 234 548 234 549 234 556 230 567 225 602 230 644 234 645 234 687 228 688 216 687 195 663 192 656 192"/></Shape>
            <String CONTENT="CAPVT III." HPOS="388" VPOS="192" WIDTH="300" HEIGHT="42" WC="0.9922707915306092"/>
          </TextLine>
        </TextBlock>
        <TextBlock HPOS="939" VPOS="199" WIDTH="55" HEIGHT="51" ID="block_2" TAGREFS="BT15">
          <Shape><Polygon POINTS="939 199 994 199 994 250 939 250 939 199"/></Shape>
          <TextLine ID="line_2" TAGREFS="LT8" BASELINE="938 226 987 228" HPOS="938" VPOS="178" WIDTH="50" HEIGHT="68">
            <Shape><Polygon POINTS="938 226 938 240 984 246 987 228 987 178 939 178 938 226"/></Shape>
            <String CONTENT="172" HPOS="938" VPOS="178" WIDTH="50" HEIGHT="68" WC="0.9998880624771118"/>
          </TextLine>
        </TextBlock>
        <TextBlock HPOS="123" VPOS="239" WIDTH="878" HEIGHT="201" ID="block_3" TAGREFS="BT3407">
          <Shape><Polygon POINTS="123 239 1001 239 1001 440 123 440 123 239"/></Shape>
          <TextLine ID="line_3" TAGREFS="LT8" BASELINE="128 268 1002 288" HPOS="126" VPOS="218" WIDTH="876" HEIGHT="88">
            <Shape><Polygon POINTS="802 252 800 234 786 232 753 232 752 232 750 232 748 232 742 238 738 240 716 240 712 237 706 232 706 231 705 231 704 231 704 231 658 234 622 238 566 232 512 226 512 226 510 226 500 230 488 234 444 228 424 225 423 225 399 226 333 231 320 224 318 222 316 222 315 222 314 222 314 222 312 224 302 231 252 231 236 222 234 222 234 222 201 228 128 218 128 268 126 279 237 290 238 290 240 290 264 284 290 291 291 291 292 291 399 286 454 296 456 296 510 290 585 296 586 296 670 292 678 298 678 298 680 298 681 298 814 296 838 303 838 303 840 303 842 303 861 297 946 306 948 306 1000 298 1002 288 1002 246 986 237 984 237 982 237 981 237 981 237 969 244 891 237 890 237 834 240 831 240 828 240 802 234 802 252"/></Shape>
            <String CONTENT="&amp; imprimis verbi ſui fidelibus Miniſtris Matth.G" HPOS="126" VPOS="218" WIDTH="876" HEIGHT="88" WC="0.9970955563088258"/>
          </TextLine>
          <TextLine ID="line_4" TAGREFS="LT8" BASELINE="132 316 999 336" HPOS="130" VPOS="276" WIDTH="868" HEIGHT="80">
            <Shape><Polygon POINTS="130 328 224 330 228 333 238 339 240 339 240 339 242 339 280 333 292 333 310 334 354 342 356 342 434 339 474 338 502 340 542 345 543 345 576 344 616 339 622 345 626 346 627 346 628 346 628 346 630 346 636 345 648 340 664 345 672 348 674 348 675 348 690 346 728 342 744 348 752 351 753 351 998 356 999 336 999 297 938 302 920 296 914 292 912 292 910 292 909 292 906 296 890 302 872 294 867 291 866 291 864 291 864 291 856 294 836 298 826 292 824 290 822 290 820 290 820 290 819 290 818 290 814 292 804 300 742 300 690 290 674 286 672 286 672 286 666 290 640 296 567 296 554 285 552 285 550 285 512 284 510 284 492 284 414 291 404 282 402 282 402 280 400 280 400 280 399 280 388 282 358 286 351 280 350 279 348 279 346 279 345 279 345 279 339 280 306 290 291 284 290 284 290 284 224 285 208 278 208 278 207 278 206 278 202 278 168 285 134 276 132 316 130 328"/></Shape>
            <String CONTENT="verſ.25. etſi Eccleſia ijs non ſubuenerit. Deinde" HPOS="130" VPOS="276" WIDTH="868" HEIGHT="80" WC="0.9946364882040997"/>
          </TextLine>
          <TextLine ID="line_5" TAGREFS="LT8" BASELINE="126 366 994 386" HPOS="124" VPOS="348" WIDTH="870" HEIGHT="58">
            <Shape><Polygon POINTS="801 351 789 354 777 354 765 354 753 354 746 354 741 354 729 354 717 354 705 354 693 354 681 354 669 354 657 354 645 354 633 354 621 354 609 354 597 354 594 354 584 356 579 354 573 354 561 354 549 354 537 354 524 354 512 354 500 354 488 354 476 354 464 354 452 354 440 354 428 354 416 354 404 354 392 354 380 354 368 354 356 354 344 354 332 354 320 354 308 354 296 354 284 354 272 354 258 354 246 354 234 354 222 354 210 354 198 354 186 354 174 354 162 354 150 354 138 354 126 354 126 366 124 378 156 378 159 380 165 386 166 386 166 386 168 386 208 382 234 380 242 382 261 390 262 390 298 392 300 392 360 387 375 386 381 387 400 394 400 394 402 394 478 390 548 387 628 394 628 394 705 390 754 399 777 402 858 404 858 404 860 404 862 402 873 396 882 402 884 405 885 405 886 405 888 405 908 404 963 400 993 406 994 386 994 357 802 348 801 351"/></Shape>
            <String CONTENT="nonneijs præcipue, vti Chriſtianis pauperibus," HPOS="124" VPOS="348" WIDTH="870" HEIGHT="58" WC="0.9994453450907832"/>
          </TextLine>
          <TextLine ID="line_6" TAGREFS="LT8" BASELINE="128 412 771 426" HPOS="126" VPOS="375" WIDTH="645" HEIGHT="70">
            <Shape><Polygon POINTS="128 412 126 424 238 428 246 435 246 436 246 436 248 436 249 436 250 436 264 430 302 438 303 438 304 438 306 438 306 436 314 430 360 438 362 438 411 432 514 438 516 438 518 438 526 434 543 442 544 442 546 442 591 436 632 444 633 444 660 438 666 444 668 444 669 444 670 444 698 438 698 438 699 438 714 446 716 446 716 446 770 438 771 426 771 387 684 386 682 386 681 386 660 394 652 386 652 384 651 384 650 384 648 384 648 384 602 394 596 388 596 388 594 388 592 388 592 388 423 390 334 382 333 382 333 382 308 388 128 375 128 412"/></Shape>
            <String CONTENT="exærario pauperum erogari debuit?" HPOS="126" VPOS="375" WIDTH="645" HEIGHT="70" WC="0.9960849158691637"/>
          </TextLine>
        </TextBlock>
        <TextBlock HPOS="117" VPOS="440" WIDTH="880" HEIGHT="586" ID="block_4" TAGREFS="BT3408">
          <Shape><Polygon POINTS="117 440 997 440 997 1026 117 1026 117 440"/></Shape>
          <TextLine ID="line_7" TAGREFS="LT8" BASELINE="174 464 993 482" HPOS="172" VPOS="418" WIDTH="820" HEIGHT="81">
            <Shape><Polygon POINTS="174 464 172 478 177 482 177 483 178 483 178 483 180 483 336 480 351 486 351 486 352 486 393 482 456 489 458 489 496 484 500 484 502 484 530 490 530 490 594 486 608 486 621 488 675 494 676 494 696 490 699 489 704 490 720 495 722 495 722 495 758 492 771 490 772 492 776 495 777 495 777 496 777 496 778 496 780 496 812 494 826 492 831 494 836 498 837 498 838 498 838 500 993 500 993 482 993 448 939 435 938 435 938 435 915 446 914 446 885 434 884 434 765 430 765 430 764 430 732 441 724 442 710 440 666 432 666 432 634 438 620 440 615 438 609 432 608 432 606 432 604 432 549 435 504 438 492 434 468 424 466 424 465 424 408 426 406 426 406 426 399 430 392 435 252 432 242 426 230 418 228 418 228 418 226 418 174 424 174 464"/></Shape>
            <String CONTENT="Secunda verò iſtius poſtulationis ab ordinan¬" HPOS="172" VPOS="418" WIDTH="820" HEIGHT="81" WC="0.9981140442516493"/>
          </TextLine>
          <TextLine ID="line_8" TAGREFS="LT8" BASELINE="126 512 993 528" HPOS="124" VPOS="471" WIDTH="868" HEIGHT="75">
            <Shape><Polygon POINTS="126 512 124 530 334 530 350 531 374 536 375 536 434 532 460 531 471 532 498 538 500 538 500 538 512 534 514 532 674 534 676 536 682 543 684 543 684 543 686 543 759 537 762 537 768 537 872 546 873 546 992 540 993 528 992 500 945 500 944 496 932 488 932 488 930 488 928 488 927 488 909 495 906 498 870 498 858 494 820 486 820 486 746 489 740 484 740 483 740 483 738 483 736 483 735 483 714 489 699 494 512 490 488 482 474 478 474 478 472 478 444 480 381 486 369 478 369 477 368 477 366 477 364 477 340 477 264 480 252 474 249 474 248 474 246 474 240 474 192 483 174 472 172 472 172 472 126 471 126 512"/></Shape>
            <String CONTENT="dis ratio fuit, quòd continentes Miniſtros ſan¬" HPOS="124" VPOS="471" WIDTH="868" HEIGHT="75" WC="0.987461294978857"/>
          </TextLine>
          <TextLine ID="line_9" TAGREFS="LT8" BASELINE="123 561 993 579" HPOS="123" VPOS="522" WIDTH="870" HEIGHT="76">
            <Shape><Polygon POINTS="123 561 123 579 222 582 222 582 224 582 238 576 250 584 252 584 252 584 254 584 272 584 406 579 465 586 474 588 474 588 496 588 639 585 714 592 722 592 723 592 728 592 760 586 810 594 819 596 820 596 838 596 944 591 990 598 993 579 993 549 975 543 974 543 972 543 926 546 912 537 910 537 909 537 908 537 876 543 850 536 850 536 849 536 848 536 846 536 836 543 742 534 741 534 740 534 740 534 740 536 732 542 729 543 704 543 696 540 678 532 676 532 675 532 621 537 585 540 471 538 447 531 436 530 435 530 434 530 432 530 432 530 429 531 418 536 380 536 363 530 356 525 354 525 352 525 310 528 228 531 123 522 123 561"/></Shape>
            <String CONTENT="ctiores, quàm coniugatos eſſe exiſtimarent &amp;" HPOS="123" VPOS="522" WIDTH="870" HEIGHT="76" WC="0.9882472687297397"/>
          </TextLine>
          <TextLine ID="line_10" TAGREFS="LT8" BASELINE="122 610 992 627" HPOS="120" VPOS="572" WIDTH="872" HEIGHT="69">
            <Shape><Polygon POINTS="122 610 120 626 988 640 992 627 992 594 981 586 981 586 980 586 978 586 866 591 789 591 774 582 772 582 771 582 771 582 742 590 740 590 736 590 678 579 676 579 578 585 556 585 555 585 549 579 549 579 548 579 546 579 512 584 496 585 464 582 368 573 366 573 327 579 306 580 280 578 243 572 242 572 122 573 122 610"/></Shape>
            <String CONTENT="mundiores, quia Dominus iuſſiſſet ſuum populũ" HPOS="120" VPOS="572" WIDTH="872" HEIGHT="69" WC="0.990892090227293"/>
          </TextLine>
          <TextLine ID="line_11" TAGREFS="LT8" BASELINE="122 658 992 674" HPOS="120" VPOS="616" WIDTH="872" HEIGHT="75">
            <Shape><Polygon POINTS="122 658 120 669 188 678 189 678 249 674 279 680 280 680 282 680 296 674 297 674 300 674 324 681 326 681 414 682 416 682 441 678 452 676 462 678 474 682 474 682 476 682 500 680 518 678 522 680 530 684 530 684 531 684 532 684 561 681 580 678 988 692 992 674 992 642 936 634 934 634 909 640 900 640 896 639 882 633 880 633 879 633 878 633 864 638 858 640 844 638 826 632 825 632 824 632 822 632 810 636 801 640 794 636 778 628 777 628 777 628 776 628 760 634 754 638 752 634 744 628 742 628 741 628 740 628 740 628 728 634 717 638 592 638 544 628 516 624 514 624 513 624 504 628 488 634 436 632 428 626 424 622 424 622 423 622 422 622 404 624 344 632 303 622 298 621 297 621 296 621 280 621 207 626 200 620 198 620 196 620 122 616 122 658"/></Shape>
            <String CONTENT="aliquando vxoribus abſtinere, vt ſe ſanctificaret" HPOS="120" VPOS="616" WIDTH="872" HEIGHT="75" WC="0.9973381684750927"/>
          </TextLine>
          <TextLine ID="line_12" TAGREFS="LT8" BASELINE="120 708 988 722" HPOS="118" VPOS="666" WIDTH="870" HEIGHT="74">
            <Shape><Polygon POINTS="120 708 118 720 219 728 220 728 252 723 252 723 254 723 262 730 264 730 264 730 266 730 327 724 336 724 346 726 408 734 410 734 435 728 438 728 444 728 480 734 482 734 579 730 621 729 626 732 634 736 636 736 728 738 729 738 730 738 742 734 752 732 759 734 771 738 771 738 987 740 988 722 988 693 909 680 908 680 864 688 860 690 858 688 840 681 838 681 838 681 794 687 786 687 778 686 734 678 734 678 732 678 710 684 699 687 694 684 684 676 684 676 682 676 646 676 645 676 644 676 642 676 634 682 626 686 410 684 392 674 384 672 382 672 382 672 381 672 372 674 348 681 333 672 327 670 327 670 326 670 302 672 236 676 200 669 198 669 196 669 180 676 120 666 120 708"/></Shape>
            <String CONTENT="Exod. 19. Denique propter dictum Pauli 1. Cor." HPOS="118" VPOS="666" WIDTH="870" HEIGHT="74" WC="0.9672249749950741"/>
          </TextLine>
          <TextLine ID="line_13" TAGREFS="LT8" BASELINE="124 758 988 772" HPOS="123" VPOS="716" WIDTH="866" HEIGHT="74">
            <Shape><Polygon POINTS="124 758 123 776 183 771 194 777 194 778 195 778 196 778 196 778 219 778 321 774 462 782 524 784 525 784 543 783 562 780 578 783 590 786 591 786 987 789 988 772 987 741 945 741 944 740 936 734 936 732 934 732 933 732 932 732 890 738 882 740 876 738 858 729 856 729 855 729 854 729 836 736 831 738 806 735 722 728 722 728 720 728 704 734 698 734 690 732 672 728 672 728 670 728 669 728 668 728 660 732 654 735 591 735 537 734 530 728 525 723 524 723 524 723 522 723 520 723 508 728 494 730 465 726 456 724 456 724 450 724 418 730 386 723 374 722 372 722 370 722 364 722 344 729 318 722 314 720 312 720 310 720 302 722 273 726 260 720 258 718 256 718 255 718 240 718 174 722 124 716 124 758"/></Shape>
            <String CONTENT="7. verſ.5. liberiores &amp; paratiores eſſe putabant: vt" HPOS="123" VPOS="716" WIDTH="866" HEIGHT="74" WC="0.9859636380122259"/>
          </TextLine>
          <TextLine ID="line_14" TAGREFS="LT8" BASELINE="117 804 987 819" HPOS="117" VPOS="768" WIDTH="870" HEIGHT="72">
            <Shape><Polygon POINTS="117 804 117 824 474 824 486 826 506 832 506 832 507 832 636 830 748 837 750 837 752 837 770 831 862 838 864 838 864 838 885 832 888 831 890 832 914 840 915 840 916 840 987 832 987 819 987 784 771 788 759 782 754 780 753 780 753 780 724 782 668 783 640 780 610 776 609 776 590 778 570 783 549 778 538 777 537 777 537 777 520 778 494 783 462 777 429 772 428 772 408 777 394 780 384 777 369 771 369 771 368 771 322 777 314 777 296 776 190 768 189 768 117 772 117 804"/></Shape>
            <String CONTENT="orationi &amp; ſuo muneri vacarent. Quæ tamen opi¬" HPOS="117" VPOS="768" WIDTH="870" HEIGHT="72" WC="0.9955152817394423"/>
          </TextLine>
          <TextLine ID="line_15" TAGREFS="LT8" BASELINE="117 854 987 870" HPOS="116" VPOS="820" WIDTH="872" HEIGHT="68">
            <Shape><Polygon POINTS="382 820 372 820 352 824 334 826 314 822 304 820 297 820 285 820 276 820 272 822 255 826 162 820 153 820 141 820 129 820 117 820 117 854 116 864 130 873 132 873 134 873 178 867 184 872 184 873 186 873 188 873 189 873 224 868 248 876 249 876 250 876 292 870 297 870 315 870 452 879 453 879 492 876 510 873 512 876 518 879 518 880 518 880 519 880 520 880 696 880 915 880 984 888 987 870 987 838 956 831 956 831 954 831 926 837 921 838 920 837 900 830 900 830 898 830 864 836 858 837 858 836 855 832 854 832 854 831 852 831 850 831 850 831 765 832 729 834 720 832 696 826 694 826 693 826 596 830 552 831 519 826 468 822 466 822 465 822 458 826 450 830 440 826 430 822 429 822 428 822 426 822 417 825 406 828 398 825 388 820 382 820"/></Shape>
            <String CONTENT="nio ex peruerſa cœlibatus admiratione &amp; laude" HPOS="116" VPOS="820" WIDTH="872" HEIGHT="68" WC="0.9990400142139859"/>
          </TextLine>
          <TextLine ID="line_16" TAGREFS="LT8" BASELINE="116 902 986 918" HPOS="114" VPOS="862" WIDTH="872" HEIGHT="75">
            <Shape><Polygon POINTS="790 891 784 880 762 874 760 874 759 874 640 880 612 872 610 872 610 872 550 879 488 868 486 868 444 876 430 870 429 870 428 870 405 876 394 868 394 867 394 867 393 867 302 864 300 864 298 864 297 864 285 874 254 874 242 862 240 862 240 862 238 862 116 870 116 902 114 920 422 920 438 927 438 927 440 927 441 927 446 927 488 921 543 928 550 930 552 930 580 930 734 927 792 933 802 934 804 934 810 934 855 928 884 936 885 936 886 936 888 936 888 936 890 936 914 930 982 938 986 918 986 888 866 886 858 879 858 878 858 878 856 878 855 878 800 884 795 882 790 891"/></Shape>
            <String CONTENT="profecta eſt, &amp; ex Encratitarum hæreticorum" HPOS="114" VPOS="862" WIDTH="872" HEIGHT="75" WC="0.9930789803349694"/>
          </TextLine>
          <TextLine ID="line_17" TAGREFS="LT8" BASELINE="116 950 981 968" HPOS="114" VPOS="912" WIDTH="867" HEIGHT="75">
            <Shape><Polygon POINTS="790 939 786 932 783 932 694 926 693 926 692 926 681 930 676 932 674 930 666 924 664 924 663 924 662 924 543 926 532 918 531 918 530 918 530 918 482 922 474 916 474 916 472 916 471 916 430 926 426 926 424 926 406 916 406 916 405 916 404 916 388 922 376 915 376 915 375 915 302 912 246 912 246 912 244 912 243 912 231 921 116 921 116 950 114 968 290 966 363 968 376 974 386 976 387 976 388 976 418 974 459 969 472 974 486 980 488 980 488 980 537 975 582 972 590 976 596 981 597 981 598 981 598 981 600 981 612 976 624 974 639 976 648 980 650 980 651 980 676 978 717 974 732 978 752 984 753 984 753 984 780 980 789 978 814 980 920 987 921 987 981 981 981 968 981 934 921 936 904 933 858 924 856 924 855 924 837 932 832 933 795 932 790 939"/></Shape>
            <String CONTENT="cœno deducta, in vituperium &amp; contumeliã con¬" HPOS="114" VPOS="912" WIDTH="867" HEIGHT="75" WC="0.9947988559370455"/>
          </TextLine>
          <TextLine ID="line_18" TAGREFS="LT8" BASELINE="112 999 790 1011" HPOS="111" VPOS="960" WIDTH="680" HEIGHT="66">
            <Shape><Polygon POINTS="789 986 784 980 734 980 732 976 728 969 726 969 726 968 724 968 723 968 722 968 682 975 674 976 668 975 644 968 642 968 640 968 561 972 518 974 453 974 444 968 438 964 438 964 436 964 435 964 434 964 426 968 418 972 366 972 358 966 354 962 352 962 351 962 302 962 302 962 300 962 294 964 284 970 249 970 238 962 236 962 234 962 234 962 112 960 112 999 111 1016 789 1026 790 1011 789 988 789 986"/></Shape>
            <String CONTENT="iugij can. Ante triennium diſtinct.31." HPOS="111" VPOS="960" WIDTH="680" HEIGHT="66" WC="0.9972115033551266"/>
          </TextLine>
        </TextBlock>
        <TextBlock HPOS="107" VPOS="1021" WIDTH="875" HEIGHT="682" ID="block_5" TAGREFS="BT3408">
          <Shape><Polygon POINTS="107 1021 983 1021 983 1703 107 1703 107 1021"/></Shape>
          <TextLine ID="line_19" TAGREFS="LT8" BASELINE="166 1048 981 1066" HPOS="166" VPOS="1005" WIDTH="814" HEIGHT="81">
            <Shape><Polygon POINTS="166 1048 166 1059 202 1060 224 1071 225 1071 226 1071 327 1064 339 1064 345 1065 399 1074 400 1074 438 1066 446 1066 447 1066 456 1072 456 1072 458 1072 459 1072 490 1068 500 1066 504 1068 514 1074 516 1074 518 1074 567 1071 572 1071 574 1071 618 1078 620 1078 621 1078 622 1078 628 1072 639 1078 640 1078 640 1078 642 1078 688 1074 708 1072 730 1076 772 1082 774 1082 848 1078 918 1076 933 1080 946 1086 948 1086 950 1086 980 1082 981 1066 980 1032 944 1032 944 1030 926 1018 924 1018 922 1018 807 1017 806 1017 700 1026 692 1026 681 1024 580 1012 579 1012 579 1012 564 1020 496 1014 495 1014 494 1014 474 1020 452 1012 450 1012 450 1012 411 1020 406 1020 400 1020 330 1008 328 1008 327 1008 327 1008 312 1017 290 1006 288 1006 286 1006 242 1011 226 1005 225 1005 224 1005 166 1014 166 1048"/></Shape>
            <String CONTENT="Atque hie mos in Occidẽte potiùs &amp; ſtrictius" HPOS="166" VPOS="1005" WIDTH="814" HEIGHT="81" WC="0.9807889228281768"/>
          </TextLine>
          <TextLine ID="line_20" TAGREFS="LT8" BASELINE="111 1096 981 1112" HPOS="111" VPOS="1054" WIDTH="870" HEIGHT="78">
            <Shape><Polygon POINTS="111 1096 111 1112 242 1112 246 1113 255 1120 256 1120 258 1120 258 1120 302 1114 310 1113 318 1114 344 1122 345 1122 345 1122 346 1122 366 1116 369 1114 372 1116 382 1122 382 1122 384 1122 447 1124 448 1124 450 1124 464 1116 468 1116 537 1125 538 1125 616 1119 621 1119 627 1119 714 1128 716 1128 778 1122 796 1130 798 1130 800 1130 843 1125 914 1132 915 1132 981 1124 981 1112 981 1082 936 1082 933 1078 922 1072 921 1072 920 1072 920 1072 918 1072 916 1072 906 1078 906 1078 903 1078 888 1072 886 1072 885 1072 884 1072 876 1078 872 1078 783 1078 776 1074 760 1066 759 1066 759 1066 758 1066 740 1072 729 1077 669 1077 660 1071 656 1068 654 1068 654 1068 652 1068 640 1071 627 1072 620 1070 610 1066 609 1066 608 1066 606 1066 604 1066 600 1070 594 1072 590 1070 584 1065 584 1064 582 1064 580 1064 579 1064 579 1064 562 1068 546 1072 524 1066 512 1064 512 1064 510 1064 492 1066 464 1071 454 1065 450 1060 448 1060 447 1060 446 1060 430 1065 404 1070 339 1060 314 1059 312 1059 288 1060 180 1066 111 1054 111 1096"/></Shape>
            <String CONTENT="ſiue religioſius, quàm in Oriente primum obſer¬" HPOS="111" VPOS="1054" WIDTH="870" HEIGHT="78" WC="0.996181228508552"/>
          </TextLine>
          <TextLine ID="line_21" TAGREFS="LT8" BASELINE="111 1144 976 1164" HPOS="110" VPOS="1106" WIDTH="867" HEIGHT="74">
            <Shape><Polygon POINTS="111 1144 110 1155 147 1164 148 1164 214 1160 216 1160 222 1166 222 1166 224 1166 225 1166 226 1166 268 1160 272 1160 274 1160 327 1168 327 1168 366 1162 370 1162 376 1162 435 1172 436 1172 596 1168 636 1168 640 1170 654 1176 656 1176 657 1176 690 1172 705 1170 724 1172 770 1178 771 1179 975 1179 976 1164 975 1125 870 1131 782 1130 771 1122 771 1120 770 1120 768 1120 766 1120 765 1120 765 1120 764 1122 753 1128 740 1122 734 1119 734 1119 732 1119 730 1119 726 1120 705 1128 590 1119 530 1114 528 1114 507 1118 482 1122 405 1120 394 1116 382 1110 381 1110 380 1110 378 1110 363 1116 348 1119 324 1114 296 1110 296 1110 262 1113 238 1116 210 1113 165 1106 164 1106 111 1110 111 1144"/></Shape>
            <String CONTENT="uabatur. Imprimis autem Romæ obtinuerat, quẽ" HPOS="110" VPOS="1106" WIDTH="867" HEIGHT="74" WC="0.982711735036638"/>
          </TextLine>
          <TextLine ID="line_22" TAGREFS="LT8" BASELINE="110 1194 975 1212" HPOS="108" VPOS="1154" WIDTH="867" HEIGHT="76">
            <Shape><Polygon POINTS="110 1194 108 1206 135 1214 135 1214 136 1214 214 1209 218 1209 237 1216 238 1216 240 1216 314 1212 321 1212 324 1212 345 1220 345 1220 434 1221 435 1221 436 1221 450 1215 456 1215 459 1215 474 1221 474 1221 476 1221 566 1218 610 1218 615 1221 628 1226 628 1226 630 1226 666 1221 686 1220 738 1220 746 1222 753 1227 754 1227 756 1227 808 1226 858 1222 870 1227 879 1230 880 1230 882 1230 975 1228 975 1212 975 1179 920 1179 916 1178 900 1170 900 1170 898 1170 771 1174 764 1174 762 1174 740 1166 740 1166 738 1166 736 1166 717 1173 716 1173 645 1167 644 1167 642 1167 628 1172 628 1172 621 1172 502 1161 501 1161 460 1168 447 1160 446 1160 444 1160 444 1160 399 1167 376 1160 376 1160 375 1160 333 1164 296 1158 294 1158 292 1158 291 1158 285 1161 280 1158 280 1156 279 1156 278 1156 278 1156 202 1162 141 1154 140 1154 138 1154 110 1161 110 1194"/></Shape>
            <String CONTENT="tamen apertè improbat Gregor. Magnus lib.1." HPOS="108" VPOS="1154" WIDTH="867" HEIGHT="76" WC="0.9876233366402712"/>
          </TextLine>
          <TextLine ID="line_23" TAGREFS="LT8" BASELINE="108 1242 975 1262" HPOS="106" VPOS="1203" WIDTH="868" HEIGHT="80">
            <Shape><Polygon POINTS="108 1242 106 1254 130 1264 132 1264 134 1264 204 1257 212 1257 213 1257 230 1266 231 1266 232 1266 290 1260 378 1270 380 1270 506 1264 514 1264 518 1264 548 1274 549 1274 549 1274 550 1274 552 1274 562 1264 564 1264 594 1264 624 1266 813 1280 814 1280 856 1275 914 1281 915 1281 916 1281 932 1275 957 1282 958 1282 960 1282 962 1282 975 1275 975 1262 975 1227 898 1221 897 1221 896 1221 894 1221 888 1226 886 1227 882 1226 867 1220 866 1220 864 1220 820 1224 814 1220 814 1218 813 1218 812 1218 810 1218 782 1224 778 1224 777 1224 756 1216 754 1216 753 1216 753 1216 735 1222 728 1226 710 1222 663 1215 662 1215 660 1215 640 1221 634 1222 618 1221 572 1215 570 1215 466 1220 434 1220 412 1218 312 1209 310 1209 309 1209 288 1215 286 1215 224 1215 222 1215 159 1203 158 1203 108 1212 108 1242"/></Shape>
            <String CONTENT="epiſt. 42. &amp; apparet ex cano. Placuit Epiſcopos" HPOS="106" VPOS="1203" WIDTH="868" HEIGHT="80" WC="0.9937860509182544"/>
          </TextLine>
          <TextLine ID="line_24" TAGREFS="LT8" BASELINE="106 1290 976 1311" HPOS="105" VPOS="1251" WIDTH="872" HEIGHT="80">
            <Shape><Polygon POINTS="106 1290 105 1308 270 1316 272 1316 288 1312 306 1308 314 1314 318 1314 320 1314 320 1314 345 1314 392 1311 406 1314 418 1317 418 1317 420 1317 438 1314 464 1312 468 1316 472 1318 474 1318 474 1318 476 1318 532 1317 579 1316 580 1318 586 1323 588 1323 590 1323 669 1326 670 1326 700 1320 711 1318 716 1320 724 1324 726 1324 728 1324 774 1320 789 1320 801 1322 874 1330 876 1330 975 1324 976 1311 975 1278 939 1280 933 1276 920 1270 918 1270 916 1270 915 1270 902 1276 897 1278 892 1276 876 1268 876 1268 874 1268 820 1275 806 1276 801 1274 792 1266 790 1266 789 1266 789 1266 753 1272 741 1275 738 1272 729 1264 728 1264 728 1264 672 1263 670 1263 606 1269 584 1270 576 1269 558 1260 556 1260 555 1260 555 1260 530 1268 518 1270 444 1269 440 1264 435 1262 434 1262 432 1262 432 1262 339 1263 262 1264 249 1260 222 1252 220 1252 159 1251 159 1251 106 1257 106 1290"/></Shape>
            <String CONTENT="diſtinct. 32. cano. Ante trienniũ diſtinct. 31. quàm" HPOS="105" VPOS="1251" WIDTH="872" HEIGHT="80" WC="0.9767854655230487"/>
          </TextLine>
          <TextLine ID="line_25" TAGREFS="LT8" BASELINE="105 1340 975 1358" HPOS="104" VPOS="1302" WIDTH="872" HEIGHT="74">
            <Shape><Polygon POINTS="105 1340 104 1350 222 1364 222 1364 273 1358 338 1365 339 1365 388 1358 394 1358 398 1359 420 1366 422 1366 423 1366 424 1366 441 1360 450 1368 452 1368 453 1368 454 1368 496 1362 506 1360 538 1362 640 1370 642 1370 660 1365 666 1364 672 1365 690 1372 692 1372 777 1374 778 1374 780 1374 782 1374 789 1370 794 1366 804 1370 830 1376 831 1376 974 1372 975 1358 974 1322 916 1326 801 1317 776 1316 774 1316 772 1316 768 1317 742 1323 730 1316 729 1314 728 1314 728 1314 674 1314 672 1314 672 1314 666 1314 646 1320 622 1314 618 1312 616 1312 616 1312 600 1314 531 1318 488 1311 482 1310 480 1310 480 1310 477 1310 456 1317 396 1317 386 1308 384 1308 382 1308 382 1308 338 1314 315 1306 314 1306 312 1306 310 1306 302 1306 248 1311 225 1305 222 1304 220 1304 219 1304 214 1305 184 1311 164 1304 160 1302 159 1302 105 1302 105 1340"/></Shape>
            <String CONTENT="hoc ægrè fuerit receptum. Nam Græci Epiſcopi" HPOS="104" VPOS="1302" WIDTH="872" HEIGHT="74" WC="0.9952698522143894"/>
          </TextLine>
          <TextLine ID="line_26" TAGREFS="LT8" BASELINE="104 1389 974 1406" HPOS="104" VPOS="1370" WIDTH="870" HEIGHT="54">
            <Shape><Polygon POINTS="780 1370 768 1372 756 1372 744 1372 732 1372 728 1372 690 1376 675 1372 672 1372 660 1372 648 1372 634 1372 622 1372 610 1372 598 1372 586 1372 576 1372 564 1374 558 1372 550 1372 538 1372 526 1372 514 1372 502 1372 490 1372 478 1372 466 1372 454 1372 442 1372 430 1372 418 1372 406 1372 394 1372 382 1372 369 1372 357 1372 345 1372 333 1372 321 1372 309 1372 297 1372 285 1372 273 1372 261 1372 249 1372 237 1372 225 1372 213 1372 201 1372 189 1372 177 1372 165 1372 153 1372 141 1372 129 1372 117 1372 104 1372 104 1389 104 1407 970 1424 974 1406 972 1372 780 1370 780 1370"/></Shape>
            <String CONTENT="&amp; Orientales vel rarò pollicitationem iſtam de" HPOS="104" VPOS="1370" WIDTH="870" HEIGHT="54" WC="0.9971720424104245"/>
          </TextLine>
          <TextLine ID="line_27" TAGREFS="LT8" BASELINE="104 1437 974 1455" HPOS="104" VPOS="1401" WIDTH="870" HEIGHT="72">
            <Shape><Polygon POINTS="104 1437 104 1454 228 1454 232 1455 244 1460 246 1460 246 1460 291 1455 308 1455 316 1455 338 1461 339 1461 339 1461 348 1456 350 1455 351 1456 363 1461 364 1461 366 1461 405 1456 411 1456 412 1456 426 1462 428 1462 429 1462 507 1460 528 1458 530 1460 537 1466 538 1466 540 1466 542 1466 590 1461 600 1460 610 1461 662 1468 663 1468 712 1461 717 1461 718 1461 729 1468 730 1468 732 1468 734 1468 771 1462 774 1462 784 1470 786 1470 788 1470 789 1470 910 1467 926 1473 926 1473 927 1473 972 1466 974 1455 974 1425 910 1414 909 1414 861 1422 849 1424 828 1420 784 1416 783 1416 756 1419 738 1420 724 1419 693 1412 692 1412 636 1416 602 1419 579 1413 558 1410 556 1410 555 1410 549 1413 538 1418 476 1416 468 1412 462 1406 462 1406 460 1406 459 1406 422 1410 382 1413 372 1408 366 1406 364 1406 363 1406 344 1407 306 1413 297 1406 292 1402 291 1402 290 1402 290 1402 288 1402 279 1406 272 1408 249 1406 228 1401 104 1401 104 1437"/></Shape>
            <String CONTENT="continentia exigebant: vel eam etiam non obſer¬" HPOS="104" VPOS="1401" WIDTH="870" HEIGHT="72" WC="0.9982318396263934"/>
          </TextLine>
          <TextLine ID="line_28" TAGREFS="LT8" BASELINE="102 1485 974 1504" HPOS="100" VPOS="1449" WIDTH="873" HEIGHT="69">
            <Shape><Polygon POINTS="777 1497 765 1497 753 1497 740 1497 728 1497 716 1497 704 1497 692 1497 680 1497 668 1497 656 1494 644 1494 632 1494 620 1494 608 1494 596 1494 584 1494 572 1494 560 1494 555 1474 537 1460 534 1455 532 1455 531 1455 530 1455 530 1455 524 1458 506 1466 474 1456 465 1455 464 1455 462 1455 456 1456 438 1461 432 1456 426 1450 424 1450 424 1450 423 1450 398 1455 376 1460 344 1455 309 1449 102 1449 102 1485 100 1503 154 1498 202 1506 216 1508 216 1508 226 1506 256 1502 300 1508 320 1510 320 1510 339 1508 372 1504 386 1509 392 1510 393 1510 394 1510 426 1510 478 1506 483 1510 486 1512 486 1514 488 1514 488 1514 537 1515 538 1515 594 1512 636 1510 640 1512 646 1516 648 1516 648 1516 650 1518 972 1518 974 1504 972 1468 882 1461 882 1461 860 1466 806 1478 795 1472 795 1472 794 1472 792 1472 790 1472 789 1472 783 1474 777 1497"/></Shape>
            <String CONTENT="uabant, vt docet Socrat.libij: caprril Ioc tantùm" HPOS="100" VPOS="1449" WIDTH="873" HEIGHT="69" WC="0.9483444833755493"/>
          </TextLine>
          <TextLine ID="line_29" TAGREFS="LT8" BASELINE="102 1536 970 1552" HPOS="100" VPOS="1497" WIDTH="870" HEIGHT="74">
            <Shape><Polygon POINTS="102 1536 100 1554 138 1550 249 1556 250 1556 252 1556 270 1550 315 1557 333 1560 334 1560 336 1560 338 1560 339 1557 345 1552 393 1552 468 1554 471 1558 477 1563 478 1563 480 1563 480 1563 528 1558 561 1556 574 1560 598 1566 598 1566 600 1566 639 1560 657 1557 663 1560 678 1566 678 1566 680 1566 710 1560 722 1558 728 1560 744 1568 746 1568 746 1568 830 1564 844 1570 846 1570 848 1570 969 1562 970 1552 970 1522 928 1515 927 1515 843 1518 825 1518 822 1516 812 1510 810 1510 808 1510 771 1508 770 1508 688 1514 660 1516 654 1514 638 1504 636 1504 634 1504 544 1510 502 1512 498 1509 494 1504 494 1504 492 1504 490 1504 489 1504 482 1509 478 1510 476 1509 468 1503 468 1502 468 1502 466 1502 465 1502 434 1508 412 1510 364 1504 312 1498 310 1498 309 1498 298 1504 288 1509 244 1509 234 1502 228 1497 226 1497 225 1497 224 1497 102 1498 102 1536"/></Shape>
            <String CONTENT="cõſtituerunt, vt ne liceat ordinato Epiſcopo ac¬" HPOS="100" VPOS="1497" WIDTH="870" HEIGHT="74" WC="0.9946792648763073"/>
          </TextLine>
          <TextLine ID="line_30" TAGREFS="LT8" BASELINE="102 1586 970 1600" HPOS="102" VPOS="1545" WIDTH="868" HEIGHT="74">
            <Shape><Polygon POINTS="102 1586 102 1600 300 1600 326 1605 344 1608 345 1608 375 1606 422 1604 429 1608 434 1610 435 1610 436 1610 438 1610 454 1608 478 1604 494 1610 501 1611 502 1611 504 1611 549 1610 634 1606 648 1612 651 1614 652 1614 654 1614 669 1612 708 1610 825 1616 855 1617 856 1617 858 1617 860 1616 873 1611 969 1618 970 1600 970 1572 920 1572 920 1570 906 1560 904 1560 903 1560 902 1560 900 1560 876 1569 874 1570 838 1570 830 1568 795 1560 794 1560 765 1566 759 1566 758 1566 744 1556 742 1556 741 1556 740 1556 676 1562 666 1554 666 1554 664 1554 612 1554 610 1554 610 1554 609 1554 598 1560 592 1566 576 1566 566 1560 548 1552 546 1552 544 1552 543 1552 524 1558 524 1558 520 1558 492 1554 490 1554 489 1554 488 1554 484 1557 478 1562 450 1556 435 1554 434 1554 418 1556 376 1560 316 1560 300 1552 290 1548 290 1548 288 1548 234 1550 172 1552 166 1548 162 1545 160 1545 159 1545 159 1545 102 1545 102 1586"/></Shape>
            <String CONTENT="cipere aliam, priori vxore defuncta &amp; mortua" HPOS="102" VPOS="1545" WIDTH="868" HEIGHT="74" WC="0.9992141520435159"/>
          </TextLine>
          <TextLine ID="line_31" TAGREFS="LT8" BASELINE="102 1634 968 1650" HPOS="100" VPOS="1596" WIDTH="867" HEIGHT="75">
            <Shape><Polygon POINTS="102 1634 100 1647 472 1664 474 1664 771 1660 777 1660 788 1668 789 1668 789 1668 790 1668 820 1662 904 1671 906 1671 966 1664 968 1650 966 1617 906 1617 902 1616 888 1610 886 1610 885 1610 858 1614 844 1616 837 1614 820 1608 819 1608 818 1608 794 1612 783 1616 777 1612 765 1606 764 1606 762 1606 735 1611 722 1614 710 1610 690 1605 690 1605 570 1604 568 1604 567 1604 560 1608 555 1610 548 1606 526 1602 525 1602 524 1602 496 1605 474 1610 444 1604 411 1599 410 1599 382 1604 358 1606 342 1602 328 1598 327 1598 327 1598 278 1600 248 1602 236 1599 218 1596 216 1596 196 1598 170 1604 164 1598 160 1596 159 1596 159 1596 158 1596 102 1596 102 1634"/></Shape>
            <String CONTENT="cano. De Syracuſanæ in fi. diſtinct. 28.cano. Quo¬" HPOS="100" VPOS="1596" WIDTH="867" HEIGHT="75" WC="0.978253653049469"/>
          </TextLine>
          <TextLine ID="line_32" TAGREFS="LT8" BASELINE="104 1684 423 1686" HPOS="104" VPOS="1642" WIDTH="320" HEIGHT="66">
            <Shape><Polygon POINTS="104 1684 104 1700 117 1704 118 1704 120 1704 147 1698 159 1696 165 1698 172 1704 174 1704 176 1704 177 1704 178 1704 178 1704 178 1702 184 1698 188 1696 226 1696 234 1698 248 1702 249 1702 250 1702 284 1698 285 1698 302 1707 303 1707 304 1707 306 1707 308 1707 320 1700 333 1707 334 1707 336 1708 386 1708 386 1707 387 1707 422 1696 423 1686 422 1654 346 1654 344 1653 336 1646 334 1646 333 1646 333 1646 306 1652 292 1653 288 1650 282 1646 282 1644 280 1644 279 1644 192 1644 190 1644 190 1644 189 1644 184 1647 178 1653 159 1647 147 1642 147 1642 146 1642 104 1644 104 1684"/></Shape>
            <String CONTENT="niam diſtinct. 31." HPOS="104" VPOS="1642" WIDTH="320" HEIGHT="66" WC="0.9879525999228159"/>
          </TextLine>
        </TextBlock>
        <TextBlock HPOS="102" VPOS="1707" WIDTH="869" HEIGHT="154" ID="block_6" TAGREFS="BT3408">
          <Shape><Polygon POINTS="102 1707 971 1707 971 1860 102 1860 102 1707"/></Shape>
          <TextLine ID="line_33" TAGREFS="LT8" BASELINE="147 1732 969 1749" HPOS="146" VPOS="1686" WIDTH="824" HEIGHT="84">
            <Shape><Polygon POINTS="147 1732 146 1746 272 1758 273 1758 274 1758 296 1750 376 1750 390 1758 392 1758 393 1758 394 1758 432 1754 465 1761 466 1761 650 1756 716 1766 717 1766 770 1758 790 1767 792 1767 794 1767 854 1762 873 1768 874 1768 876 1768 876 1768 888 1762 903 1770 904 1770 906 1770 968 1761 969 1749 968 1704 864 1708 848 1702 838 1698 837 1698 836 1698 813 1702 780 1708 752 1708 741 1702 735 1696 734 1696 734 1696 732 1696 705 1701 690 1702 674 1701 645 1696 644 1696 642 1696 640 1696 634 1701 630 1704 576 1704 568 1700 560 1694 558 1694 556 1694 555 1694 512 1700 496 1701 483 1698 440 1690 438 1690 438 1690 416 1698 406 1701 340 1701 338 1696 327 1689 327 1689 326 1689 324 1689 322 1689 321 1689 308 1696 304 1700 276 1700 262 1696 202 1686 201 1686 147 1695 147 1732"/></Shape>
            <String CONTENT="Denique tandem poſt varias diſpurationes &amp;" HPOS="146" VPOS="1686" WIDTH="824" HEIGHT="84" WC="0.9970766305923462"/>
          </TextLine>
          <TextLine ID="line_34" TAGREFS="LT8" BASELINE="102 1779 969 1796" HPOS="100" VPOS="1738" WIDTH="868" HEIGHT="78">
            <Shape><Polygon POINTS="102 1779 100 1792 232 1796 288 1804 290 1804 324 1797 326 1797 327 1797 351 1806 352 1806 411 1808 412 1808 458 1800 460 1800 462 1800 537 1809 537 1809 578 1802 579 1802 579 1802 652 1809 654 1809 766 1806 774 1812 776 1812 777 1812 777 1812 832 1808 906 1816 908 1816 968 1808 969 1796 966 1758 939 1764 870 1762 858 1755 856 1754 855 1754 854 1754 852 1754 850 1754 844 1755 819 1762 724 1762 710 1752 708 1750 706 1750 705 1750 704 1750 704 1750 699 1752 682 1758 634 1750 630 1750 628 1750 628 1750 604 1758 591 1749 586 1748 585 1748 585 1748 567 1749 474 1756 426 1746 424 1746 362 1754 345 1743 345 1743 344 1743 342 1743 334 1743 249 1752 234 1742 232 1742 231 1742 102 1738 102 1779"/></Shape>
            <String CONTENT="laudes virginitatis &amp; cœlibatus eò res rediit, vt" HPOS="100" VPOS="1738" WIDTH="868" HEIGHT="78" WC="0.9989732575416564"/>
          </TextLine>
          <TextLine ID="line_35" TAGREFS="LT8" BASELINE="99 1828 970 1846" HPOS="98" VPOS="1788" WIDTH="873" HEIGHT="88">
            <Shape><Polygon POINTS="99 1828 98 1846 104 1851 105 1851 106 1851 108 1851 230 1850 252 1850 255 1851 274 1858 276 1858 278 1858 278 1858 302 1851 304 1851 362 1851 366 1854 388 1866 390 1866 447 1868 448 1868 450 1868 477 1858 494 1854 520 1860 548 1866 549 1866 572 1863 585 1860 596 1863 620 1870 621 1870 622 1870 622 1870 638 1864 640 1863 648 1864 666 1870 668 1870 669 1870 670 1870 680 1866 690 1862 734 1860 741 1866 742 1866 744 1866 746 1866 783 1860 798 1870 801 1875 802 1875 804 1875 969 1876 970 1846 969 1806 876 1814 864 1803 864 1803 862 1803 861 1803 860 1803 814 1812 798 1802 796 1802 795 1802 795 1802 794 1802 765 1810 718 1802 717 1802 648 1808 628 1798 627 1798 626 1798 624 1798 604 1803 579 1797 579 1797 578 1797 576 1797 544 1806 492 1796 490 1796 489 1796 472 1803 330 1802 321 1794 320 1794 320 1794 318 1794 316 1794 290 1802 230 1790 228 1790 99 1788 99 1828"/></Shape>
            <String CONTENT="mariti &amp; coniuges viri ad aliquam dignitatem" HPOS="98" VPOS="1788" WIDTH="873" HEIGHT="88" WC="0.9867513247511603"/>
          </TextLine>
        </TextBlock>
        <TextBlock HPOS="723" VPOS="1861" WIDTH="73" HEIGHT="54" ID="block_7" TAGREFS="BT17">
          <Shape><Polygon POINTS="723 1861 796 1861 796 1915 723 1915 723 1861"/></Shape>
          <TextLine ID="line_36" TAGREFS="LT8" BASELINE="724 1890 802 1893" HPOS="723" VPOS="1856" WIDTH="80" HEIGHT="69">
            <Shape><Polygon POINTS="724 1890 723 1916 764 1924 765 1924 801 1916 802 1893 802 1857 724 1856 724 1890"/></Shape>
            <String CONTENT="h.ij." HPOS="723" VPOS="1856" WIDTH="80" HEIGHT="69" WC="0.9982449889183045"/>
          </TextLine>
        </TextBlock>
      </PrintSpace>
    </Page>
  </Layout>
</alto>
