1500 2172
543 141 87 36 705

722 117 537 56 AD I. TAVL. AD TIM

531 160 864 69 ſtianæ veritate tuenda, & muneris ſui conſcientia

531 214 860 64 retinenda Paſtores opponant hanc Dei maieſta¬

532 267 861 58 tem, robur, & potentiam omnibus hominum

531 314 862 57 etiam regum, minis, viribus, & conatibus. Nam

531 363 862 56 hominum ipſorum Dei Euangelio inimicorum

536 411 858 58 vires ab vnius Dei poteſtate dependent, vt eſt

531 456 864 68 Pſalm.59. verſ. Io. Itaque non ſunt nobis ij metuẽ

532 512 720 62 di, ne que propterea expaueſcendum eſt.

576 564 816 52 Duo autem quæruntur hoc loco. Primum ex

531 604 858 62 eo, quod dixit Paulus, Omnia viuificat. Vtrum o¬

530 654 861 62 mniarerum genera, quæ Deus creauit, viuant, id

528 704 866 64 eſt, vitam habeant. Ac quidẽ earum rerum quas

530 750 861 63 condidit, aliæ ſunt Spirituales, vt Angeli, & Ani¬

525 801 866 57 nimæ humanæ: aliæ corporeæ, & eæ vel Cæleſtes,

530 848 858 60 vel terrenæ. De Angelis ſiue bonis ſiue malis: i¬

528 894 862 66 témque de hominũ animabus dubitari nõ poteſt

526 944 861 60 quin vtrunq; hoc ſpiritualiũ creaturarum genus

531 994 858 60 viuat. De rebus autem corporeis maior quæſtio

526 1042 861 57 eſt, inter quas aliæ ſunt Cæleſtes, vt cœlum i¬

525 1092 862 62 pſum: aliæ terrenæ, vti Elementa quatuor, Cõ¬

525 1143 862 58 poſita ex elementis corpora, quæ dicuntur, vt

524 1190 856 63 Mineralia, vt Plantæ, vt Animalia, atq; ex ijs quę¬

524 1239 860 60 dam perfecta, qualia quæ quinque ſenſus natu¬

522 1287 860 58 rales habent ex ſuæ ſpeciei ratione & cõſtitu¬

522 1336 860 58 tione. Alia imperfecta animalia dicuntur, vt po¬

524 1384 858 62 lypus, oſtreorum genus quoddã, & muſcarum.

522 1431 860 64 De Plantis & Animalibus nemo dubitat, quin

520 1480 860 54 hoc vtrunque genus rerum viuat. De Minerali¬

522 1530 858 62 bus, de Cœlo ipſo, de Terra elemento, de Aqua

519 1578 856 63 & reliquis ſimilibus, maior & magis perplexa

519 1626 856 62 quæſtio eſt. Nam ſi hæc viuere dixeris, & animã

518 1674 858 64 quoque habere concedas neceſſe eſt: & ſibi ſi¬

514 1725 858 78 mile procreare poſſe. Quod rerum veritati repu¬

1276 1782 94 57 gnat
