1500 2172
314 153 328 44 CAPVT. III.

882 134 60 70 236

75 180 874 74 6.& Philip.1.verſ.1. & Rom.12.verſ.7, & 8.quo fe¬

76 240 873 64 rè ſignificato accipitur cùm ab Epiſcopis in Ec¬

76 291 870 58 cleſia Diaconi diſtinguntur. Atque etiam hoc

76 339 868 52 loco iſta poſtrema & ſtrictiori notione ſumitur.

75 384 870 63 Inſulſè verò Papiſtæ à Diaconis Αακόνιον appella¬

76 436 872 63 runt locum quendam ædis ſacræ penitiorem &

76 486 870 62 ſecretiorem, in quo ſacra Eccleſiæ vaſa reponun¬

75 532 870 62 tur, & conduntur: quod Secretarium alio nomine

75 582 868 63 nuncupant: & Diaconos Secretarios, quòd huius

75 628 872 66 loci claues geſtent, curámque habeant can. Non

76 678 870 63 oportet diſtinct. 23, etſi ex concilio Laodiceno

78 740 870 50 videtur hæ̃c ſignificatio ſumpta. Sed iam erat cor¬

74 774 874 66 ruptiſsima Eccleſiæ diſciplina, deſieránt que, qui

75 824 870 64 Diaconi tunc vocabantur, eſſe veri Diãconi, quæ¬

75 870 868 66 les vetus Eccleſia habuit: & hîc deſcribit Paulus.

104 920 836 64 2 Quæſitum eſt, cur prætermiſſa ſit diſputa¬

75 970 860 62 tio de Preſbyteris, vt quales eſſe debeant, & eligi.

72 1016 868 66 intelligeremus. Reſpondet Chryſoſt. quod Epi¬

74 1066 870 62 ſcoporum nomine Preſbyteri continẽtur. Quod

72 1114 868 64 verum eſt vt apparet ex Epiſtola Pauli ad Tit.

74 1172 867 56 cap.1. Actor.2o. & aliis multis Scripturæ locis.

72 1212 868 64 Differunt enim, ait, Chryſoſt. Preſbyter & Epi¬

72 1264 866 63 ſcopus ſolũ ordinatione, nõ poteſtate, nõ gradu,

72 1312 867 62 non miniſterio, quia aliæ quædam tantum & plu¬

74 1359 866 66 res cæremoniæ in ordinandis Epiſcopis obſerua¬

74 1408 784 62 bantur, quàm in conſtituendis Preſbyteris.

120 1455 818 63 Ex huius autem loci & ordinis (quem hîc Pau¬

69 1502 868 66 lus obſeruat & in Epiſtola ad Philip.1.verſ.1.) ra¬

68 1550 868 69 tione quęſitũ eſt, Vtri gradu ſint priores & ſupe¬

68 1604 864 62 riores in Dei Eccleſia cenſendi Preſbyterine, an

72 1648 866 66 Diaconi. Etſi enim Diaconi hîc ſubiiciũtur Epi¬

68 1700 870 64 ſcopis: videntur tamen illis ex ſententia Hieron.

68 1749 868 82 in epiſt. ad Ruſticum præponi. Hæe enim illius
