1500 2172
567 160 106 44 489

704 140 579 57 AD I. PAVL. AD TIM.

550 186 874 72 care, confunderis. Huiuſmodi proculdubio pu¬

550 243 874 68 dor fugat opprobrium, parat gloriam, dum aut

549 291 876 64 peccatum omnino non admittit: aut certè admiſſum

554 339 870 68 & pœnitendo punit, & confitendo expellit: ſi tamen

552 388 872 66 gloria etiam nostra hæc est, testimonium bonæ con¬

549 435 873 68 ſcientiæ. Hic igitur pudor eſt ſecundum Deum,

552 488 868 64 qui nos ad eum reuocat, facítque vt peccati nos

552 532 870 69 pudeat: non autem reſipiſcentię, & melioris fru¬

554 582 868 66 gis. Præclarè enim Auguſtinusin Ioan. tract. 12.

558 630 864 69 Qui confitetur & accuſat peccata ſua, iam cum Deo

550 678 870 69 facit. Cum autem cœperit tibi diſplicere quod fecisti,

549 728 873 62 inde incipiunt bona opera tua, quia accuſas mala o¬

549 777 873 66 pera tua. Denique hæc cenſura eſt pars poteſtatis

549 825 872 68 clauium, quę à Domino Deo data eſt Eccleſiæ.

552 874 872 66 Quam qui impugnat, optimum Eccleſiæ doctri¬

548 932 872 56 næque Chriſtianæ retinendæ neruum & vincu¬

550 968 872 66 lum tollit, nimirum authoritatem illi à Deo i¬

552 1023 872 63 pſo conceſſam, & ius tuendæ conſeruandæque

552 1078 870 58 Deigiorlæ at retorſanidæ nomhum vitæ in me¬

552 1124 93 56 lius.

598 1160 824 74 Obiiciunt tamen quidam atque afferunt ali¬

552 1214 870 66 quot rationes, per quas iſtam diſciplinæ Eccleſia¬

549 1264 876 68 ſticę partem abrogent, vel ſaltem in odium addu¬

550 1320 276 57 cant ſi poſſunt.

596 1358 826 72 Primum autem eorum argumentum eſt. Quid

550 1412 873 64 prodeſt hæc confeſsio, ſi iam peccator voce do¬

550 1458 872 60 minica & interna Spiritus ſancti vi reſipuit & re¬

558 1509 867 56 ſuſcitatus eſt. Cui argumẽto reſpondet Auguſt.

555 1554 864 60 in ſermone 8.de Verb. Domini ſecundùm Mat¬

550 1606 872 64 thæ. Quid prodeſt Eccleſia & authoritas ipſius

549 1653 872 68 confitenti, cui Dominus dixit, Quæ ſoluetis in

548 1701 868 63 terra, &c. Ipſum Lazarum attende, cum vinculis

549 1749 868 81 prodit, iam viuebat: ſed nondũ liber ambulabat

1262 1797 153 70 vinculis
