1500 2172
746 120 562 74 AD I. PAVL. AD TIM.

582 150 82 52 384

579 166 864 92 tùm eos, qui nos è ſuo ſanguine genuerunt, qua¬

579 225 867 82 lis eſt patruus, amita, matertera, frater, & ſoror,

580 272 868 86 denique quales ſunt omnes, qui nobis aliqua ſan¬

582 318 868 86 guinis neceſſitudine ſunt coniuncti: quos egentes

582 369 867 84 & inopes deſerere, cùm ipſi abundemus opibus,

584 416 867 84 eſt certè criminoſum, nefas & impium. Eſt enim

585 468 868 81 Charitatis regula amplianda, & ex pari ratione,

588 516 866 81 quid Dominus nobis hîc præſcribat, ſatis intelligi

588 564 867 86 poteſt. Itaque Leuitic. 18, illæ perſonæ, quas com¬

588 612 868 80 memoraui, nobis parentes ipſos referre dicuntur

592 662 864 84 & pietas Abrahami nora eſt, qui patrem Thare

590 711 868 81 aſſumpſit. Dauidis, qui omnes è ſua familia ſecum

591 758 866 81 in deſerto habuit, & aluit, itémque patrem &

592 806 866 87 matrem tuto loco depoſuit apud regem Moabi¬

592 856 864 78 tarum 1.Samuel.22.Idem in l.alimenta C. de ne¬

592 900 867 93 gotiis Geſt. ab hominibus profanis reſpõſum eſt.

657 998 806 92 5 Porrò quæ verè vidua eſt ac ſola, ſpe¬

594 1058 870 94 rat in Deo, & permanet in ſupplicationibus

598 1122 486 86 & precibus nocte ac die.

646 1190 822 84 Ε’ξηγησις eſt ſiue ὁρισμός. Exponit enim quænã

602 1245 867 80 ſint illæ verè viduæ, quas ſupra honorare præce¬

602 1294 867 81 pit. Ex hac autem ipſa deſcriptione, quales viduę

604 1342 862 82 piæ eſſe debeãt, intelligitur. Hęc autẽ verba poti?

604 1386 867 82 malcandi, quàm imperãdi modo ſunt accipiẽda,

608 1438 862 78 quemadmodũ fecit Ambroſius, ídque omnino

606 1485 868 81 rectè, & ex propria Græcarũ vocũ ſignificatione.

608 1532 867 84 Ait igitur Paulus verè vidua eſt ea, quæ manet in

610 1584 864 81 precibus: non autem ſic ait quaſi præcipiens, ve¬

610 1632 868 76 rè vidua maneto, vel maneat in precibus. Primũ

612 1680 867 78 igitur harum, quarum cura ab Eccleſia maximè

612 1725 868 98 ſuſcipi debet, conditionem proponit, & quàm ſit

1302 1779 177 78 paſtorum
