1500 2172
700 140 582 62 AD I. PAVL. AD TIM.

570 159 93 51 231

561 178 876 84 facta non eſſe nobis in exemplum trahenda. Nec

562 234 872 76 enim ſemper pauit Chriſtus omnes turbas, quæ

562 285 874 78 ipſum ſequebantur: nec quas pauit, ordinariè a¬

564 334 873 75 luit: ſed extraordinarié, non etiam ſe fatigans in

567 390 372 66 quærendo illis cibo.

626 424 810 75 Tertio afferũt exempla Patrum veluti Danie¬

566 476 873 76 lis ipſius, qui cùm eſſet Propheta, tamen admini¬

566 528 872 76 ſtrabat negotia regis Babyloniorum, & Perſarũ.

568 578 867 72 Reſpond. Hoc eſſe extraordinarium. Voluit e¬

567 622 870 78 nim Deus ad ſubleuationem ſui populi captiui,

567 674 872 75 Danielem præeſſe rebus & negotiis illius regis,

567 726 872 70 à quo captiuus detinebatur, vt eſſet clemens ſer¬

568 770 874 76 uitus ſui populi. Ambroſius item Mediolanenſis

567 819 873 81 Epiſcopus laudatur, qui pro Valentiniano lega¬

567 867 879 72 tiones ſæpius obiit ad Maximum tyrannum, qui

568 918 879 74 erat Coloniæ & Treuiris, vti ex ipſius epi¬

567 962 876 78 ſtolis apparet. Reſpond. Illud factum eſſe rarò

572 1011 878 76 quidem, nempe cùm ſumma Eccleſiæ & Reipub.

573 1064 880 72 vtilitas poſtulauit, ſed ſtatim expedita legatione

573 1110 873 76 & explicata ad munus ſuum rediit Ambroſius.

573 1160 873 72 Itaque poteſt Eccleſia quidem ſuo paſtore non¬

573 1204 878 78 nunquam vti ad res ſuas & ſeculares agendas: ſi

574 1258 873 66 enim videat ad ea negotia aptum, & idoncum:

574 1306 874 74 ſed tamen id rariſſimè faciendum eſt, & cauendũ

574 1350 878 78 ne à ſuo munere, quod in verbi prædicatione &

579 1401 868 75 Ugm Ectienæ cura conſiſtit, abducatur vel tan¬

579 1449 873 75 tillum. Longè igitur præſtaret Epiſcopos, qui tã

579 1500 872 68 ſunt ad ſecularia negotia tractanda idonei, vt ma¬

579 1546 873 72 iorem per eos vtilitatem Eccleſia ſentiat, quàm

584 1596 870 76 per alios quoſuis: præſtaret (inquam )eos ex ho¬

579 1644 874 76 neſta cauſa à munere illo ſuo Epiſcopali ho¬

582 1692 873 72 neſtam miſsionem habere, & liberari prorſus &

585 1743 872 92 dimitti, quàm eos in Epiſcopatu retineri: &

1306 1790 156 72 interim
