1500 2172
362 154 315 36 CABVN III.

880 129 80 60 254

98 182 864 68 qua omnia ἀτάκτως fieri & tempore & loco

94 234 862 68 neceſſe eſt. At ijdem excipiunt diſciplinam Ec¬

98 282 866 69 cleſiaſticam eſſe mutabilẽ. Reſp. Diſtinguendũ

96 333 866 68 eſſe. Quedã enim eſſe in ea Eſſentialia, aio, quæ¬

96 381 866 63 dã Accidẽtalia. Eſſentialia ſunt omnia, quæ & de

98 428 864 69 electione & de munere perſonarum Eccleſiaſti¬

98 477 864 66 carum hîc traduntur, quia cùm hæc ſint publica

98 524 864 70 Eccleſiæ munera, electio in ijs omnino neceſſa¬

99 576 864 63 ria eſt. Et cùm hæc ſint munera, officia & munia

104 621 862 69 quædã habent, quibus definiũtur, vti paſtoris Ec¬

99 672 864 68 cleſiaſtici eſt aſſiduè verbo Dei paſcere gregem

99 726 866 60 ſuum: ſuper eo vigilare, & morum vitæque illius

98 765 868 72 habere curam. Preſbyterorum & Seniorum eſt

99 816 864 69 attendere gregi Domini, ne hæreſes vel vitia ob¬

102 864 774 69 repant in Eccleſia, ſiue apertè, ſiue ſenſim.

150 912 813 69 Accidentalia ſunt, quæ ad particularem earum

99 963 866 66 rerum modum ſeruandum, formámque aliquam

100 1010 864 69 conſtituendam, & cuiuſque populi commodita¬

99 1060 866 66 tis rationem habendam pertinent: veluti, quoties

99 1107 870 66 in hebdomade ſit Epiſcopo concionandum: qui¬

100 1160 864 63 bus diebus, qua hora, quot locis, & cætera quæ

99 1203 864 66 ſunt huiuſmodi. Sed quæ præſcribit hîc Paulus

99 1252 866 68 ſunt eſſentialia. Quare hæc à nulla Eccleſia, ſine

100 1302 864 68 piaculo prętermitti poſſunt: niſi domũ Dei verè

99 1354 882 63 domum confuſionis facere velimus. Nec vlla vl¬

98 1396 868 69 lius regni vel reipublicæ commoditas, vtilitáſque

100 1446 864 64 aliud ſuadere, aut inducere nos debet, vt ab his

100 1494 864 66 Pauli, id eſt, Dei Spiritus præceptis recedamus:

98 1545 870 63 aliàque vel Epiſcoporum, vel Diaconorum mu¬

96 1592 866 68 nera faciamus. Sed nec Synodi quidem ipſæ

98 1641 862 64 ſunt audiendæ, ſi ab his Pauli regulis diſcedunt,

99 1688 864 70 quia à Dei verbo in Eccleſia Dei regenda, illiúſ¬

98 1740 866 92 que politia conſtituenda diſcedunt. Quod eſt ne¬

88 1792 75 64 ſas.
