1500 2172
386 158 252 27 CARVTV.

874 134 72 69 406

80 168 864 88 legimus primam & Apoſtolicam eccleſiã ab ip¬

80 226 862 75 ſo ſui exordio habuiſſe mulieres Viduas, impri¬

80 276 860 76 mis ad certa quædam & quotidiana tum erga v¬

80 326 861 76 niuerſam eccleſiam ipſam, tum erga fideles pau¬

78 374 862 76 peres & egenos fratres miniſteria deſtinatas, quæ

78 422 861 76 poſtea Diaconiſſæ ad imitationem marium, qui

75 468 862 80 Diaconi dicebãtur, appellatę ſunt. Sic enim Phœ

76 516 861 78 ben appellat Paulus Rom.16.verſ.1. Cur autem

74 566 864 78 id factum ſit & inductum in eccleſiam quæri po¬

75 616 860 76 teſt. Nam non modò Paulus 1. Corint.14. & ſupr.

70 669 864 69 2.vetat mulieres loqui in eccleſia, & publicum

72 716 864 74 aliquod munus gerere:ſed etiam quæcunque le¬

72 765 858 74 ges politicæ rectè vtriuſque ſexus diſcrimen ag¬

64 812 867 70 nouiſſe videntur, quales ſunt Romanæ, idem fa¬

66 856 862 78 ciunt. Illis enim mulier prohibetur publicum ali¬

69 908 858 75 quod munus exercere l. Mulier.5.de Regul. Iuris.

64 956 862 75 Cur igitur & ſibi ipſi iam non conſentire vide¬

62 1005 862 74 tur Paulus: & rectè cõſtitutum illud inter mares

62 1053 864 74 & fœminas diſcrimen tollere, atque adeo natu¬

58 1100 864 80 ræ ipſi tanquam aduerſari? Reſp.neque ſibi, ne¬

63 1152 861 75 que naturę repugnare hoc Pauli pręceptum: vel

57 1198 861 78 antiquiſſimum illum eccleſiæ Chriſtianę morẽ,

60 1250 864 74 quę huiuſmodifœminas ad pauperum miniſteriũ

56 1298 864 72 accerſiuit, dedítque illis in eccleſia munus atque

52 1344 867 75 aliquam dignitatem: publicam quidem ratione

50 1394 867 75 fructus & vtilitatis, quæ ad oiines ex ta proue¬

50 1443 868 74 niebat. priuatam autẽ ratione iniunctæ ipſis pro¬

48 1491 866 75 uinciæ, & deſcripti deffinitíq; certis auguſtiſque

45 1538 870 75 finibus carum muneris. Differunt enim hę Dia¬

46 1587 868 76 coniſſæ, atque earum munus à Diaconis: quòd

42 1635 872 75 Diaconi toti ærario eccleſiaſtico & curę vniuer¬

44 1684 870 75 ſorum eccleſię pauperum præficiuntur: hę verò

42 1737 868 82 certo cuidam miniſterio tantùm, atque adeo ſub
