1500 2172
874 158 75 69 436

348 172 267 40 CAPVT. V.

86 196 867 84 partem indicunt. Deinde, quòd in eo ipſo cultũ

84 252 866 78 Dei ſitum eſſe contendunt. Tertiò quòd in iis

86 326 868 52 plis à Patrum conſuetudine receſſerunt, & à me¬

82 351 867 78 liori more in Eccleſia iam recepto & inueterato.

134 404 816 70 Quod vt melius intelligatur, rem totam fuſius

78 446 866 75 ſic explico. Cùm κακοζηλία quadam homines o¬

80 498 868 76 mnia quæ Apoſtolorum temporibus obſeruata

75 543 867 81 fuerant, ſibi putarent imitanda, neque locorum,

76 596 867 74 neque temporum, neque rerum diſſimilium ra¬

78 640 867 76 tionem haberent, etiam & ipſi ſuas Diaconiſſas

74 693 872 74 retinere præciſè voluerunt. Sed cùm poſteriori¬

72 740 868 80 bus temporibus & mutatis circunſtantijs earum

68 796 872 68 nullum in Eccleſia vſum eſſe cernerent, magno

68 837 870 72 Eccleſiæ malo, magnóque conſcientiarum detri¬

68 882 870 82 mento peſsima tamen eius ordinis inſtituendi

66 934 326 58 ratio reperta eſt.

111 980 828 84 Inſtigabant virgines Chriſtianas quidam E¬

64 1030 873 81 piſcopi, vt ſe Deo dicarent, atque, vt illi loque¬

62 1076 876 84 bantur, conſecrarent. Deinde vt in ſignum iſtius

60 1128 880 81 conſecrationis ſe velo, tanquam caſtitatis & ve¬

57 1178 876 75 recundiæ teſtimonio, ſemper tegerent, & obnu¬

57 1224 874 76 bilarent. Quod ex Pauli conſilio facere ſe & iu¬

56 1270 874 80 bere iactitabant 1I.Corinth.11. Hinc variæ Hiero¬

51 1318 878 88 nymi, Auguſtini, Ambroſij, Fulgentij epiſtolæ ad

54 1372 880 82 varias virgines ſcriptæ, quia etiam ante ætatem

50 1419 876 81 horum omnium huiuſmodi votunii ni magno a¬

51 1467 868 81 pud Eccleſiam pretio iam haberetur. Tamen, vt

48 1518 873 80 ex iiſdem ſcriptoribus apparet, & imprimis ex

51 1560 870 84 Cypriano & Tertulliano in lib. de cultu & habi¬

45 1617 876 75 tu virginum, hoc totum voti genus etiam conce¬

46 1665 874 80 ptum & nuncupatum adhuc liberum erat. In pri¬

44 1713 873 75 uatis enim parentum vel cognatorum ædibus

42 1756 873 94 huiuſmodi virgines, quæ ſanctæ vel conſecratæ

652 1824 75 76 t.ij.
