<?xml version='1.0' encoding='UTF-8'?>
<alto xmlns:xsi="http://www.w3.org/2001/XMLSchema-instance" xmlns="http://www.loc.gov/standards/alto/ns-v4#" xsi:schemaLocation="http://www.loc.gov/standards/alto/ns-v4# http://www.loc.gov/standards/alto/v4/alto-4-2.xsd">
  <Description>
    <MeasurementUnit>pixel</MeasurementUnit>
    <sourceImageInformation>
      <fileName>2013236.jpeg</fileName>
    </sourceImageInformation>
  </Description>
  <Tags>
    <OtherTag ID="BT7" LABEL="CustomZone" DESCRIPTION="block type CustomZone"/><OtherTag ID="BT8" LABEL="DamageZone" DESCRIPTION="block type DamageZone"/><OtherTag ID="BT9" LABEL="DigitizationArtefactZone" DESCRIPTION="block type DigitizationArtefactZone"/><OtherTag ID="BT10" LABEL="DropCapitalZone" DESCRIPTION="block type DropCapitalZone"/><OtherTag ID="BT11" LABEL="GraphicZone" DESCRIPTION="block type GraphicZone"/><OtherTag ID="BT12" LABEL="MainZone" DESCRIPTION="block type MainZone"/><OtherTag ID="BT13" LABEL="MarginTextZone" DESCRIPTION="block type MarginTextZone"/><OtherTag ID="BT14" LABEL="MusicZone" DESCRIPTION="block type MusicZone"/><OtherTag ID="BT15" LABEL="NumberingZone" DESCRIPTION="block type NumberingZone"/><OtherTag ID="BT17" LABEL="QuireMarksZone" DESCRIPTION="block type QuireMarksZone"/><OtherTag ID="BT18" LABEL="RunningTitleZone" DESCRIPTION="block type RunningTitleZone"/><OtherTag ID="BT19" LABEL="SealZone" DESCRIPTION="block type SealZone"/><OtherTag ID="BT20" LABEL="StampZone" DESCRIPTION="block type StampZone"/><OtherTag ID="BT21" LABEL="TableZone" DESCRIPTION="block type TableZone"/><OtherTag ID="BT22" LABEL="TitlePageZone" DESCRIPTION="block type TitlePageZone"/><OtherTag ID="BT3407" LABEL="MainZone-Continued" DESCRIPTION="block type MainZone-Continued"/><OtherTag ID="BT3408" LABEL="MainZone-P" DESCRIPTION="block type MainZone-P"/><OtherTag ID="BT3409" LABEL="MainZone-Head" DESCRIPTION="block type MainZone-Head"/><OtherTag ID="BT3410" LABEL="MainZone-Other" DESCRIPTION="block type MainZone-Other"/><OtherTag ID="BT3411" LABEL="MainZone-Sp" DESCRIPTION="block type MainZone-Sp"/><OtherTag ID="BT3417" LABEL="MainZone-Sp-Continued" DESCRIPTION="block type MainZone-Sp-Continued"/><OtherTag ID="BT3418" LABEL="GraphicZone-Decoration" DESCRIPTION="block type GraphicZone-Decoration"/><OtherTag ID="BT3419" LABEL="MainZone-Entry" DESCRIPTION="block type MainZone-Entry"/><OtherTag ID="BT3420" LABEL="MainZone-Lg" DESCRIPTION="block type MainZone-Lg"/><OtherTag ID="BT3421" LABEL="MainZone-Entry-Continued" DESCRIPTION="block type MainZone-Entry-Continued"/><OtherTag ID="BT3422" LABEL="MarginTextZone-ManuscriptAddendum" DESCRIPTION="block type MarginTextZone-ManuscriptAddendum"/><OtherTag ID="BT3423" LABEL="MainZone-List" DESCRIPTION="block type MainZone-List"/>
    <OtherTag ID="LT7" LABEL="CustomLine" DESCRIPTION="line type CustomLine"/><OtherTag ID="LT8" LABEL="DefaultLine" DESCRIPTION="line type DefaultLine"/><OtherTag ID="LT9" LABEL="DropCapitalLine" DESCRIPTION="line type DropCapitalLine"/><OtherTag ID="LT10" LABEL="HeadingLine" DESCRIPTION="line type HeadingLine"/><OtherTag ID="LT11" LABEL="InterlinearLine" DESCRIPTION="line type InterlinearLine"/><OtherTag ID="LT12" LABEL="MusicLine" DESCRIPTION="line type MusicLine"/>
  </Tags>
  <Layout>
    <Page WIDTH="1500" HEIGHT="2172" PHYSICAL_IMG_NR="232" ID="eSc_dummypage_">
      <PrintSpace HPOS="0" VPOS="0" WIDTH="1500" HEIGHT="2172">
        <TextBlock HPOS="554" VPOS="127" WIDTH="72" HEIGHT="51" ID="block_1" TAGREFS="BT15">
          <Shape><Polygon POINTS="554 127 626 127 626 178 554 178 554 127"/></Shape>
          <TextLine ID="line_1" TAGREFS="LT8" BASELINE="555 158 646 154" HPOS="554" VPOS="141" WIDTH="93" HEIGHT="38">
            <Shape><Polygon POINTS="638 141 626 141 614 141 602 141 590 141 578 141 566 141 554 141 555 158 555 178 585 174 592 176 612 178 614 178 615 178 616 178 616 178 624 170 627 166 645 166 646 154 644 141 638 141"/></Shape>
            <String CONTENT="486" HPOS="554" VPOS="141" WIDTH="93" HEIGHT="38" WC="0.9999976952870687"/>
          </TextLine>
        </TextBlock>
        <TextBlock HPOS="722" VPOS="115" WIDTH="562" HEIGHT="55" ID="block_2" TAGREFS="BT18">
          <Shape><Polygon POINTS="722 115 1284 115 1284 170 722 170 722 115"/></Shape>
          <TextLine ID="line_2" TAGREFS="LT8" BASELINE="716 156 1282 152" HPOS="716" VPOS="123" WIDTH="567" HEIGHT="52">
            <Shape><Polygon POINTS="1137 141 1125 141 1113 141 1101 141 1089 141 1077 141 1065 141 1053 141 1041 141 1029 141 1017 141 1005 141 993 141 981 141 969 141 956 141 944 141 932 141 920 141 908 141 896 141 884 141 872 141 860 141 848 141 836 141 824 141 812 141 800 141 788 141 776 141 764 141 752 141 740 141 728 141 716 141 716 156 716 172 808 176 810 176 812 176 813 176 816 172 825 166 836 172 843 176 844 176 844 176 846 176 852 172 868 165 890 165 932 172 944 174 945 174 946 174 948 174 948 172 950 172 956 166 966 172 966 172 968 172 969 172 998 174 999 174 1011 172 1066 164 1095 172 1098 172 1098 172 1100 172 1101 172 1104 172 1142 162 1164 162 1173 171 1173 172 1174 172 1176 172 1178 172 1179 172 1197 162 1281 172 1282 152 1281 123 1155 123 1154 123 1154 123 1146 126 1137 129 1137 141"/></Shape>
            <String CONTENT="AD I. PAVL. AD TIM." HPOS="716" VPOS="123" WIDTH="567" HEIGHT="52" WC="0.9996432128705477"/>
          </TextLine>
        </TextBlock>
        <TextBlock HPOS="547" VPOS="177" WIDTH="877" HEIGHT="635" ID="block_3" TAGREFS="BT3407">
          <Shape><Polygon POINTS="547 177 1424 177 1424 812 547 812 547 177"/></Shape>
          <TextLine ID="line_3" TAGREFS="LT8" BASELINE="549 214 1419 208" HPOS="548" VPOS="166" WIDTH="872" HEIGHT="66">
            <Shape><Polygon POINTS="549 214 549 226 604 232 606 232 660 226 669 225 672 226 684 231 684 231 686 231 687 231 699 225 700 225 706 225 754 232 756 232 820 231 820 231 822 231 832 225 834 224 844 224 916 231 918 231 920 231 920 231 932 224 933 222 1010 222 1011 222 1030 230 1030 230 1032 231 1108 231 1108 230 1244 222 1246 222 1246 222 1304 228 1305 228 1306 228 1318 222 1362 228 1364 228 1419 219 1419 208 1416 177 1316 166 1314 166 1314 166 1312 166 1312 168 1302 176 1083 168 1082 168 1024 177 982 168 981 168 981 168 980 168 966 178 940 170 939 170 938 170 938 170 936 170 926 178 888 172 888 172 795 178 783 170 783 170 782 170 780 170 744 171 742 171 741 171 730 178 579 171 578 171 576 171 548 180 549 214"/></Shape>
            <String CONTENT="ciliabatur per manuum impoſitionem à paſtore" HPOS="548" VPOS="166" WIDTH="872" HEIGHT="66" WC="0.9998787853452894"/>
          </TextLine>
          <TextLine ID="line_4" TAGREFS="LT8" BASELINE="544 264 1418 258" HPOS="543" VPOS="219" WIDTH="874" HEIGHT="66">
            <Shape><Polygon POINTS="544 264 544 285 674 285 674 284 680 284 720 274 798 282 810 284 812 284 813 284 814 282 831 274 879 282 892 284 894 284 894 284 898 282 916 273 984 273 996 280 998 282 999 282 999 282 1000 284 1030 284 1030 282 1032 282 1036 280 1048 273 1066 279 1071 280 1072 280 1074 280 1083 279 1134 272 1179 272 1198 278 1204 280 1206 280 1208 282 1242 282 1242 280 1244 280 1250 278 1266 272 1286 278 1292 279 1293 279 1294 280 1326 280 1326 279 1328 279 1329 279 1332 278 1340 272 1414 276 1418 258 1413 228 1392 228 1390 226 1382 219 1380 219 1378 219 1377 219 1376 219 1346 226 1341 228 1332 226 1299 222 1298 222 1263 226 1240 230 1155 230 1148 226 1136 222 1136 222 1134 222 1132 222 1118 226 1108 228 1059 226 986 222 984 222 982 222 974 225 963 231 892 231 866 225 852 222 850 222 837 225 808 231 748 225 734 224 732 224 730 224 729 224 728 225 716 234 670 234 652 225 650 224 648 224 648 224 543 224 544 264"/></Shape>
            <String CONTENT="ſiue Sacerdote. Quæ res fuerunt pompæ potius" HPOS="543" VPOS="219" WIDTH="874" HEIGHT="66" WC="0.9993675987828862"/>
          </TextLine>
          <TextLine ID="line_5" TAGREFS="LT8" BASELINE="544 312 1418 308" HPOS="543" VPOS="268" WIDTH="874" HEIGHT="64">
            <Shape><Polygon POINTS="544 312 544 326 561 333 562 333 564 333 616 326 620 326 630 333 632 333 633 333 634 333 732 333 732 333 734 333 748 326 844 332 844 332 846 332 870 324 870 324 950 324 987 324 1028 330 1029 330 1030 330 1030 330 1041 322 1042 322 1092 322 1092 322 1104 330 1104 330 1106 330 1107 332 1198 332 1198 330 1416 320 1418 308 1413 268 1240 274 1215 272 1198 268 1197 268 1197 268 1186 272 1168 276 1152 272 1143 270 1142 270 1142 270 1140 270 1136 272 1128 276 1088 272 1053 270 1052 270 1050 270 1036 273 1026 276 1010 273 981 270 980 270 978 270 960 274 948 278 786 278 783 278 764 272 762 272 760 272 759 272 742 278 740 278 735 278 716 272 716 272 714 272 626 278 585 272 584 272 543 279 544 312"/></Shape>
            <String CONTENT="externæ, quàm vera caſtigatio delicti: ſed quæſi¬" HPOS="543" VPOS="268" WIDTH="874" HEIGHT="64" WC="0.9835178065299988"/>
          </TextLine>
          <TextLine ID="line_6" TAGREFS="LT8" BASELINE="544 362 1418 354" HPOS="543" VPOS="320" WIDTH="874" HEIGHT="62">
            <Shape><Polygon POINTS="544 362 544 378 806 372 822 378 830 381 831 381 832 381 832 381 838 378 852 370 922 370 942 378 946 380 948 380 950 380 972 378 1030 372 1104 376 1124 378 1125 378 1126 378 1130 376 1146 369 1164 376 1166 376 1166 376 1168 376 1200 369 1215 376 1215 376 1216 376 1218 376 1221 376 1248 370 1263 376 1264 376 1264 376 1266 376 1268 376 1269 376 1300 369 1328 375 1329 375 1330 376 1416 376 1418 354 1414 327 1124 321 1122 321 1122 321 1120 321 1113 327 1089 320 1088 320 1086 320 1086 320 1071 327 1060 320 1059 320 1058 320 1056 320 1018 326 992 320 990 320 988 320 987 320 972 327 912 320 910 320 860 327 648 322 646 322 645 322 624 332 561 324 561 324 560 324 543 332 544 362"/></Shape>
            <String CONTENT="ta ratio eſt nugarum in Eccleſiam pro vera pœ¬" HPOS="543" VPOS="320" WIDTH="874" HEIGHT="62" WC="0.9944529170575349"/>
          </TextLine>
          <TextLine ID="line_7" TAGREFS="LT8" BASELINE="543 408 1419 405" HPOS="543" VPOS="363" WIDTH="876" HEIGHT="66">
            <Shape><Polygon POINTS="543 408 543 424 614 429 615 429 616 429 628 424 634 420 723 420 729 424 735 428 736 428 738 428 810 429 812 429 813 429 825 423 831 418 872 418 938 423 1036 428 1038 428 1040 428 1050 422 1054 420 1058 422 1072 428 1074 428 1074 428 1076 428 1077 428 1086 422 1090 418 1116 422 1156 424 1158 424 1160 424 1168 422 1174 418 1186 422 1218 426 1220 426 1256 420 1272 418 1278 420 1290 426 1292 426 1293 428 1382 428 1382 426 1419 418 1419 405 1414 368 1376 375 1358 369 1358 369 1356 369 1354 369 1342 375 1234 375 1221 369 1212 363 1210 363 1209 363 1209 363 1190 369 1174 372 1170 369 1164 363 1162 363 1161 363 1136 363 1134 363 1132 363 1131 363 1124 369 1112 378 1080 378 1068 369 1066 369 1066 369 1065 369 1064 369 1062 369 1060 369 1060 369 1048 378 1018 378 988 370 963 364 962 364 962 364 960 364 950 370 948 372 942 370 920 364 918 364 916 364 915 364 902 370 896 375 850 375 834 372 813 366 812 366 734 366 732 366 730 366 729 366 722 372 711 378 684 378 678 374 668 366 666 366 666 366 664 366 663 366 650 374 648 374 646 374 626 369 624 369 602 374 596 375 592 374 579 368 579 368 578 368 543 374 543 408"/></Shape>
            <String CONTENT="nitentia ſubſtituendarum, &amp; affectata inepta" HPOS="543" VPOS="363" WIDTH="876" HEIGHT="66" WC="0.9993584955280478"/>
          </TextLine>
          <TextLine ID="line_8" TAGREFS="LT8" BASELINE="549 456 1418 452" HPOS="548" VPOS="414" WIDTH="870" HEIGHT="63">
            <Shape><Polygon POINTS="549 456 549 471 734 477 735 477 736 477 759 471 765 470 771 471 782 476 783 476 783 476 784 476 786 476 792 471 795 470 879 470 882 471 892 476 894 476 894 476 958 471 993 468 1017 471 1048 474 1050 476 1096 476 1096 474 1098 474 1098 474 1102 471 1104 468 1113 471 1126 474 1128 474 1130 474 1416 470 1418 452 1414 423 1260 414 1258 414 1258 414 1257 414 1248 423 1089 423 1042 416 1041 416 1040 416 1018 423 988 416 987 416 987 416 986 416 984 416 972 424 914 417 912 417 852 423 795 417 795 417 794 417 776 424 582 418 580 418 579 418 548 426 549 456"/></Shape>
            <String CONTENT="quędam ſeueritas. Iſta referuntur in can. Pœnitẽ¬" HPOS="548" VPOS="414" WIDTH="870" HEIGHT="63" WC="0.99582346163544"/>
          </TextLine>
          <TextLine ID="line_9" TAGREFS="LT8" BASELINE="548 506 1425 502" HPOS="546" VPOS="464" WIDTH="879" HEIGHT="62">
            <Shape><Polygon POINTS="548 506 548 519 858 525 858 525 860 525 861 525 868 519 872 519 1224 524 1226 524 1287 518 1296 524 1298 524 1299 524 1300 524 1302 524 1316 518 1408 524 1410 524 1412 524 1425 518 1425 502 1422 468 1218 464 1216 464 1215 464 1215 464 1208 468 1204 471 1148 471 1142 470 1098 464 1096 464 1042 470 1042 470 1040 470 1000 464 999 464 999 464 984 471 982 471 981 471 975 465 974 465 972 465 867 465 866 465 790 471 789 471 771 465 770 465 768 465 766 465 748 471 660 466 658 466 546 472 548 506"/></Shape>
            <String CONTENT="tes &amp; cano. In capite quadrageſimæ diſtinct.50." HPOS="546" VPOS="464" WIDTH="879" HEIGHT="62" WC="0.9884342665367938"/>
          </TextLine>
          <TextLine ID="line_10" TAGREFS="LT8" BASELINE="549 555 1416 550" HPOS="549" VPOS="512" WIDTH="867" HEIGHT="62">
            <Shape><Polygon POINTS="549 555 549 573 616 567 1413 567 1416 550 1413 524 1376 514 1376 514 1334 519 1326 512 1324 512 1323 512 1284 512 1282 512 1282 512 1281 512 1268 524 1206 524 1184 513 1182 513 1180 513 1124 524 1066 524 1029 513 1028 513 862 513 861 513 860 513 844 520 716 514 714 514 549 525 549 555"/></Shape>
            <String CONTENT="quæ prorſus à noſtris Eccleſijs exulare debent." HPOS="549" VPOS="512" WIDTH="867" HEIGHT="62" WC="0.9898824878036976"/>
          </TextLine>
          <TextLine ID="line_11" TAGREFS="LT8" BASELINE="550 603 1418 598" HPOS="549" VPOS="561" WIDTH="868" HEIGHT="63">
            <Shape><Polygon POINTS="550 603 550 616 684 615 688 616 698 622 699 622 700 622 702 624 738 624 738 622 740 622 740 622 740 622 747 616 750 615 776 615 789 616 831 622 832 622 832 622 861 616 870 614 874 616 882 622 882 622 884 622 885 622 920 616 920 616 927 616 1122 622 1122 622 1124 622 1125 622 1125 621 1131 616 1238 620 1239 620 1240 620 1252 614 1257 612 1275 614 1348 621 1350 621 1416 612 1418 598 1414 568 1293 561 1292 561 1290 561 1272 567 1245 561 1244 561 1242 561 1167 567 1128 561 1126 561 1092 568 1088 568 1080 568 1040 562 1038 562 1036 562 1036 562 1030 568 1029 570 984 570 981 568 966 561 964 561 963 561 962 561 938 568 933 570 897 570 894 568 886 561 885 561 884 561 882 561 848 568 838 570 828 568 804 562 802 562 764 568 756 568 752 568 728 562 676 562 675 562 674 562 672 562 664 568 662 570 652 568 626 562 624 562 622 562 604 568 598 570 596 568 591 564 590 564 588 564 586 564 549 567 550 603"/></Shape>
            <String CONTENT="Quid enim ſigna hæc pœnitentiæ præſcribi ne¬" HPOS="549" VPOS="561" WIDTH="868" HEIGHT="63" WC="0.9945100058208812"/>
          </TextLine>
          <TextLine ID="line_12" TAGREFS="LT8" BASELINE="549 654 1419 648" HPOS="548" VPOS="614" WIDTH="872" HEIGHT="58">
            <Shape><Polygon POINTS="861 651 849 651 837 651 825 651 813 651 801 651 789 651 777 651 765 651 753 651 740 651 728 651 716 651 704 651 692 651 680 651 668 651 656 651 644 651 632 651 620 651 608 651 596 651 584 651 572 651 560 651 548 651 549 654 549 666 700 666 702 666 710 672 711 672 712 672 714 672 754 666 765 664 770 666 782 670 783 670 783 670 846 666 864 664 870 666 897 670 898 670 1418 663 1419 648 1413 626 1401 628 1394 626 1370 614 1370 614 1368 614 1366 614 1320 627 1318 627 1300 614 1299 614 1298 614 1246 614 1245 614 1244 614 1216 622 1162 615 1161 615 1160 615 1136 628 1120 622 1119 622 1118 622 1116 622 1100 627 1080 615 1078 615 1077 615 1076 615 1074 615 1053 622 1042 615 1041 615 1040 615 1038 615 1008 621 900 616 900 616 898 616 897 616 870 633 864 636 861 651"/></Shape>
            <String CONTENT="cente cies cui qui verè pœnitet, ſatis illa exhi¬" HPOS="548" VPOS="614" WIDTH="872" HEIGHT="58" WC="0.9750757277011871"/>
          </TextLine>
          <TextLine ID="line_13" TAGREFS="LT8" BASELINE="552 702 1419 696" HPOS="550" VPOS="658" WIDTH="868" HEIGHT="60">
            <Shape><Polygon POINTS="552 702 552 714 975 718 975 718 976 718 993 711 993 711 1004 711 1172 717 1172 717 1282 710 1376 716 1377 716 1419 708 1419 696 1418 666 1312 658 1311 658 1278 666 1276 666 1274 666 1233 658 1232 658 1230 658 1212 666 1210 666 1209 666 1182 660 1180 660 1179 660 1179 660 1172 666 1166 670 1131 670 1122 664 1116 660 1116 660 1114 660 1113 660 1086 664 1060 669 1047 664 1036 660 1035 660 1034 660 1032 660 1030 660 1026 664 1020 669 1005 664 999 663 999 663 998 663 996 663 993 664 978 672 920 672 903 664 897 662 896 662 894 662 894 662 888 664 868 672 822 672 812 663 808 660 807 660 806 660 774 660 772 660 771 660 771 660 768 663 759 672 747 663 746 663 746 663 744 663 742 663 741 663 723 668 716 663 716 662 714 662 712 662 651 662 650 662 648 662 645 663 624 669 550 663 552 702"/></Shape>
            <String CONTENT="beat:imò verò potius attollendus ſit, &amp; erigen¬" HPOS="550" VPOS="658" WIDTH="868" HEIGHT="60" WC="0.9849329140721536"/>
          </TextLine>
          <TextLine ID="line_14" TAGREFS="LT8" BASELINE="548 752 1419 746" HPOS="546" VPOS="708" WIDTH="873" HEIGHT="64">
            <Shape><Polygon POINTS="1149 728 1146 718 1144 720 1144 722 1104 722 1104 720 1080 710 1080 710 1078 710 1077 710 1048 722 1047 722 1016 722 969 720 939 710 938 710 938 710 936 710 934 710 920 722 918 722 894 722 890 722 876 716 876 716 874 716 819 722 808 722 806 722 783 711 783 711 765 711 765 711 764 711 762 711 750 722 748 722 722 722 708 712 706 712 705 712 704 712 630 722 616 723 608 722 561 712 561 712 560 712 558 712 546 718 548 752 548 766 666 772 666 772 668 772 669 772 680 765 684 764 744 764 764 765 814 771 814 771 882 765 903 762 909 764 927 771 928 771 930 771 932 771 932 771 940 764 942 764 950 764 1052 771 1053 771 1054 771 1054 771 1066 762 1070 760 1080 762 1122 770 1124 770 1125 770 1126 770 1136 762 1137 760 1143 762 1186 768 1188 768 1239 760 1248 759 1266 760 1388 768 1389 768 1390 768 1419 758 1419 746 1416 720 1264 708 1263 708 1262 708 1260 708 1240 720 1240 722 1184 722 1184 720 1162 710 1161 710 1160 710 1160 710 1158 710 1155 710 1149 728"/></Shape>
            <String CONTENT="dus, quàm deprimendus, ne incidat in deſpera¬" HPOS="546" VPOS="708" WIDTH="873" HEIGHT="64" WC="0.9875635828660883"/>
          </TextLine>
          <TextLine ID="line_15" TAGREFS="LT8" BASELINE="549 801 710 796" HPOS="548" VPOS="759" WIDTH="162" HEIGHT="60">
            <Shape><Polygon POINTS="549 801 549 812 561 819 562 819 564 819 624 813 657 810 710 814 710 796 706 759 652 770 548 762 549 801"/></Shape>
            <String CONTENT="tionem?" HPOS="548" VPOS="759" WIDTH="162" HEIGHT="60" WC="0.9995323164122445"/>
          </TextLine>
        </TextBlock>
        <TextBlock HPOS="548" VPOS="816" WIDTH="881" HEIGHT="986" ID="block_4" TAGREFS="BT3408">
          <Shape><Polygon POINTS="548 816 1429 816 1429 1802 548 1802 548 816"/></Shape>
          <TextLine ID="line_16" TAGREFS="LT8" BASELINE="598 848 1419 844" HPOS="598" VPOS="802" WIDTH="820" HEIGHT="64">
            <Shape><Polygon POINTS="598 848 598 862 668 867 669 867 670 867 681 862 688 858 712 862 753 867 753 867 754 867 771 861 777 858 780 861 788 867 789 867 789 867 790 867 792 867 814 861 820 860 830 861 870 867 872 867 914 860 930 856 964 860 1023 862 1024 862 1134 856 1154 856 1162 856 1224 864 1226 864 1227 864 1227 864 1239 856 1240 856 1302 864 1302 864 1352 856 1378 864 1380 864 1382 864 1382 864 1419 855 1419 844 1416 807 1395 802 1395 802 1394 802 1380 807 1353 814 1341 807 1335 802 1334 802 1332 802 1332 802 1299 807 1274 812 1251 807 1215 802 1215 802 1214 802 1212 802 1203 808 1196 814 1184 808 1166 802 1164 802 1162 802 1161 802 1142 810 1126 816 1062 816 1054 812 1053 808 1052 808 1050 808 1048 808 1038 812 1022 814 1011 812 992 804 990 804 988 804 987 804 964 813 957 814 952 813 938 804 936 804 885 804 884 804 882 804 882 804 866 814 861 816 850 814 819 806 818 806 816 806 814 806 814 806 802 814 801 818 729 818 728 814 711 806 710 806 710 806 708 806 706 806 705 806 693 816 692 818 648 818 648 816 627 806 626 806 624 806 622 806 598 814 598 848"/></Shape>
            <String CONTENT="Quæritur qui publicam exomologeſin facere" HPOS="598" VPOS="802" WIDTH="820" HEIGHT="64" WC="0.9996297446692862"/>
          </TextLine>
          <TextLine ID="line_17" TAGREFS="LT8" BASELINE="548 897 1416 892" HPOS="546" VPOS="854" WIDTH="870" HEIGHT="63">
            <Shape><Polygon POINTS="1149 870 1143 858 1134 862 1128 864 1074 862 1072 862 1060 855 1060 855 1059 855 987 855 986 855 984 855 982 855 982 856 975 862 972 867 861 867 852 862 840 856 838 856 838 856 808 861 784 867 723 867 711 861 702 856 700 856 699 856 698 856 686 861 666 867 648 861 638 856 636 856 634 856 546 860 548 897 548 916 656 908 722 915 726 915 728 915 732 915 818 906 890 912 891 912 1022 906 1038 912 1041 912 1042 912 1042 914 1098 914 1098 912 1100 912 1101 912 1102 912 1112 906 1413 908 1416 892 1413 864 1341 864 1341 862 1329 854 1328 854 1326 854 1326 854 1216 862 1197 864 1190 862 1158 855 1156 855 1149 870"/></Shape>
            <String CONTENT="poſſint &amp; permittantur. Reſpo. Omnes debere," HPOS="546" VPOS="854" WIDTH="870" HEIGHT="63" WC="0.9996884153647856"/>
          </TextLine>
          <TextLine ID="line_18" TAGREFS="LT8" BASELINE="546 944 1419 938" HPOS="544" VPOS="903" WIDTH="874" HEIGHT="62">
            <Shape><Polygon POINTS="546 944 546 958 561 964 562 964 564 964 566 964 567 964 573 958 578 956 648 956 658 957 690 964 692 964 736 957 744 956 752 957 783 963 784 963 786 963 804 956 807 956 814 956 891 963 892 963 956 956 966 954 969 956 976 962 978 962 980 962 981 963 1006 963 1006 962 1008 962 1026 956 1029 954 1098 954 1100 954 1108 962 1110 962 1110 962 1112 962 1152 962 1152 962 1154 962 1172 952 1172 952 1191 962 1191 962 1192 962 1290 951 1302 951 1308 951 1362 960 1364 960 1419 950 1419 938 1418 910 1268 903 1266 903 1264 903 1244 912 1240 912 1148 912 1146 912 1108 904 1107 904 1106 904 1104 904 1096 912 1096 912 969 912 968 912 920 906 918 906 882 914 879 914 873 914 818 906 816 906 748 914 722 906 720 906 718 906 651 914 573 908 572 908 570 908 544 915 546 944"/></Shape>
            <String CONTENT="&amp; nõ tãtùm poſſe, qui eo peccati genere delique¬" HPOS="544" VPOS="903" WIDTH="874" HEIGHT="62" WC="0.9911384465647679"/>
          </TextLine>
          <TextLine ID="line_19" TAGREFS="LT8" BASELINE="546 994 1420 987" HPOS="544" VPOS="950" WIDTH="876" HEIGHT="58">
            <Shape><Polygon POINTS="546 994 546 1008 1420 1005 1420 987 1419 960 1390 950 1389 950 1388 950 1335 958 1323 950 1322 950 1320 950 1275 950 1274 950 1272 950 1270 950 1257 960 1256 960 1251 960 1158 950 1156 950 1155 950 1130 960 1126 962 1060 962 1058 960 1046 951 1044 951 1042 951 1042 951 968 960 945 962 940 960 927 952 926 952 926 952 855 960 820 963 723 963 720 960 712 954 711 954 710 954 710 954 680 960 660 964 622 960 576 956 574 956 544 960 546 994"/></Shape>
            <String CONTENT="runt, cuius pœna debet eſſe conſeſsio publica. I¬" HPOS="544" VPOS="950" WIDTH="876" HEIGHT="58" WC="0.998241912345497"/>
          </TextLine>
          <TextLine ID="line_20" TAGREFS="LT8" BASELINE="548 1042 1419 1035" HPOS="546" VPOS="998" WIDTH="873" HEIGHT="63">
            <Shape><Polygon POINTS="1149 1020 1144 1008 1130 1008 1119 1000 1118 1000 1116 1000 1116 1000 1114 1000 1098 1008 1098 1008 1092 1008 1038 1002 1036 1002 1036 1002 1023 1008 994 999 993 999 993 999 992 999 990 999 980 1010 978 1011 958 1011 957 1010 948 1000 946 1000 945 1000 876 1000 876 1000 874 1000 873 1000 861 1010 844 1002 843 1002 842 1002 765 1010 758 1011 756 1011 746 1002 746 1002 744 1002 692 1002 690 1002 690 1002 660 1011 654 1011 546 1011 548 1042 548 1053 580 1060 582 1060 626 1054 680 1060 681 1060 730 1060 732 1060 734 1060 746 1053 836 1060 837 1060 838 1060 861 1052 879 1052 951 1052 975 1059 975 1059 976 1059 978 1059 1011 1050 1012 1050 1016 1050 1124 1058 1125 1058 1126 1058 1142 1048 1148 1048 1216 1056 1218 1056 1220 1056 1234 1048 1364 1054 1365 1054 1419 1047 1419 1035 1416 1006 1272 998 1270 998 1220 1006 1218 1008 1200 1008 1154 1008 1149 1020"/></Shape>
            <String CONTENT="taque nullius dignitatis, ſexus &amp; conditionis ra¬" HPOS="546" VPOS="998" WIDTH="873" HEIGHT="63" WC="0.9965276377541679"/>
          </TextLine>
          <TextLine ID="line_21" TAGREFS="LT8" BASELINE="549 1092 1418 1086" HPOS="548" VPOS="1046" WIDTH="870" HEIGHT="66">
            <Shape><Polygon POINTS="549 1092 549 1104 580 1104 582 1104 592 1110 592 1110 594 1110 596 1112 680 1112 680 1110 681 1110 682 1110 690 1104 717 1110 718 1110 720 1110 842 1104 894 1110 894 1110 896 1110 920 1101 922 1101 936 1101 1048 1108 1050 1108 1221 1100 1222 1100 1240 1107 1240 1107 1242 1107 1416 1098 1418 1086 1414 1054 1368 1046 1366 1046 1264 1054 1242 1054 1240 1054 1232 1047 1230 1047 1228 1047 1191 1047 1190 1047 1188 1047 1186 1047 1186 1048 1179 1054 1179 1054 1174 1054 1154 1047 1154 1047 1152 1047 1116 1053 1106 1047 1104 1047 1104 1047 1102 1047 1052 1048 1050 1048 1030 1054 1024 1054 1017 1054 980 1048 978 1048 976 1048 975 1048 975 1048 969 1054 966 1058 920 1058 916 1054 908 1048 906 1048 906 1048 904 1048 903 1048 886 1054 876 1059 832 1059 826 1054 820 1048 819 1048 818 1048 816 1048 814 1048 800 1054 789 1058 783 1054 777 1050 777 1050 776 1050 774 1050 772 1050 771 1050 766 1054 764 1056 759 1054 754 1050 754 1048 753 1048 753 1048 734 1048 732 1048 730 1048 729 1048 723 1054 717 1059 696 1054 672 1050 672 1050 670 1050 658 1054 646 1059 634 1054 624 1050 622 1050 622 1050 621 1050 620 1050 614 1054 606 1059 592 1054 579 1050 579 1050 578 1050 576 1050 574 1050 567 1054 562 1058 548 1054 549 1092"/></Shape>
            <String CONTENT="tio habenda eſt, ne ſit in Eccleſia Dei damnabilis" HPOS="548" VPOS="1046" WIDTH="870" HEIGHT="66" WC="0.9935100388526916"/>
          </TextLine>
          <TextLine ID="line_22" TAGREFS="LT8" BASELINE="548 1140 1419 1134" HPOS="546" VPOS="1098" WIDTH="873" HEIGHT="63">
            <Shape><Polygon POINTS="1149 1114 1146 1106 1144 1107 1144 1106 1136 1100 1136 1098 1136 1098 1134 1098 1107 1098 1106 1098 1104 1098 1089 1106 1083 1108 1070 1106 1044 1101 1042 1101 1042 1101 1041 1101 1034 1106 1026 1110 922 1110 898 1104 884 1102 882 1102 864 1104 822 1110 795 1104 778 1101 777 1101 760 1104 740 1108 698 1104 681 1102 680 1102 672 1104 634 1112 606 1104 603 1102 602 1102 600 1102 546 1102 548 1140 548 1158 586 1154 612 1158 634 1161 634 1161 657 1158 686 1154 704 1158 717 1161 718 1161 720 1161 722 1161 734 1158 744 1154 756 1158 765 1160 766 1160 768 1160 770 1160 780 1158 798 1152 808 1156 814 1160 814 1160 816 1160 852 1156 920 1150 934 1156 940 1160 942 1160 944 1160 944 1160 945 1160 948 1156 956 1150 981 1156 993 1160 993 1160 994 1160 1005 1156 1028 1150 1053 1156 1068 1160 1070 1160 1122 1158 1122 1158 1128 1155 1142 1148 1252 1148 1398 1148 1414 1154 1419 1134 1416 1108 1368 1106 1358 1098 1358 1098 1356 1098 1354 1098 1308 1106 1298 1100 1296 1100 1296 1100 1294 1100 1293 1100 1292 1100 1282 1107 1280 1107 1245 1101 1244 1101 1242 1101 1227 1107 1221 1108 1214 1107 1176 1098 1174 1098 1173 1098 1154 1104 1149 1114"/></Shape>
            <String CONTENT="illa perſonarum acceptio. Quod fieri vetat Do¬" HPOS="546" VPOS="1098" WIDTH="873" HEIGHT="63" WC="0.9837653662847436"/>
          </TextLine>
          <TextLine ID="line_23" TAGREFS="LT8" BASELINE="549 1190 1419 1184" HPOS="548" VPOS="1144" WIDTH="872" HEIGHT="64">
            <Shape><Polygon POINTS="549 1190 549 1208 705 1203 722 1206 735 1209 736 1209 753 1204 765 1203 770 1204 772 1209 774 1209 776 1209 777 1209 777 1209 788 1204 794 1203 800 1204 807 1209 808 1209 808 1209 838 1204 860 1202 870 1203 888 1209 888 1209 890 1209 891 1209 912 1203 918 1203 945 1203 1050 1208 1052 1208 1053 1208 1065 1202 1071 1198 1215 1198 1218 1200 1233 1204 1234 1204 1234 1204 1236 1204 1248 1200 1252 1197 1258 1198 1276 1204 1278 1204 1280 1204 1281 1204 1299 1198 1311 1204 1312 1204 1314 1206 1407 1206 1407 1204 1407 1204 1408 1204 1419 1197 1419 1184 1416 1155 1383 1155 1382 1154 1368 1144 1366 1144 1365 1144 1364 1144 1314 1150 1262 1144 1260 1144 1258 1144 1258 1144 1244 1154 1240 1155 1185 1154 1104 1150 1102 1150 1068 1154 1018 1156 1010 1154 999 1148 998 1148 996 1148 972 1152 948 1156 933 1152 918 1148 916 1148 915 1148 885 1152 849 1158 776 1152 738 1148 736 1148 700 1150 616 1158 604 1150 604 1149 603 1149 602 1149 600 1149 548 1149 549 1190"/></Shape>
            <String CONTENT="minus Malach.2.verſ.9. Apparet etiam id ipſum" HPOS="548" VPOS="1144" WIDTH="872" HEIGHT="64" WC="0.9950450857480367"/>
          </TextLine>
          <TextLine ID="line_24" TAGREFS="LT8" BASELINE="549 1239 1419 1233" HPOS="548" VPOS="1194" WIDTH="872" HEIGHT="64">
            <Shape><Polygon POINTS="549 1239 549 1252 622 1252 622 1252 645 1258 646 1258 648 1258 648 1258 668 1252 669 1252 722 1252 800 1252 813 1258 814 1258 814 1258 855 1252 886 1258 888 1258 888 1258 906 1250 906 1250 918 1250 1000 1257 1002 1257 1004 1257 1005 1257 1012 1250 1014 1250 1018 1250 1136 1256 1137 1256 1200 1248 1202 1248 1203 1248 1242 1256 1244 1256 1418 1245 1419 1233 1414 1202 1326 1203 1322 1202 1294 1194 1293 1194 1292 1194 1290 1194 1290 1194 1281 1203 1278 1203 1209 1203 1202 1203 1154 1196 1154 1196 1152 1196 1150 1196 1138 1203 1136 1204 1092 1204 1090 1203 1074 1196 1074 1196 1072 1196 1071 1196 1070 1196 1056 1203 1054 1204 1044 1204 956 1197 954 1197 952 1197 920 1204 897 1197 896 1197 894 1197 894 1197 868 1206 867 1206 864 1206 786 1197 784 1197 747 1206 734 1200 732 1200 592 1198 591 1198 548 1209 549 1239"/></Shape>
            <String CONTENT="ex hoc loco, vbi ne Presbyteris quidem ipſis par¬" HPOS="548" VPOS="1194" WIDTH="872" HEIGHT="64" WC="0.9926199730561704"/>
          </TextLine>
          <TextLine ID="line_25" TAGREFS="LT8" BASELINE="549 1286 1418 1281" HPOS="549" VPOS="1242" WIDTH="868" HEIGHT="63">
            <Shape><Polygon POINTS="549 1286 549 1298 652 1298 654 1298 674 1304 675 1304 676 1304 678 1304 699 1298 700 1298 730 1305 732 1305 734 1305 734 1305 735 1305 746 1298 764 1305 765 1305 765 1305 766 1305 788 1299 807 1304 808 1304 808 1304 810 1304 812 1304 820 1296 822 1296 832 1296 944 1304 945 1304 987 1294 993 1294 1014 1294 1185 1302 1186 1302 1340 1300 1341 1300 1360 1294 1380 1300 1382 1300 1382 1300 1416 1293 1418 1281 1414 1250 1384 1242 1383 1242 1382 1242 1382 1242 1372 1250 1371 1250 1346 1250 1162 1244 1161 1244 1160 1244 1160 1244 1150 1250 1148 1252 1098 1252 1095 1250 1083 1244 1082 1244 1006 1244 1005 1244 1005 1244 987 1250 981 1252 975 1250 963 1245 962 1245 962 1245 920 1250 897 1252 885 1250 867 1245 866 1245 846 1250 834 1252 802 1250 752 1245 750 1245 748 1245 740 1250 734 1252 716 1250 696 1245 694 1245 693 1245 680 1250 669 1252 657 1250 642 1245 640 1245 640 1245 549 1250 549 1286"/></Shape>
            <String CONTENT="cit Paulus:item exemplo Theodoſij imperatoris" HPOS="549" VPOS="1242" WIDTH="868" HEIGHT="63" WC="0.9978289657168918"/>
          </TextLine>
          <TextLine ID="line_26" TAGREFS="LT8" BASELINE="550 1334 1420 1330" HPOS="549" VPOS="1290" WIDTH="872" HEIGHT="64">
            <Shape><Polygon POINTS="550 1334 550 1348 588 1354 590 1354 591 1354 606 1348 610 1347 678 1348 814 1352 814 1352 884 1348 922 1346 926 1348 938 1353 938 1353 939 1354 1104 1354 1104 1353 1106 1353 1124 1347 1134 1344 1144 1347 1166 1352 1167 1352 1204 1347 1222 1344 1227 1347 1233 1352 1234 1352 1234 1352 1236 1352 1420 1346 1420 1330 1419 1296 1412 1290 1410 1290 1408 1290 1407 1290 1377 1296 1352 1290 1350 1290 1348 1290 1347 1290 1346 1290 1334 1299 1332 1300 1234 1300 1234 1299 1192 1290 1191 1290 1191 1290 1190 1290 1179 1299 1137 1290 1136 1290 1136 1290 1134 1290 1134 1292 1126 1298 1080 1292 1080 1292 1032 1300 1022 1292 1020 1292 1018 1292 1018 1292 980 1299 957 1292 956 1292 956 1292 954 1292 952 1292 942 1300 910 1294 909 1294 844 1300 814 1293 814 1293 813 1293 812 1293 810 1293 810 1294 801 1300 801 1302 783 1302 777 1302 765 1293 764 1293 762 1293 760 1293 672 1300 662 1293 660 1293 660 1293 585 1293 584 1293 582 1293 549 1302 550 1334"/></Shape>
            <String CONTENT="qui ab Ambroſio Mediolanenſi Epiſcopo ad eã" HPOS="549" VPOS="1290" WIDTH="872" HEIGHT="64" WC="0.9928564185445959"/>
          </TextLine>
          <TextLine ID="line_27" TAGREFS="LT8" BASELINE="549 1383 1419 1377" HPOS="548" VPOS="1338" WIDTH="872" HEIGHT="64">
            <Shape><Polygon POINTS="549 1383 549 1400 801 1394 807 1396 818 1401 819 1401 820 1402 891 1402 891 1401 892 1401 894 1401 903 1395 906 1394 914 1395 927 1400 928 1400 930 1400 1086 1394 1214 1400 1215 1400 1215 1400 1232 1392 1269 1398 1270 1398 1270 1398 1284 1392 1296 1398 1298 1398 1299 1398 1370 1392 1383 1398 1384 1398 1386 1398 1388 1398 1419 1388 1419 1377 1418 1348 1302 1341 1300 1341 1270 1347 1246 1338 1245 1338 1244 1338 1242 1338 1240 1338 1228 1350 1172 1350 1152 1338 1150 1338 1110 1338 1110 1338 1108 1338 1086 1347 1042 1340 1042 1340 938 1350 904 1340 903 1340 902 1340 900 1340 900 1340 884 1350 850 1341 849 1341 848 1341 846 1341 816 1350 794 1341 792 1341 753 1341 753 1341 752 1341 736 1348 678 1342 678 1342 676 1342 675 1342 664 1350 597 1342 596 1342 548 1353 549 1383"/></Shape>
            <String CONTENT="compulſus eſt. Quare pernicioſiſsima eſt Cano¬" HPOS="548" VPOS="1338" WIDTH="872" HEIGHT="64" WC="0.9943956071915834"/>
          </TextLine>
          <TextLine ID="line_28" TAGREFS="LT8" BASELINE="549 1431 1419 1426" HPOS="548" VPOS="1389" WIDTH="872" HEIGHT="58">
            <Shape><Polygon POINTS="549 1431 549 1443 1416 1448 1419 1426 1418 1400 1382 1389 1380 1389 1378 1389 1318 1396 1182 1390 1180 1390 1142 1396 1126 1400 1107 1396 1071 1390 1070 1390 1036 1395 1023 1398 1011 1395 990 1392 988 1392 987 1392 987 1392 982 1395 978 1400 948 1395 918 1392 916 1392 915 1392 906 1395 894 1400 842 1394 808 1392 807 1392 789 1394 765 1398 752 1394 744 1392 742 1392 741 1392 740 1392 735 1394 722 1400 705 1394 700 1392 699 1392 698 1392 688 1394 658 1401 632 1401 621 1394 620 1392 618 1392 616 1392 616 1392 615 1392 614 1392 612 1394 604 1400 592 1394 590 1392 588 1392 586 1392 548 1392 549 1431"/></Shape>
            <String CONTENT="nici Iuris &amp; Romanici deciſio, atque ſententia," HPOS="548" VPOS="1389" WIDTH="872" HEIGHT="58" WC="0.9934836296325035"/>
          </TextLine>
          <TextLine ID="line_29" TAGREFS="LT8" BASELINE="550 1480 1419 1476" HPOS="549" VPOS="1437" WIDTH="870" HEIGHT="63">
            <Shape><Polygon POINTS="550 1480 550 1500 668 1492 676 1498 678 1498 678 1498 680 1498 870 1491 976 1491 999 1497 1002 1498 1004 1498 1005 1498 1005 1498 1006 1498 1006 1497 1016 1491 1023 1497 1024 1498 1024 1498 1026 1498 1028 1498 1053 1497 1149 1491 1185 1496 1197 1497 1197 1497 1418 1492 1419 1476 1416 1442 1312 1437 1311 1437 1268 1443 1227 1448 1220 1443 1210 1438 1209 1438 1209 1438 1208 1438 1188 1443 1172 1448 1158 1443 1130 1437 1128 1437 1126 1437 1108 1444 1098 1449 1084 1444 1070 1442 1068 1442 1066 1442 1011 1446 980 1449 975 1446 969 1440 969 1438 968 1438 966 1438 933 1438 932 1438 932 1438 930 1438 916 1448 914 1449 864 1449 862 1448 840 1438 838 1438 838 1438 837 1438 808 1446 765 1443 764 1443 762 1443 760 1443 754 1449 732 1440 730 1440 729 1440 728 1440 690 1449 688 1450 664 1450 624 1450 612 1440 610 1440 610 1440 582 1440 580 1440 579 1440 549 1450 550 1480"/></Shape>
            <String CONTENT="quæ negat clericos vllos quantumuis grauiter" HPOS="549" VPOS="1437" WIDTH="870" HEIGHT="63" WC="0.9911897453394803"/>
          </TextLine>
          <TextLine ID="line_30" TAGREFS="LT8" BASELINE="549 1526 1419 1524" HPOS="549" VPOS="1486" WIDTH="870" HEIGHT="58">
            <Shape><Polygon POINTS="549 1526 549 1542 868 1545 870 1545 870 1545 890 1540 896 1539 914 1540 982 1545 984 1545 1070 1539 1094 1538 1100 1539 1118 1544 1119 1544 1120 1545 1380 1545 1380 1544 1419 1536 1419 1524 1418 1492 1364 1486 1362 1486 1360 1486 1348 1492 1344 1496 1326 1492 1290 1486 1290 1486 1288 1486 1269 1492 1262 1496 1257 1492 1245 1486 1244 1486 1197 1486 1196 1486 1166 1494 1156 1496 1152 1494 1136 1486 1134 1486 1132 1486 1131 1486 1113 1494 1108 1497 1012 1497 1010 1494 986 1486 984 1486 982 1486 906 1488 904 1488 903 1488 903 1490 896 1496 894 1498 854 1498 850 1496 836 1488 834 1488 832 1488 832 1488 831 1488 819 1496 816 1498 783 1498 782 1496 771 1488 771 1488 770 1488 746 1488 746 1488 744 1488 742 1488 734 1497 732 1498 684 1498 682 1497 670 1488 669 1488 668 1488 636 1488 634 1488 634 1488 633 1488 622 1497 549 1497 549 1526"/></Shape>
            <String CONTENT="errantes ad hanc confeſsionem &amp; exomologeſin" HPOS="549" VPOS="1486" WIDTH="870" HEIGHT="58" WC="0.9862415817650881"/>
          </TextLine>
          <TextLine ID="line_31" TAGREFS="LT8" BASELINE="549 1576 1420 1574" HPOS="548" VPOS="1536" WIDTH="873" HEIGHT="58">
            <Shape><Polygon POINTS="549 1576 549 1594 614 1588 1419 1588 1420 1574 1418 1538 1269 1546 1227 1540 1197 1536 1197 1536 1196 1536 1194 1536 1188 1540 1180 1546 1155 1546 1142 1542 1126 1536 1125 1536 1124 1536 1122 1536 1122 1536 1113 1542 1106 1548 916 1548 909 1544 891 1536 890 1536 888 1536 888 1536 886 1536 876 1545 873 1548 844 1548 840 1545 836 1540 834 1540 832 1540 832 1540 804 1545 774 1536 772 1536 771 1536 698 1538 696 1538 678 1546 658 1536 657 1536 592 1536 592 1536 591 1536 548 1548 549 1576"/></Shape>
            <String CONTENT="publicam damnandos ac compellendos, vel etiã" HPOS="548" VPOS="1536" WIDTH="873" HEIGHT="58" WC="0.983416207631429"/>
          </TextLine>
          <TextLine ID="line_32" TAGREFS="LT8" BASELINE="546 1624 1419 1622" HPOS="544" VPOS="1581" WIDTH="874" HEIGHT="56">
            <Shape><Polygon POINTS="546 1624 546 1636 1419 1634 1419 1622 1414 1581 1376 1592 1342 1582 1341 1582 1340 1582 1340 1582 1308 1592 1185 1586 1137 1582 1136 1582 1136 1582 1134 1582 1130 1586 1120 1594 1077 1594 1062 1586 1060 1586 1060 1586 1059 1586 1058 1586 1054 1587 1036 1593 1024 1587 1016 1584 1014 1584 1012 1584 1011 1584 1000 1587 987 1594 933 1594 926 1588 918 1584 916 1584 915 1584 914 1584 879 1590 870 1592 866 1590 850 1584 850 1584 849 1584 848 1584 846 1584 836 1592 830 1594 824 1592 814 1586 814 1586 813 1586 789 1586 789 1586 788 1586 786 1586 778 1592 776 1594 765 1592 740 1586 740 1586 738 1586 736 1586 706 1592 698 1594 696 1592 687 1586 686 1586 684 1586 632 1586 630 1586 628 1586 628 1586 616 1594 614 1596 544 1596 546 1624"/></Shape>
            <String CONTENT="ſi velint, admittendos, ne toti ordini clericorum" HPOS="544" VPOS="1581" WIDTH="874" HEIGHT="56" WC="0.9876696357921678"/>
          </TextLine>
          <TextLine ID="line_33" TAGREFS="LT8" BASELINE="543 1672 1424 1672" HPOS="543" VPOS="1632" WIDTH="880" HEIGHT="54">
            <Shape><Polygon POINTS="543 1672 543 1686 1422 1684 1424 1672 1424 1642 1395 1632 1394 1632 1392 1632 1390 1632 1360 1641 1340 1632 1338 1632 1336 1632 1335 1632 1306 1641 1304 1641 1299 1641 1245 1632 1244 1632 1196 1638 1166 1632 1166 1632 1164 1632 1148 1640 1143 1641 1138 1640 1112 1632 1110 1632 1110 1632 1108 1632 1095 1640 1090 1641 1077 1640 1047 1632 1016 1632 1014 1632 1012 1632 1000 1638 993 1642 894 1642 882 1636 876 1634 874 1634 873 1634 872 1634 870 1634 866 1636 856 1642 784 1642 759 1635 747 1632 746 1632 746 1632 744 1632 738 1635 728 1641 698 1635 682 1632 681 1632 680 1632 672 1635 648 1641 632 1634 628 1632 627 1632 626 1632 543 1632 543 1672"/></Shape>
            <String CONTENT="fiat iniuria. Itaq; elericos detrudũt in Monaſteria" HPOS="543" VPOS="1632" WIDTH="880" HEIGHT="54" WC="0.9909336326213983"/>
          </TextLine>
          <TextLine ID="line_34" TAGREFS="LT8" BASELINE="546 1722 1422 1720" HPOS="544" VPOS="1682" WIDTH="878" HEIGHT="58">
            <Shape><Polygon POINTS="546 1722 546 1732 648 1740 648 1740 678 1734 687 1732 850 1732 888 1736 938 1740 939 1740 963 1737 993 1732 1066 1737 1098 1740 1100 1740 1148 1738 1287 1732 1328 1740 1332 1740 1332 1740 1334 1740 1335 1740 1354 1732 1419 1740 1422 1720 1419 1692 1388 1692 1388 1690 1376 1682 1376 1682 1374 1682 1372 1682 1371 1682 1350 1690 1334 1684 1332 1684 1332 1684 1330 1684 1329 1684 1320 1690 1320 1692 1268 1692 1268 1690 1252 1682 1252 1682 1251 1682 1221 1682 1221 1682 1220 1682 1218 1682 1204 1690 1154 1690 1143 1682 1142 1682 1142 1682 1089 1682 1088 1682 1086 1682 1060 1690 1038 1682 1036 1682 984 1682 982 1682 981 1682 981 1682 981 1683 969 1690 969 1694 825 1694 824 1690 806 1683 804 1683 765 1683 764 1683 762 1683 736 1690 734 1694 626 1694 622 1690 609 1683 608 1683 606 1683 555 1683 554 1683 552 1683 550 1683 544 1688 546 1722"/></Shape>
            <String CONTENT="vbi pœnitentiam agant ſolitarij, &amp; nulli noti. Ita" HPOS="544" VPOS="1682" WIDTH="878" HEIGHT="58" WC="0.9847583055496216"/>
          </TextLine>
          <TextLine ID="line_35" TAGREFS="LT8" BASELINE="543 1772 1424 1768" HPOS="542" VPOS="1732" WIDTH="882" HEIGHT="75">
            <Shape><Polygon POINTS="543 1772 543 1808 612 1802 650 1808 658 1808 660 1808 666 1806 728 1792 776 1792 789 1800 789 1800 790 1800 792 1800 794 1800 816 1792 890 1792 910 1802 924 1806 926 1806 926 1808 1047 1808 1047 1806 1048 1806 1065 1797 1066 1796 1068 1797 1084 1806 1086 1806 1086 1808 1124 1808 1124 1806 1125 1806 1126 1806 1142 1796 1148 1792 1154 1796 1179 1804 1179 1804 1180 1804 1182 1804 1204 1796 1227 1800 1228 1800 1230 1800 1232 1800 1239 1794 1244 1790 1293 1790 1296 1792 1308 1802 1310 1802 1311 1802 1312 1802 1422 1788 1424 1768 1419 1740 1364 1740 1362 1740 1353 1732 1353 1732 1352 1732 1352 1732 1320 1732 1320 1732 1252 1740 1230 1740 1227 1738 1216 1732 1215 1732 1215 1732 1184 1732 1182 1732 1180 1732 1179 1732 1172 1738 1168 1740 1100 1738 993 1732 993 1732 992 1732 990 1732 984 1737 980 1740 885 1742 850 1736 831 1732 830 1732 784 1734 783 1734 783 1734 782 1736 770 1743 690 1737 688 1737 660 1743 640 1736 640 1736 639 1736 585 1742 542 1734 543 1772"/></Shape>
            <String CONTENT="præ ceptum eſt in canone Alienum, &amp; can. Con¬" HPOS="542" VPOS="1732" WIDTH="882" HEIGHT="75" WC="0.999450687567393"/>
          </TextLine>
        </TextBlock>
        <TextBlock HPOS="1245" VPOS="1781" WIDTH="180" HEIGHT="61" ID="block_5" TAGREFS="BT17">
          <Shape><Polygon POINTS="1245 1781 1426 1781 1426 1842 1245 1842 1245 1781"/></Shape>
          <TextLine ID="line_36" TAGREFS="LT8" BASELINE="1246 1816 1424 1820" HPOS="1246" VPOS="1776" WIDTH="177" HEIGHT="87">
            <Shape><Polygon POINTS="1246 1816 1246 1844 1299 1845 1304 1851 1317 1863 1317 1863 1318 1863 1320 1863 1320 1863 1422 1863 1424 1820 1422 1782 1389 1776 1388 1776 1388 1776 1380 1780 1359 1788 1287 1788 1274 1776 1272 1776 1270 1776 1270 1776 1269 1776 1246 1776 1246 1816"/></Shape>
            <String CONTENT="firmandi" HPOS="1246" VPOS="1776" WIDTH="177" HEIGHT="87" WC="0.9997652471065521"/>
          </TextLine>
        </TextBlock>
      </PrintSpace>
    </Page>
  </Layout>
</alto>
