1500 2172
926 147 54 66 248

381 168 312 34 CAPVT III.

118 196 870 75 da conſequuntur, vbi ſemel à verbo Dei diſceſ¬

118 249 164 58 ſum eſt.

165 297 819 68 Longè autẽ peſſimè & verbo Dei & munere

117 351 870 56 Diaconi abutuntur, qui Diaconos tantùm titu¬

118 398 867 63 larios hodie habẽt, nulli rei, niſi pompæ, & ſuper¬

117 446 777 68 ſtitioni inſeruientes. Id quod fit in Papatu.

172 550 808 66 10 Atque hi etiam probentur priùs,

116 598 723 74 deinde ministrent, ſi ſint inculpati.

162 676 822 68 Τάξις Ordine perſequitur Paulus ſingula, quæ

114 729 870 62 ad legitimam Diaconorum electionem pertinẽt:

116 778 866 60 & ordinem ipſum, qui ſeruandus eſt, præſcribit.

117 826 864 62 Ergo priùs eos examinari vult: poſtea verò eligi

116 873 864 54 & ad officium admitti. Vnde qui ſine examine:

116 921 864 62 vel luſorio quodam examinis genere eliguntur,

117 970 864 63 vti in Papatu, ſunt omnino abdicandi, & reiicien¬

116 1020 864 60 di. Ad quos verò hoc examẽ pertineat ad vniuer¬

117 1066 862 66 ſumne populum, an ad ſenatum, an ad vtroſque

117 1114 252 78 infra dicetur.

166 1190 810 66 11 Vxores itidem honeſtas, non calum¬

111 1236 642 80 nioſas, ſobrias, fidas in omnibus.

160 1318 814 62 12 Diaconi ſint vnius vxoris mariti,

111 1365 864 76 qui liberis rectè praſint, & proprijs domi¬

111 1446 111 36 Dux.

150 1467 824 72 Iſta ſunt ſuperius explicata partim hoc ipſo

110 1524 866 62 capite: partim cap.2. vbi de mulieribus Chriſtia¬

110 1570 336 63 nis diſputauimus.

164 1640 808 72 13 Nam qui bene miniſtrauerint, gra¬

110 1695 862 74 dum ſibi bonum acquirunt, & multam liber¬

112 1750 813 87 tatem per fidem quæ eſt in Chriſto Ieſu.

704 1818 86 66 l.iij.
