1500 2172
882 142 56 57 442

324 159 270 36 CANVIV.

74 184 874 74 cra 27. quęſt.1.& can. Mulieres cano. De viduis &

74 236 872 70 Puellis eod. Ita nimirum paulatim auctæ ſunt

72 306 872 51 luperititiones, & durſor conſcientiis laqueus in¬

75 334 135 57 iectus.

118 382 822 66 Cùm ſanctimonialis à pręlato conſecratur, ſto¬

69 434 874 68 la alba induitur, & chriſmate vngitur, vt ait Al¬

70 483 873 66 cuinus. Primus autem eam conſecrari inſtituit

70 528 873 72 Baſilius magnus, vt plęrique volunt. Pòſt autem

70 579 873 69 eadem fœmina vel virgo tondetur. Quanquam

69 628 872 66 ne tonderetur Chriſtiana mulier, & concilio

69 675 874 68 Gangreno interdictum fuerat, & expreſſo Pauli

68 728 876 63 præcepto, quod ipſius naturæ voci & ſenſui con¬

64 774 873 63 ſentaneum eſt 1.Corinth.11. Socrat.lib.2. cap.43.

64 820 874 66 Sed boni ſcilicet illi patres omnia iura diuina &

64 891 873 46 nuinanla, vt iuas luperititiones Itabilirent, per¬

62 920 876 60 uerterunt: & ſuſque deque habuerunt. Nam & ex

64 968 872 66 cano. Quæcunque diſtinct.3o.ita in Eccleſia fuiſ¬

62 1014 873 69 ſe olim obſeruatum quemadmodum dicimus, cõ¬

62 1062 104 57 ſtat.

112 1110 824 74 Conſecratæ Moniales habent Monachos qui

60 1160 870 69 illis præſint, nimirum oues lupis committuntur,

68 1214 868 64 (quanquam tamen vt ab earum acceſſu iſti arceã¬

62 1260 870 69 tur ex concilio Hiſpal. & can. in decima 18.quæſt¬

62 1308 870 66 2.ſancitum eſt, ſed fruſtrà) Poſt iſtam conſecra¬

62 1358 868 68 tionem nubere iſtæ mulieres ex iure Pontificio

60 1407 872 64 iam non poſſunt. Qanquam olim infamia tantùm

63 1455 867 64 quadã in Eccleſia notabantur, & tanquam Diga¬

62 1503 866 64 mæ tantùm cenſebantur, ſi quæ nupſiſſetst, atque

62 1552 864 66 adeò ex concilio Ancyrano & can. Quotquot 27.

64 1600 862 68 quæſt. ita erat conſtitutum. Poſtea verò ipſa ſu¬

62 1650 867 64 perſtitione nullum iam modum ſeruante pror¬

57 1696 870 68 ſus ab Eccleſia ſunt excommunicatæ, quæ poſt i¬

56 1746 872 74 ſtam conſecrationem nupſiſſent can. virgines 27.

670 1800 100 81 t.iiij.
