1500 2172
375 150 252 30 CARVTV.

858 116 60 70 590

69 170 858 66 ſcopos, & eo ſuperiores omnes ordines poſſe

68 226 858 58 excommunicare: at qui ſunt Epiſcopo inferiores

69 276 858 60 non poſſe, adeò vt & Preſbytero & Diacono idẽ

68 327 860 56 non concedant quaſi ex vnius Epiſcopi nutu &

70 369 858 60 ſentẽtia id fieri debeat. Sic igitur illi cẽſent. Cer¬

70 418 860 66 tè ab vno ſolo, quanquam Epiſcopo, fieri neque

70 471 860 57 debet, neque poteſt excommunicatio. Dicit e¬

68 514 861 64 nim Chriſtus, dic Eccleſiæ: & Paulus de excom¬

68 566 862 63 municatione agens, vult Eccleſiam cum ſuo ſpi¬

66 615 862 63 ritu congregatam eſſe 1.Corinth.5. verſ.4. Ratio

68 663 862 63 eſt, quòd differunt regna politica ab Eccleſia, &

68 722 860 54 Ecclelſaitico regimine. Nam regna vnius regis

66 759 862 58 nutu adminiſtrantur, at Eccleſia non item. Nec

68 810 861 63 enim paſtor eſt rex & dominus Eccleſiæ (vt ait

68 856 435 62 Petrus) 1. Pet.5.verſ.3.

105 903 824 64 Ait igitur Chriſtus reges & principes domi¬

68 956 858 62 nantur inter ſuos ſubditos: vos autem non ſic in

68 1004 861 62 gregẽ Domini & Eccleſi.ã Quare vnus quidam

68 1053 856 62 quantumuis magna in Eccleſia pręditus poteſta¬

63 1100 864 57 te non poteſt ſolus excõmunicare. Nec aliud ſibi

63 1148 862 62 vult Paulus cùm ait, Notate per Epiſtolam. Vult

64 1215 861 46 quidemteneneo nuingnincari, ue puuore maio¬

62 1246 862 57 ri afficiantur, quòd tam probroſè innoteſcant a¬

62 1296 861 62 pud eum, quem reuereri debẽt. Quod ſi dicamus

62 1344 864 60 & legamus, Notate, referentes vocem (Epistola,

62 1398 864 50 ad verba ſermonem nostrum, hæc erit mens Pauli

63 1437 866 66 vt velit rebelles à tota Theſſalonicenſium Eccle¬

64 1486 490 60 ſia excommunicari.

104 1534 825 62 Et quod dicitur paſtor πρόεδρως non tribuit illi

60 1587 867 58 ius & imperium regium in Eccleſiam: ſed in pu¬

62 1635 864 60 blicis cœtibus eminentiorem tantùm locum, &

62 1682 860 66 primam in decernendo deliberandóque vocem.

106 1731 816 70 Sed vtrum à ſenatu Eccleſiaſtico, an verò à to¬
