1500 2172
711 122 564 69 AD I. PAVL. AD TIM.

558 148 96 50 408

556 165 867 87 Diaconis ſunt, quibus ſubiiciuntur & parẽt, red¬

555 219 868 80 duntque rationem ſuæ vocationis: Diaconi verò

556 270 870 81 ipſi, toti eccleſiæ. Vnde non tam fuit munus hoc

560 316 866 84 publicum, quàm ſubſidium aliquod à Diaconis

561 366 868 84 quęſitum: partim, quòd vniuerſis éccleſię pauperi

562 414 866 80 bus ſubuenire propter numerum tunc non poſ¬

561 462 878 84 ſent: partim, quòd vt & Epiphanius & Chryſoſto.

561 518 870 75 ait, pleraque circa pauperes vel ęgrotos, vel men

561 561 870 80 ſas ipſas eccleſiæ parãdas commodius à fœminis

562 614 870 76 adminiſtrãtur, quàm à maribus: nec modo cõmo

566 658 866 80 dius: ſed etiam honeſtius fiunt & geruntur: vt ſi

566 708 867 80 ægrotet Chriſtiana mulier, vel ęmorroide labo¬

567 754 867 78 retjaut aliis huiuſmodi morbis occultis, & quę ho

567 801 870 81 neſtè a maribus tractari non poſſunt. Ad eam e¬

567 852 873 78 nim honeſtius alia mulier admittitur, quam mas

570 900 873 81 aliquis Diaconus & medicus: ergo honeſtas hoc

572 962 502 68 munus ſuaſit admittendum.

616 996 830 80 Deinde neceſſitas. Neque enim omnia munia

572 1044 872 82 & miniſteria primum obire potuerunt ſoli Dia¬

572 1096 878 75 coni, cùm tota eccleſia, more Laconũ, ſimul epu¬

572 1143 879 74 laretur, & Α’γάπας & conuiuia cõmunia celebraret

576 1192 874 78 in teſtimonium mutuæ charitatis. Sic enim fiebat

576 1244 874 70 & vt alij aliis. i. ditiores pauperibus ſubuenirent,

579 1293 872 72 ac ea quę erant victui neceſſaria tanquam in cõ¬

580 1340 872 78 muni ſuppeditarentur Actor.4. & 6. Itaque ali¬

582 1389 872 72 que ſubſidiariæ oper ę & miniſteria, eáque com¬

580 1436 874 76 moda Diaconis quærenda ad menſarum admini¬

582 1488 874 74 ſtrationẽ fuerunt, ad quę aſcitæ ſunt hę fœminę.

586 1533 870 78 Quas vetuſtiſſ. & primæua eccleſia habuit. Dein¬

585 1587 876 70 de verò cęteræ eccleſiæ, imprimis autem eæ, in

586 1634 876 75 quibus diligens pauperum cura & ratio habita

586 1680 876 74 eſt, eum morem, eáſque Diaconiſſas retinuerunt

585 1740 640 78 etiam poſt Apoſtolorum tempora.

1336 1779 128 66 Tertio
