1500 2172
363 170 314 32 CAEVT IIII.

876 144 70 63 332

74 195 870 62 operandum manus haberent, Cilicio, & Succin¬

75 250 868 62 ctoriis ſiue ſubligaculis, & pelliceis, quæ lineo co¬

75 297 866 64 lobio operiebãtur, vnde ſuperpellicea dicta, Gal.

74 351 868 58 des ſuperplis. Colores in habitu varios habuere, &

80 399 864 62 geſtauere: calceamentorum nullus inter cos, vt¬

76 444 866 64 pote in calidis regionibus primum habitantes,

74 494 867 63 fuit vſus, vt Caſsianus docet. Quoad ipſam autem

75 543 870 64 corporis eorum formam, comas alebant & bar¬

74 591 870 63 bam reſecabant, contra quàm tamen Epiph.hæ¬

74 640 870 57 reſ. 8o. decorum viris Chriſtianis eſſe cenſet. Bar¬

74 687 867 64 bam enim μορφην ἀνδεος vocat, & in cõcilio Car¬

74 735 872 60 thaginenſi clerici barbas radere veriti ſunt: ſed

72 784 872 62 non ſunt Monachi de numero clericorum. Ac¬

72 834 872 63 cincti ſemper lumbis incedebant, & pecunias cu¬

74 894 870 45 muſare vetabamtur. Nupins ſtem & feſtiuitati¬

72 930 868 60 bus intereſſe prohibebantur. Operari autem iu¬

69 978 872 64 bebantur quotidie, id eſt, in agro aliquid fode¬

68 1029 876 60 re, aut arare, aut ferre, vt victus vel ipſis vel toti

68 1076 778 58 ſodalitio in quo viuebant, ſupereſſe poſſet.

116 1124 825 64 Præcepta quoque in ciborum delectu & ge¬

69 1174 884 63 nere contra Pauli regulam illis inſtituta ſunt. Alij

68 1222 873 60 enim herbas tantùm, alii oua, alii piſces: alii o¬

68 1278 874 54 mnia comedere permittuntur. Ieiunia tamen

68 1323 872 57 quædam illis ad certam menſuram & dies certos

68 1370 870 62 præſcripta fuerunt: & mirum ſilentium, quod nõ

66 1419 872 58 eſt hodie in noſtris Monachis, cùm nuſquam

66 1468 873 60 inuidia & murmur maius frequentiúſque locum

68 1516 872 58 habeat, Denique nulli Monacho eſſe ſine cella

63 1563 874 63 licuit, ne velut piſcis ſiue aqua viuere exiſtimare¬

64 1610 873 68 tur. Hæ ſunt nugæ, ſed potius hæ ſunt ſuperſtitio¬

62 1660 876 62 nes & idololatricæ cæremoniæ, in quibus hoc vi¬

63 1708 880 62 tæ inſtitutũ, & Chriſtiana (ſi Deo placet) ſancti¬

64 1760 867 70 tas fuit tandem, abolitis veræ ſanctimoniæ præ¬

62 1808 321 72 ceptis, collocata.
