1500 2172
552 159 99 45 270

722 141 568 57 AD I. PAVL. AD' TIM.

546 186 879 70 explicatur ferè in articulo, Sedet ad dexteram

543 240 876 66 Dei Patris quæ cùm ſit ex Catechiſmis notiſſima,

544 290 876 68 & ab alijs copioſiſſimè explicata, maximè pro¬

548 338 873 64 pter infœlices iſtas de Cœna Domini cõtrouer¬

544 387 874 68 ſias, & de vbiquitate corporis Chriſti, idcirco nos

546 440 830 58 eam hîc omittimus. Studemus enim breuitati.

832 622 309 68 CAP. IIII.

722 682 694 69 PIRITVS autẽ diſertè dicit fore

722 756 696 66 ot post ertorions temporibus deſci¬

561 756 135 116 S

543 862 870 69 ptoribus attendentes, ac doctrinis dæmonio¬

544 926 124 54 rum.

716 801 700 80 ſcant quidam à fide, ſpiritibus dece¬

598 968 818 68 Tranſitio eſt, per quam à contrario ſuperiorẽ

542 1017 872 57 doctrinam non tantùm illuſtrat: ſed etiam con¬

542 1066 872 56 firmat & commendat, ne verbi Dei præcones ſe¬

544 1118 868 60 gnes ſint in ea tuenda & conſeruanda, cùm ali¬

544 1166 867 58 quando futurum eſſe audiant, vt miſerè corrum¬

543 1215 868 62 patur & labefactetur, peſſimæque ſuperſtitiones

543 1264 867 62 pro ea in Eccleſiam inducantur. Similis locus &

543 1314 868 62 admonitio fit à Paulo Actor.2o. verſ29. à Ioanne

538 1360 868 62 1. Epiſt.2.verſ.19. à Petro 2. Epiſt.3.verſ3. & à Iu¬

537 1410 870 64 da Thaddęo Apoſtolo, vt apparet ex ipſius Epiſt.

538 1460 870 58 verſ.4. Neque eò magis terreri debemus: quòd

536 1504 872 63 fit à pluribus iſta admonitio: ſed potiùs eò dili¬

537 1554 870 62 gentiùs cauere nobis, & proſpicere ne decipia¬

536 1604 870 58 mur: minúſque offendamur oportet, cùm huiuſ¬

532 1654 872 60 modi hæreſes obrepunt, quas fore iampridem

532 1698 440 66 ſpiritus Dei prædixerat.

576 1749 822 86 Duo verò quædam præcipuè ſunt hîc obſer¬

1268 1800 129 81 uanda
