1500 2172
358 158 303 38 CAPVT III.

903 135 69 68 224

154 188 828 72 Negotia verò ſecularia quid ſint, eſt videndũ.

111 246 866 62 Non ſunt autem omnia, quæ hîc in mundo

111 294 864 58 (qui ſeculum vocatur) à nobis aguntur, omnis

110 344 870 60 enim rerum etiam priuatarum, & domeſticarum

111 392 864 62 adminiſtratio & cura Epiſcopis interdiceretur,

104 438 872 56 cùm dicat Paulus 2.Timoth.2.verſ.6. Nemo mi¬

105 486 873 58 litans Deo implicet ſe ſecularibus negotiis. Sed

105 536 872 57 ea tantùm negotia dicuntur ſecularia, quæ ad

104 585 873 60 huius vitæ corporeæ vſum, & commoditatem

104 632 873 58 ſpectant omnino, & per ſe, nóſque à cura rerum

104 682 872 54 diuinarum auocant, ſiue noſtro, ſiue alieno nomi¬

102 729 872 63 ne à nobis illa gerantur, qualis eſt Negotiatio,

102 778 873 54 ſiue Mercatura mercium, Aduocatio in Præto¬

100 825 874 62 riis & foro iudiciali, Ratiociniorum alienorum

100 874 874 58 ſuſceptio, Procuratio domorum, bonorúmue a¬

100 924 873 58 lienorum, Conductio publicorum redituum: ca¬

100 972 872 54 non. Perlatum eſt ad nos. & canon. Conſequens

102 1022 870 57 diſtinct. 88.canon. Placuit 21. quæſt.3 canon. Te

110 1071 872 56 quidem oportet 1I. quæſt.i, quia in his omnibus

102 1116 867 63 lucrum quæſtúſque per ſe ſpectatur, & ſolius vitæ

100 1170 868 63 huius corporeæ cauſa geruntur, & inſtituuntur

100 1218 244 54 hæc negotia.

132 1260 837 66 Pauperũ quidem, Viduarũ, Pupillorum, Or¬

100 1312 874 62 phanorũ, & Extraneorũ, denique omniũ miſera¬

100 1360 868 64 biliũ perſonarũ, quæ dicũtur, negotia Epiſcopo

100 1413 868 57 curæ eſſe debent, quia eſt Dei ſeruus Non tamen

98 1456 872 62 vt illis ſic implicetur, vt à lectione ſcripturæ, con¬

98 1508 872 58 cionibus de verbo Dei, reliquíſq; ſui muneris par

98 1554 873 60 tibus propterea abſtrahatur. Hoc enim fieri ve¬

98 1605 872 58 tat Paul.2. Timoth.2.V.6. & cõfirmatur exemplo

99 1653 870 54 Apoſtolorum Actor.6.verſ.2. Adeò vt iam tem¬

99 1701 868 63 pore Cypriani Chartaginenſis Epiſcopi ex vetu¬

98 1752 876 74 ſta quadam Eccleſiæ diſciplina excuſarentur Pa¬

698 1800 92 63 k.iij.
