1500 2172
376 154 314 63 CAPVT III.

100 222 621 54 ſua domo vocationes conſtituere.

918 144 51 99 148

150 262 826 70 Res autem ipſa, eſt dignitas Epiſcopatus. Epi¬

100 314 876 66 ſcopi verò vox ex vſu cõmuni ſumpta eſt ab Apo¬

100 363 873 60 ſtolis. Dicti ſunt enim Epiſcopi à Græcis qui rei

99 412 876 60 alicui cum aliqua poteſtate præerant. Suidas ab

99 458 874 64 Athenienſ.ſcribit eſſe dictos, qui ad res ſociorum

98 507 874 66 inſpiciendas mittebantur: Plutarch. tũ in Numa,

99 560 874 62 tum in Pericle hac voce vtitur, quam eſſe rẽ pul¬

100 608 868 60 cherrimam & præſtantiſſimam docet hoc loco

102 654 870 64 Paulus. Itaque non eſſe quoſlibet illius capaces,

99 708 873 60 χαλεπὰ γκ̀ δύσκολα τὰ καλὰ, vt ex veteri prouerbio

98 752 874 62 dixit Plato: ſed multa in iis requiri, qui ad tan¬

98 813 872 50 tum muhus obeundum le acemgunes aut à nobis

98 850 873 56 eligi, vt ſint idonei, debebunt. Quidam enim ſunt

96 898 874 63 nimiũ audaces, qui nec ſe, nec munus hoc, quod

98 946 870 66 affectant, norunt. Itaque ſunt illi tanti muneris

98 996 424 54 difficultate deterrendi.

146 1042 822 68 Ne propterea tamen alij hoc munus tam ar¬

96 1092 872 66 duum repudient, adiicit conſolationem, eos, qui

93 1142 873 66 hoc munus expetunt, rectè facere, & opus Deo

99 1192 866 57 gratum exoptare. Arque ita Paulus, Audaces re¬

98 1240 866 63 primit, & Timidos excitat. Chriſti enim homi¬

93 1290 868 64 nis imaginem gerit Epiſcopus, vti Magiſtratus

92 1336 873 66 ipſius Dei, vt Auguſtinus in lib. Quæſtio veter. &

90 1388 874 62 noui Teſtamenti quæſt.35.ſcribit. Loquitur autẽ

90 1434 873 63 hîc Paulus non de ambitioſo deſyderio. Hoc e¬

88 1484 874 62 nim maximè in ijs damnatur, qui Eccleſiæ præfi¬

90 1532 873 57 ci volunt, non item de auaro: ſed de ſancto illo

92 1581 870 64 animi affectu, per quẽ Dei gloriæ prodeſſe, eám¬

93 1629 868 66 que promouere. i. quantum Dominus ipſe legi¬

92 1678 870 68 timè dederit, auent, qui Epiſcopatum deſyde¬

90 1730 872 63 tant: nec præoccupantes locum & ſeſe intruden¬

87 1776 874 81 res,nec fugientes, cùm precibus Eccleſiæ flagi¬

734 1826 62 84 g ij
