1500 2172
759 135 572 63 AD I. PAVL. AD TIM.

588 159 84 48 378

588 180 864 78 neris & officij noſtri, imò verò verbi Dei, videa¬

590 237 864 70 mur impuræ libidinis ſemina quædam aut irrita¬

590 290 862 69 menta iacere. Illud enim certè eſt accipere no¬

590 345 375 62 men Dei in vanum.

652 396 807 81 3 Viduas honora quæ verè viduæ ſunt.

640 468 818 75 Πρόθεεις. Nam inter eas perſonas, quarum ma¬

597 518 864 72 xima & peculiaris quædam à nobis ratio haben¬

597 567 864 70 da eſt in Dei Eccleſia, meritò cenſentur viduæ,

598 622 866 64 de quibus idcirco hoc loco quædam præcepta

598 662 866 75 Paulus tradit. Viduarum autem, quæ in Eccleſia

598 712 867 74 verſabantur, ætate Pauli, duplex fuit genus, Vnũ

598 765 864 69 earum quæ Simpliciter viduæ erant: Alterum ea¬

597 807 870 78 rum, quæ Allectæ & cooptatæ erant in miniſte¬

598 858 868 72 rium Diaconorum. De primo genere agit primo

598 906 868 76 loco Paulus, de ſecundo poſtea hoc ipſo capite à

603 966 333 60 verſiculo 9. & ſeq.

658 999 804 75 Viduæ nobis à Deo commendantur paſſim

602 1052 872 69 in ſcriptura veluti Exod. 22.verſ.22. Zach.7.verſ.

602 1100 873 72 1o. Pſal.146. verſ.9. & Luc.7. verſ.12. Hæc vidua e¬

603 1152 872 70 rat, & aſpexit ſuper eam Dominus. Itaque in iure

604 1196 872 75 ciuili Vidua, Pupillus, & Peregrinus dicuntur Mi¬

604 1245 872 75 ſerabiles perſonæ lib. 2. codic. id eſt, tales, quæ

608 1298 868 72 ſint ipſæ per ſe miſeratione dignæ:nõ autem Deo

608 1341 873 76 exoſæ, ſed cui ſunt plurimum curæ, vt mirum vi¬

610 1392 868 70 deri non poſſit, ſi earum curam habuit Eccleſia

614 1437 866 80 Dei, præſertim fidelium & piarum. Itaque hos

616 1485 864 75 tres canonas de viduis ſubleuandis tradit Paulus.

672 1548 26 66 1.

732 1534 744 69 Viduarum fidelium curam, quàm fieri po¬

616 1584 765 75 teſt, maximam paſtor Euangelicus habeto.

670 1632 808 76 2 Viduas egenas liberi earum qui poſſunt,

620 1689 495 70 ſine onere Eccleſiæ alunto.

690 1722 794 92 Quæ viduæ piæ ſunt & fideles & omnino

1318 1776 170 76 deſtitutæ
