1500 2172
578 166 98 45 171

714 140 573 58 AD I. TAVL. AD TIM.

616 186 814 68 Dome Dei) Commendat hîc non tantùm Ee¬

572 240 862 64 cleſiam Paulus: ſed ipſum potius miniſterium E¬

567 286 867 68 uangelicum à re, & obiecto, circa quod verſatur,

573 333 864 68 Nimirũ ab Eccleſia, cuius ædificandæ, admini¬

568 384 870 69 ſtrandæ, & conſeruandæ gratia conſtitutum eſt.

568 438 868 62 Magnam enim eſſe eam dignitatem oportet, quæ

568 482 864 68 domo Dei præeſt, eíque gubernandæ præficitur.

567 530 870 70 Illa verò dignitas & cura eſt miniſterium verbi

568 578 862 68 Dei. Excitat verò hoc ipſum etiam paſtores pios

567 627 870 68 vt de ſe ſuáque diligentia cogitent, & cui muneri

566 676 872 66 ſint à Deo præpoſiti ſeriò meditentur, & ſæpe a¬

567 724 866 69 pud ſe proponant. Similis locus Actor.20.V.28.

614 772 824 66 Magna verò commendatio Eccleſiæ (cuius pa¬

564 818 872 74 ſcẽdæ gratia Epiſcopi & Presbyteri eligũtur) cõ¬

567 870 864 66 tinetur paucis his Pauli verbis, columna est, ait &

562 920 874 64 ſtabilimentum veritatis Eccleſia. Hîc enim doctr i¬

564 966 872 68 nam Eccleſiæ præfert omnibus alijs, quia illæ nõ

564 1016 873 63 ſunt vel veritas, vel illa ſalutaris veritas, quam v¬

566 1062 872 66 nam pios & Chriſtianos homines ſectari opor¬

567 1108 873 69 tet. Itaque longè vniuerſæ Philoſophiæ præfe¬

567 1158 872 69 renda eſt hæc doctrina, quæ in Dei Eccleſia do¬

567 1214 872 63 cetuijee prauicutur, quaa hæc eſt ſola veritatis

570 1254 867 70 nomine digna. Etſi verò quædam vera à Philoſo¬

573 1300 864 69 phia traduntur, tamen illa veritas non eſt (vt idẽ

573 1350 868 70 Paulus ad Titum 1. verſ.1. ait) κατ' αἀσέβειαν, ſed

574 1400 866 69 magna ex parte hominibus inutilis, vel certè cũ

570 1449 867 63 hac nullo modo conferenda, quia hæc ad animo¬

573 1504 536 62 rum vitam æternam pertinet.

624 1544 819 70 Deinde, vt ſcribit Chryſoſtomus, hæc vox ve¬

572 1596 870 68 ritas diſcrimen notat inter doctrinam eam, quæ

573 1646 870 66 olim Iudæis ſub lege annuntiabatur: & eam, quæ

560 1692 879 66 nunc Chriſtianis annuntiatur. Illi enim vmbras

573 1740 872 86 tantùm, id eſt, figuras & cæremonias habuere:nos

1317 1790 126 74 autem
