<?xml version='1.0' encoding='UTF-8'?>
<alto xmlns:xsi="http://www.w3.org/2001/XMLSchema-instance" xmlns="http://www.loc.gov/standards/alto/ns-v4#" xsi:schemaLocation="http://www.loc.gov/standards/alto/ns-v4# http://www.loc.gov/standards/alto/v4/alto-4-2.xsd">
  <Description>
    <MeasurementUnit>pixel</MeasurementUnit>
    <sourceImageInformation>
      <fileName>2013249.jpeg</fileName>
    </sourceImageInformation>
  </Description>
  <Tags>
    <OtherTag ID="BT7" LABEL="CustomZone" DESCRIPTION="block type CustomZone"/><OtherTag ID="BT8" LABEL="DamageZone" DESCRIPTION="block type DamageZone"/><OtherTag ID="BT9" LABEL="DigitizationArtefactZone" DESCRIPTION="block type DigitizationArtefactZone"/><OtherTag ID="BT10" LABEL="DropCapitalZone" DESCRIPTION="block type DropCapitalZone"/><OtherTag ID="BT11" LABEL="GraphicZone" DESCRIPTION="block type GraphicZone"/><OtherTag ID="BT12" LABEL="MainZone" DESCRIPTION="block type MainZone"/><OtherTag ID="BT13" LABEL="MarginTextZone" DESCRIPTION="block type MarginTextZone"/><OtherTag ID="BT14" LABEL="MusicZone" DESCRIPTION="block type MusicZone"/><OtherTag ID="BT15" LABEL="NumberingZone" DESCRIPTION="block type NumberingZone"/><OtherTag ID="BT17" LABEL="QuireMarksZone" DESCRIPTION="block type QuireMarksZone"/><OtherTag ID="BT18" LABEL="RunningTitleZone" DESCRIPTION="block type RunningTitleZone"/><OtherTag ID="BT19" LABEL="SealZone" DESCRIPTION="block type SealZone"/><OtherTag ID="BT20" LABEL="StampZone" DESCRIPTION="block type StampZone"/><OtherTag ID="BT21" LABEL="TableZone" DESCRIPTION="block type TableZone"/><OtherTag ID="BT22" LABEL="TitlePageZone" DESCRIPTION="block type TitlePageZone"/><OtherTag ID="BT3407" LABEL="MainZone-Continued" DESCRIPTION="block type MainZone-Continued"/><OtherTag ID="BT3408" LABEL="MainZone-P" DESCRIPTION="block type MainZone-P"/><OtherTag ID="BT3409" LABEL="MainZone-Head" DESCRIPTION="block type MainZone-Head"/><OtherTag ID="BT3410" LABEL="MainZone-Other" DESCRIPTION="block type MainZone-Other"/><OtherTag ID="BT3411" LABEL="MainZone-Sp" DESCRIPTION="block type MainZone-Sp"/><OtherTag ID="BT3417" LABEL="MainZone-Sp-Continued" DESCRIPTION="block type MainZone-Sp-Continued"/><OtherTag ID="BT3418" LABEL="GraphicZone-Decoration" DESCRIPTION="block type GraphicZone-Decoration"/><OtherTag ID="BT3419" LABEL="MainZone-Entry" DESCRIPTION="block type MainZone-Entry"/><OtherTag ID="BT3420" LABEL="MainZone-Lg" DESCRIPTION="block type MainZone-Lg"/><OtherTag ID="BT3421" LABEL="MainZone-Entry-Continued" DESCRIPTION="block type MainZone-Entry-Continued"/><OtherTag ID="BT3422" LABEL="MarginTextZone-ManuscriptAddendum" DESCRIPTION="block type MarginTextZone-ManuscriptAddendum"/><OtherTag ID="BT3423" LABEL="MainZone-List" DESCRIPTION="block type MainZone-List"/>
    <OtherTag ID="LT7" LABEL="CustomLine" DESCRIPTION="line type CustomLine"/><OtherTag ID="LT8" LABEL="DefaultLine" DESCRIPTION="line type DefaultLine"/><OtherTag ID="LT9" LABEL="DropCapitalLine" DESCRIPTION="line type DropCapitalLine"/><OtherTag ID="LT10" LABEL="HeadingLine" DESCRIPTION="line type HeadingLine"/><OtherTag ID="LT11" LABEL="InterlinearLine" DESCRIPTION="line type InterlinearLine"/><OtherTag ID="LT12" LABEL="MusicLine" DESCRIPTION="line type MusicLine"/>
  </Tags>
  <Layout>
    <Page WIDTH="1500" HEIGHT="2172" PHYSICAL_IMG_NR="245" ID="eSc_dummypage_">
      <PrintSpace HPOS="0" VPOS="0" WIDTH="1500" HEIGHT="2172">
        <TextBlock HPOS="889" VPOS="156" WIDTH="78" HEIGHT="54" ID="block_1" TAGREFS="BT15">
          <Shape><Polygon POINTS="889 156 967 156 967 210 889 210 889 156"/></Shape>
          <TextLine ID="line_1" TAGREFS="LT8" BASELINE="891 196 957 195" HPOS="888" VPOS="132" WIDTH="69" HEIGHT="81">
            <Shape><Polygon POINTS="891 196 891 212 956 213 957 195 952 132 932 134 932 134 930 134 920 141 906 153 888 153 891 196"/></Shape>
            <String CONTENT="506" HPOS="888" VPOS="132" WIDTH="69" HEIGHT="81" WC="0.9994164307912191"/>
          </TextLine>
        </TextBlock>
        <TextBlock HPOS="391" VPOS="134" WIDTH="262" HEIGHT="59" ID="block_2" TAGREFS="BT18">
          <Shape><Polygon POINTS="391 134 654 134 654 193 391 193 391 134"/></Shape>
          <TextLine ID="line_2" TAGREFS="LT8" BASELINE="392 172 654 176" HPOS="390" VPOS="159" WIDTH="264" HEIGHT="28">
            <Shape><Polygon POINTS="645 159 633 159 621 159 609 159 597 159 585 159 573 159 561 159 549 159 537 159 524 159 512 159 500 159 488 159 476 159 464 159 452 159 440 159 428 159 416 159 404 159 392 159 392 172 390 184 652 188 654 176 654 159 645 159"/></Shape>
            <String CONTENT="CAPVT V." HPOS="390" VPOS="159" WIDTH="264" HEIGHT="28" WC="0.9647579342126846"/>
          </TextLine>
        </TextBlock>
        <TextBlock HPOS="84" VPOS="199" WIDTH="877" HEIGHT="402" ID="block_3" TAGREFS="BT3407">
          <Shape><Polygon POINTS="84 199 962 199 962 601 84 601 84 199"/></Shape>
          <TextLine ID="line_3" TAGREFS="LT8" BASELINE="96 231 962 246" HPOS="94" VPOS="183" WIDTH="867" HEIGHT="81">
            <Shape><Polygon POINTS="771 224 768 206 762 206 740 198 717 192 716 192 666 190 664 190 663 190 644 196 628 202 616 196 604 192 604 192 603 192 567 195 549 189 549 189 548 189 546 189 544 189 532 196 525 200 432 200 424 195 412 188 412 188 411 188 363 184 333 184 332 184 330 184 314 194 308 196 292 194 278 190 276 190 258 192 243 195 240 192 226 183 225 183 224 183 222 183 178 190 166 194 162 190 153 188 153 188 152 188 96 190 96 231 94 246 345 246 357 252 362 254 363 254 363 254 378 252 429 248 480 248 494 255 495 256 496 256 498 256 500 256 504 255 524 250 555 256 562 258 564 258 608 258 758 255 766 260 766 261 768 261 770 261 771 261 776 261 802 255 958 264 962 246 960 202 903 207 876 201 860 196 858 196 858 196 830 200 820 201 819 200 812 194 810 194 808 194 808 194 807 194 795 200 784 206 771 206 771 224"/></Shape>
            <String CONTENT="non omnia iudieiorum peruerſorum vitia nunc" HPOS="94" VPOS="183" WIDTH="867" HEIGHT="81" WC="0.9853929211927015"/>
          </TextLine>
          <TextLine ID="line_4" TAGREFS="LT8" BASELINE="96 278 957 296" HPOS="94" VPOS="240" WIDTH="862" HEIGHT="74">
            <Shape><Polygon POINTS="771 272 765 256 758 258 746 258 741 258 728 250 728 250 662 249 660 249 633 255 632 255 630 255 610 248 610 248 609 248 566 254 555 255 501 254 501 252 494 246 494 246 494 246 492 246 490 246 450 252 444 252 440 252 418 244 417 244 416 244 360 250 357 250 357 250 320 242 318 242 279 249 278 249 270 249 147 240 146 240 96 246 96 278 94 296 321 294 339 300 346 302 348 302 350 302 380 300 424 296 447 302 466 304 468 304 585 302 610 302 612 302 621 308 622 308 622 308 624 308 656 303 670 302 690 303 742 310 744 310 825 304 836 304 843 304 902 314 903 314 956 306 957 296 956 261 900 262 880 258 842 252 840 252 838 252 820 258 813 260 802 258 783 254 783 254 778 254 771 272"/></Shape>
            <String CONTENT="enumerat: ſed ex iis aliqua, ex quibus paucis cæte" HPOS="94" VPOS="240" WIDTH="862" HEIGHT="74" WC="0.9987762212753296"/>
          </TextLine>
          <TextLine ID="line_5" TAGREFS="LT8" BASELINE="94 327 956 345" HPOS="94" VPOS="288" WIDTH="861" HEIGHT="75">
            <Shape><Polygon POINTS="94 327 94 342 208 342 216 345 230 350 231 350 232 350 252 345 264 344 286 346 309 350 310 350 363 348 428 346 477 351 525 356 526 356 570 352 632 351 651 356 660 357 660 357 662 357 687 357 740 352 762 357 771 360 771 360 772 360 774 360 778 358 795 354 866 360 867 360 868 360 886 356 954 363 956 345 956 314 832 300 832 300 734 308 708 297 706 297 664 297 663 297 662 297 660 297 650 304 640 297 639 297 638 297 636 297 602 303 558 296 556 296 555 296 524 303 456 302 444 292 444 292 442 292 441 292 440 292 411 302 364 302 338 290 336 290 334 290 244 297 214 288 213 288 212 288 174 296 94 296 94 327"/></Shape>
            <String CONTENT="ra colligere licet. Gregorius Magnus.4.eſſe ſum¬" HPOS="94" VPOS="288" WIDTH="861" HEIGHT="75" WC="0.9930249564349651"/>
          </TextLine>
          <TextLine ID="line_6" TAGREFS="LT8" BASELINE="94 375 954 393" HPOS="93" VPOS="338" WIDTH="861" HEIGHT="72">
            <Shape><Polygon POINTS="94 375 93 390 273 390 282 396 284 398 284 398 285 398 286 398 314 396 380 394 394 399 400 400 400 400 402 400 410 399 432 394 552 402 585 404 586 404 621 404 765 400 800 406 802 406 804 406 806 406 807 406 828 400 951 410 954 393 954 362 892 351 891 351 890 351 864 357 832 350 831 350 830 350 771 357 759 348 759 348 758 348 302 348 276 339 274 339 273 339 272 339 250 345 183 338 182 338 94 344 94 375"/></Shape>
            <String CONTENT="mas iudiciorum corrumpendorum cauſas ſcribit" HPOS="93" VPOS="338" WIDTH="861" HEIGHT="72" WC="0.9902010627768256"/>
          </TextLine>
          <TextLine ID="line_7" TAGREFS="LT8" BASELINE="90 424 956 441" HPOS="88" VPOS="382" WIDTH="867" HEIGHT="74">
            <Shape><Polygon POINTS="90 424 88 441 734 447 756 450 888 456 888 456 954 450 956 441 952 404 866 405 860 400 852 396 850 396 850 396 849 396 800 400 768 404 762 400 753 394 752 394 750 394 717 399 687 393 686 393 592 398 573 399 570 398 555 390 555 390 554 390 552 390 534 398 532 398 530 398 506 392 504 392 502 392 494 396 488 399 484 396 470 388 468 388 468 388 434 396 424 398 417 394 394 388 393 388 392 388 390 388 388 388 380 394 376 396 360 394 314 390 312 390 310 390 300 394 296 394 292 394 270 386 268 386 267 386 182 393 172 393 166 393 112 382 111 382 111 382 90 390 90 424"/></Shape>
            <String CONTENT="ſcilices Timorem, Cupiditatem, Odium, Amo¬" HPOS="88" VPOS="382" WIDTH="867" HEIGHT="74" WC="0.993582756746383"/>
          </TextLine>
          <TextLine ID="line_8" TAGREFS="LT8" BASELINE="87 472 950 488" HPOS="86" VPOS="435" WIDTH="864" HEIGHT="70">
            <Shape><Polygon POINTS="762 483 750 483 738 483 726 480 714 480 702 480 690 480 678 480 666 480 654 480 640 480 628 480 616 480 604 480 600 460 591 452 586 448 585 448 585 448 519 440 518 440 518 440 498 447 486 438 484 438 483 438 482 438 410 444 400 438 399 438 398 438 396 438 320 444 298 436 297 436 296 436 296 436 276 444 228 435 228 435 226 435 200 444 195 446 189 444 171 440 170 440 168 440 166 440 166 440 159 444 153 447 87 444 87 472 86 483 171 492 172 492 260 486 280 486 284 488 302 495 303 495 304 495 306 495 327 489 332 488 334 489 360 496 362 496 363 496 430 490 442 490 446 492 458 496 459 496 460 496 502 494 514 492 518 494 525 500 526 500 528 500 530 500 579 494 597 494 608 495 638 501 639 501 682 496 696 495 712 496 753 501 753 501 776 498 789 496 796 500 814 506 816 506 818 506 950 501 950 488 950 458 908 459 894 456 862 450 861 450 860 450 858 450 850 456 843 460 832 456 810 444 808 444 808 444 807 444 789 454 771 464 766 462 762 483"/></Shape>
            <String CONTENT="rem, cuius ſentẽtia deſcripta tie mi Ouh. Quatuor" HPOS="86" VPOS="435" WIDTH="864" HEIGHT="70" WC="0.9783129405975342"/>
          </TextLine>
          <TextLine ID="line_9" TAGREFS="LT8" BASELINE="88 520 951 536" HPOS="87" VPOS="506" WIDTH="864" HEIGHT="51">
            <Shape><Polygon POINTS="765 512 753 512 740 512 728 512 716 512 704 512 692 512 680 512 668 512 656 512 644 512 632 512 620 512 608 512 596 512 584 512 572 512 560 512 548 512 536 512 524 512 512 512 500 512 488 512 474 512 462 512 450 512 438 512 426 512 414 512 402 512 390 512 378 512 366 512 354 512 342 512 330 512 318 512 306 512 294 512 282 512 270 512 258 512 246 512 234 512 222 512 208 512 196 512 184 512 172 512 160 512 148 512 136 512 124 512 112 512 100 512 88 512 88 520 87 531 222 536 222 536 252 546 252 546 254 546 342 542 374 549 375 549 376 549 376 549 405 542 412 538 420 542 440 549 441 549 442 549 510 543 543 542 549 544 560 552 561 552 561 552 562 552 564 552 582 548 640 554 642 554 664 549 684 543 704 549 718 555 720 555 722 555 759 550 812 546 840 546 850 554 854 556 855 556 856 556 858 556 950 555 951 536 951 514 942 507 940 507 939 507 938 507 836 512 820 506 820 506 819 506 766 506 765 512"/></Shape>
            <String CONTENT="modis.Il quæit.3. Quę ſane aliqua ex parte expo¬" HPOS="87" VPOS="506" WIDTH="864" HEIGHT="51" WC="0.976756181035723"/>
          </TextLine>
          <TextLine ID="line_10" TAGREFS="LT8" BASELINE="86 570 740 579" HPOS="84" VPOS="531" WIDTH="656" HEIGHT="69">
            <Shape><Polygon POINTS="86 570 84 585 99 594 100 594 210 596 212 596 213 596 237 588 255 597 256 597 258 597 292 591 339 598 339 598 398 591 420 598 422 598 423 598 471 591 480 598 482 598 483 598 484 598 486 598 488 598 494 591 562 591 591 600 592 600 592 600 594 600 609 592 736 592 740 579 740 549 716 549 716 549 706 542 706 540 705 540 704 540 704 540 662 549 657 549 648 548 574 537 573 537 573 537 549 546 528 537 526 537 525 537 444 544 436 544 435 544 412 536 412 536 380 536 378 536 376 536 362 543 360 543 266 543 264 543 250 532 249 532 248 532 246 532 196 542 194 542 189 542 136 531 135 531 86 538 86 570"/></Shape>
            <String CONTENT="nit, quæ breuius hîc Paulus recenſet." HPOS="84" VPOS="531" WIDTH="656" HEIGHT="69" WC="0.9950394504948666"/>
          </TextLine>
        </TextBlock>
        <TextBlock HPOS="77" VPOS="637" WIDTH="874" HEIGHT="174" ID="block_4" TAGREFS="BT3409">
          <Shape><Polygon POINTS="77 637 951 637 951 812 77 812 77 637"/></Shape>
          <TextLine ID="line_11" TAGREFS="LT8" BASELINE="138 676 592 681 950 692" HPOS="136" VPOS="650" WIDTH="813" HEIGHT="60">
            <Shape><Polygon POINTS="753 660 741 660 729 660 717 660 705 660 693 660 681 660 669 660 657 660 645 660 633 660 621 660 609 660 597 660 585 660 573 660 561 660 549 660 537 660 524 660 512 660 500 660 488 660 476 660 464 660 452 660 440 660 428 660 416 660 404 660 392 660 380 660 368 660 356 660 344 660 332 660 320 660 308 660 296 660 284 660 272 660 258 660 246 660 234 660 222 660 210 660 198 660 186 660 174 660 162 660 150 660 138 660 138 676 136 684 177 693 178 693 178 693 196 687 196 687 327 696 328 696 330 696 348 690 351 690 356 690 378 700 380 700 429 702 430 702 526 694 550 693 567 696 622 705 622 705 678 699 789 706 790 706 792 706 807 702 812 699 814 702 822 708 824 708 825 708 826 708 826 708 844 702 848 702 850 702 882 710 882 710 884 710 948 704 950 692 950 666 921 652 920 652 818 650 754 650 753 660"/></Shape>
            <String CONTENT="22 Manus cito ne cuiimponito, neque" HPOS="136" VPOS="650" WIDTH="813" HEIGHT="60" WC="0.998299527168274"/>
          </TextLine>
          <TextLine ID="line_12" TAGREFS="LT8" BASELINE="78 732 945 746" HPOS="76" VPOS="688" WIDTH="868" HEIGHT="82">
            <Shape><Polygon POINTS="78 732 76 753 87 759 88 759 90 759 92 759 111 752 135 742 172 752 172 752 210 744 290 748 294 752 304 762 306 762 308 762 327 764 328 764 330 764 332 764 345 752 348 752 388 748 549 748 568 750 573 753 590 766 591 766 592 766 592 766 594 766 627 753 633 752 642 753 682 765 684 765 684 765 686 765 702 758 710 765 710 766 711 766 712 766 714 766 732 765 734 765 734 765 741 759 753 770 754 770 756 770 867 771 868 771 944 753 945 746 945 714 867 714 864 712 832 699 832 699 831 699 777 708 759 698 758 698 756 698 754 698 730 710 710 700 710 700 708 700 651 710 646 710 552 710 550 708 522 694 520 694 471 693 362 693 360 693 358 693 318 704 314 704 309 704 231 690 230 690 182 702 180 702 178 702 141 688 140 688 106 688 105 688 104 688 78 699 78 732"/></Shape>
            <String CONTENT="cõmunicato peccatis alienis: temetipſum pu¬" HPOS="76" VPOS="688" WIDTH="868" HEIGHT="82" WC="0.9956597645174373"/>
          </TextLine>
          <TextLine ID="line_13" TAGREFS="LT8" BASELINE="78 790 302 790" HPOS="78" VPOS="752" WIDTH="224" HEIGHT="72">
            <Shape><Polygon POINTS="78 790 78 814 153 822 153 822 177 819 208 814 222 820 228 822 228 822 230 824 302 824 302 790 302 762 222 759 210 752 208 752 208 752 178 752 178 752 177 752 176 752 166 759 165 759 160 759 126 753 124 753 78 758 78 790"/></Shape>
            <String CONTENT="rum ſerua." HPOS="78" VPOS="752" WIDTH="224" HEIGHT="72" WC="0.9984463274478912"/>
          </TextLine>
        </TextBlock>
        <TextBlock HPOS="71" VPOS="821" WIDTH="879" HEIGHT="986" ID="block_5" TAGREFS="BT3408">
          <Shape><Polygon POINTS="71 821 950 821 950 1807 71 1807 71 821"/></Shape>
          <TextLine ID="line_14" TAGREFS="LT8" BASELINE="126 854 516 858 946 870" HPOS="124" VPOS="812" WIDTH="822" HEIGHT="76">
            <Shape><Polygon POINTS="126 854 124 864 152 873 153 873 153 873 216 868 231 867 242 868 279 876 280 876 282 876 298 870 308 868 321 870 345 876 346 876 348 876 357 872 363 870 375 873 388 876 390 876 392 876 393 876 394 876 398 873 402 870 464 870 471 876 476 879 477 879 478 879 480 879 508 876 543 873 573 878 600 882 602 882 622 880 652 876 944 888 946 870 945 826 837 834 796 825 794 824 792 824 790 824 783 825 738 832 687 824 663 820 662 820 616 824 549 828 532 822 531 822 530 822 530 822 525 822 506 826 498 822 489 816 488 816 488 816 376 814 375 814 374 814 372 814 363 820 348 814 346 814 345 814 345 814 327 820 320 824 166 820 166 820 146 812 144 812 142 812 141 812 126 818 126 854"/></Shape>
            <String CONTENT="Canon præſtantiſſimus, qui etiam ad paſtorũ" HPOS="124" VPOS="812" WIDTH="822" HEIGHT="76" WC="0.9862048097632148"/>
          </TextLine>
          <TextLine ID="line_15" TAGREFS="LT8" BASELINE="75 902 512 906 958 918" HPOS="74" VPOS="862" WIDTH="885" HEIGHT="76">
            <Shape><Polygon POINTS="75 902 74 916 224 926 225 926 226 926 252 920 264 916 272 920 279 924 280 924 282 924 284 924 292 920 298 918 436 918 444 922 470 932 471 932 472 932 561 924 579 922 591 924 645 934 646 934 690 926 694 926 696 926 714 934 716 934 716 934 764 928 786 938 788 938 789 938 825 932 903 939 904 939 957 928 958 918 958 886 891 886 888 884 879 878 878 878 876 878 876 878 820 882 812 884 807 882 778 874 777 874 777 874 704 882 698 882 696 882 687 874 687 873 686 873 684 873 651 872 650 872 602 879 594 880 591 879 572 870 570 870 568 870 534 878 528 879 524 878 502 872 501 872 500 872 471 876 464 878 447 876 339 866 338 866 336 866 304 874 302 874 258 874 258 873 246 864 246 864 244 864 243 864 186 872 184 872 182 872 141 862 140 862 138 862 136 862 126 870 124 870 75 870 75 902"/></Shape>
            <String CONTENT="erga paſtores officium pertinet. Nam ſuperiores" HPOS="74" VPOS="862" WIDTH="885" HEIGHT="76" WC="0.9971841916124872"/>
          </TextLine>
          <TextLine ID="line_16" TAGREFS="LT8" BASELINE="78 951 506 956 940 968" HPOS="76" VPOS="915" WIDTH="864" HEIGHT="64">
            <Shape><Polygon POINTS="78 951 76 962 87 968 88 968 90 968 92 968 264 964 282 972 284 972 284 972 326 966 327 966 348 972 350 972 351 972 489 969 506 969 508 969 526 976 528 976 938 980 940 968 940 938 903 930 902 930 900 930 900 930 892 936 882 927 880 927 879 927 878 927 824 936 819 936 814 936 784 926 783 926 696 922 694 922 693 922 658 932 657 932 656 932 626 921 624 921 622 921 528 928 512 921 512 921 510 921 508 921 488 928 468 918 468 918 466 918 378 926 363 916 363 916 362 916 360 916 324 926 298 915 297 915 296 915 296 915 260 924 78 921 78 951"/></Shape>
            <String CONTENT="canones ad paſtores iam creatos ſpectabant: hic" HPOS="76" VPOS="915" WIDTH="864" HEIGHT="64" WC="0.992849200329882"/>
          </TextLine>
          <TextLine ID="line_17" TAGREFS="LT8" BASELINE="76 999 447 1002 950 1016" HPOS="75" VPOS="960" WIDTH="874" HEIGHT="76">
            <Shape><Polygon POINTS="765 992 759 981 722 981 718 978 708 970 706 970 705 970 704 970 672 976 657 969 656 969 654 969 576 975 574 975 480 966 478 966 410 972 375 964 374 964 372 964 370 964 363 972 363 974 338 974 336 972 327 963 326 963 324 963 322 963 292 969 244 962 218 962 216 962 216 962 214 962 202 969 168 960 166 960 166 960 129 968 129 968 76 968 76 999 75 1010 128 1020 129 1020 129 1020 156 1011 158 1011 184 1018 186 1018 188 1018 189 1018 204 1012 208 1012 290 1016 302 1023 302 1023 303 1023 304 1023 306 1023 308 1023 321 1016 351 1016 358 1016 424 1023 424 1023 450 1017 450 1017 488 1028 488 1028 489 1028 525 1018 528 1018 572 1020 594 1020 612 1029 614 1029 615 1029 712 1023 740 1032 740 1032 927 1036 928 1036 930 1036 948 1028 950 1016 946 982 854 982 849 981 832 974 832 974 806 974 804 974 802 974 801 974 794 980 789 981 768 981 765 992"/></Shape>
            <String CONTENT="autem de Paſtoribus adhuc creandis agit. Hoc v¬" HPOS="75" VPOS="960" WIDTH="874" HEIGHT="76" WC="0.9828283698000806"/>
          </TextLine>
          <TextLine ID="line_18" TAGREFS="LT8" BASELINE="74 1048 441 1052 938 1066" HPOS="72" VPOS="1008" WIDTH="866" HEIGHT="76">
            <Shape><Polygon POINTS="74 1048 72 1064 164 1060 231 1068 240 1070 240 1070 242 1070 243 1070 252 1062 286 1062 384 1072 398 1072 399 1072 405 1072 450 1066 464 1074 465 1074 466 1074 468 1074 471 1074 504 1066 519 1076 520 1076 522 1076 524 1076 530 1076 612 1070 648 1077 650 1077 651 1077 666 1071 723 1080 729 1080 730 1080 735 1080 777 1074 936 1084 938 1066 938 1036 914 1029 912 1029 910 1029 852 1034 814 1023 813 1023 812 1023 722 1030 652 1018 651 1018 650 1018 630 1023 556 1017 555 1017 435 1023 400 1014 400 1014 399 1014 398 1014 370 1023 224 1010 222 1010 180 1018 140 1008 138 1008 136 1008 135 1008 118 1017 74 1017 74 1048"/></Shape>
            <String CONTENT="no breuiter complexus eſt Paulus optimam &amp;" HPOS="72" VPOS="1008" WIDTH="866" HEIGHT="76" WC="0.9819647669792175"/>
          </TextLine>
          <TextLine ID="line_19" TAGREFS="LT8" BASELINE="75 1095 484 1101 932 1116" HPOS="74" VPOS="1060" WIDTH="858" HEIGHT="72">
            <Shape><Polygon POINTS="75 1095 74 1106 138 1114 140 1114 196 1110 226 1108 231 1110 237 1116 238 1116 240 1116 240 1116 296 1113 336 1110 360 1116 387 1120 388 1122 543 1122 780 1122 930 1132 932 1116 932 1086 903 1086 902 1084 894 1077 894 1077 892 1077 891 1077 840 1083 832 1083 832 1083 819 1072 818 1072 816 1072 814 1072 814 1072 789 1082 786 1082 736 1082 734 1080 722 1071 720 1071 718 1071 634 1068 633 1068 555 1076 549 1076 548 1076 512 1066 510 1066 508 1066 394 1071 345 1062 344 1062 309 1070 288 1060 286 1060 285 1060 284 1060 284 1060 270 1068 268 1068 75 1065 75 1095"/></Shape>
            <String CONTENT="totam penè eligendorum paſtorum rationem," HPOS="74" VPOS="1060" WIDTH="858" HEIGHT="72" WC="0.9987758114224389"/>
          </TextLine>
          <TextLine ID="line_20" TAGREFS="LT8" BASELINE="75 1148 320 1148 939 1162" HPOS="74" VPOS="1106" WIDTH="866" HEIGHT="75">
            <Shape><Polygon POINTS="75 1148 74 1162 117 1166 118 1166 132 1164 166 1158 194 1166 202 1167 202 1167 204 1167 222 1166 278 1160 290 1167 291 1167 292 1167 294 1167 332 1167 585 1167 598 1172 608 1178 609 1178 610 1178 632 1173 652 1170 657 1173 663 1178 664 1178 666 1178 666 1178 698 1174 728 1172 771 1172 776 1176 780 1179 780 1180 782 1180 783 1180 783 1180 938 1178 939 1162 938 1132 866 1131 866 1130 855 1122 855 1120 854 1120 852 1120 850 1120 850 1120 849 1120 834 1130 832 1130 812 1130 812 1128 777 1118 776 1118 774 1118 724 1128 722 1128 712 1128 610 1116 609 1116 608 1116 579 1124 555 1113 555 1113 554 1113 480 1119 400 1110 399 1110 398 1110 375 1119 320 1108 318 1108 316 1108 298 1116 280 1107 279 1107 278 1107 278 1107 260 1112 224 1106 222 1106 222 1106 198 1116 129 1116 123 1116 123 1114 110 1106 108 1106 106 1106 105 1106 104 1106 75 1113 75 1148"/></Shape>
            <String CONTENT="quæ nobis hodie obſeruanda quoque eſt, vt legi¬" HPOS="74" VPOS="1106" WIDTH="866" HEIGHT="75" WC="0.9854403315706456"/>
          </TextLine>
          <TextLine ID="line_21" TAGREFS="LT8" BASELINE="72 1194 376 1197 936 1209" HPOS="70" VPOS="1155" WIDTH="866" HEIGHT="74">
            <Shape><Polygon POINTS="72 1194 70 1203 111 1210 112 1210 114 1210 130 1204 177 1212 178 1212 243 1208 334 1218 336 1218 376 1212 423 1220 424 1220 424 1220 444 1210 474 1220 474 1220 476 1220 572 1214 590 1221 591 1221 592 1221 592 1221 608 1215 638 1221 639 1221 694 1215 756 1227 758 1227 824 1220 876 1228 876 1228 934 1220 936 1209 936 1184 850 1178 832 1168 832 1168 831 1168 830 1168 808 1179 762 1179 756 1179 756 1178 728 1166 726 1166 724 1166 664 1176 634 1164 633 1164 632 1164 630 1164 603 1172 561 1162 561 1162 504 1167 496 1161 495 1161 494 1161 362 1160 360 1160 358 1160 339 1170 320 1161 318 1161 316 1161 178 1166 176 1166 174 1166 156 1155 154 1155 153 1155 153 1155 152 1155 129 1166 72 1166 72 1194"/></Shape>
            <String CONTENT="timè vocatos paſtores habeamus. Quæ res tan¬" HPOS="70" VPOS="1155" WIDTH="866" HEIGHT="74" WC="0.9937976135147942"/>
          </TextLine>
          <TextLine ID="line_22" TAGREFS="LT8" BASELINE="70 1244 366 1245 938 1260" HPOS="69" VPOS="1203" WIDTH="868" HEIGHT="75">
            <Shape><Polygon POINTS="70 1244 69 1252 159 1263 160 1263 201 1258 208 1257 212 1258 228 1263 228 1263 230 1263 296 1260 322 1258 327 1260 339 1266 340 1266 342 1266 368 1262 376 1260 380 1263 384 1266 386 1266 387 1266 388 1266 500 1264 603 1264 630 1269 658 1274 660 1274 710 1270 768 1269 804 1274 826 1276 826 1278 936 1278 938 1260 936 1230 898 1230 897 1228 873 1220 872 1220 870 1220 816 1227 777 1221 777 1221 682 1224 678 1224 676 1224 663 1215 662 1215 660 1215 660 1215 618 1215 616 1215 616 1215 606 1222 603 1222 530 1212 528 1212 450 1220 447 1220 430 1210 429 1210 428 1210 426 1210 406 1218 382 1212 381 1212 380 1212 330 1216 327 1216 326 1216 272 1208 270 1208 216 1215 216 1215 159 1203 159 1203 114 1212 96 1203 94 1203 93 1203 92 1203 70 1210 70 1244"/></Shape>
            <String CONTENT="ti eſt in eccleſia momenti, vt propter eam ſupe¬" HPOS="69" VPOS="1203" WIDTH="868" HEIGHT="75" WC="0.998375128954649"/>
          </TextLine>
          <TextLine ID="line_23" TAGREFS="LT8" BASELINE="68 1290 556 1298 938 1310" HPOS="66" VPOS="1252" WIDTH="872" HEIGHT="72">
            <Shape><Polygon POINTS="68 1290 66 1306 934 1324 938 1310 934 1270 918 1275 903 1269 900 1268 898 1268 897 1268 896 1268 892 1269 878 1275 850 1269 844 1268 844 1268 843 1268 838 1269 820 1274 808 1268 802 1264 801 1264 756 1264 754 1264 753 1264 753 1264 750 1268 744 1270 650 1270 616 1264 584 1260 582 1260 580 1260 566 1264 554 1268 546 1264 537 1258 536 1258 534 1258 532 1258 518 1264 516 1264 512 1264 472 1258 471 1258 447 1263 434 1264 420 1263 396 1257 394 1257 336 1262 327 1262 326 1262 320 1256 318 1256 316 1256 250 1252 249 1252 248 1252 225 1258 220 1260 136 1260 134 1258 117 1252 117 1252 116 1252 68 1257 68 1290"/></Shape>
            <String CONTENT="riorem obteſtationem à Paulo præmiſſam eſſe" HPOS="66" VPOS="1252" WIDTH="872" HEIGHT="72" WC="0.996849691325968"/>
          </TextLine>
          <TextLine ID="line_24" TAGREFS="LT8" BASELINE="68 1338 548 1346 932 1359" HPOS="68" VPOS="1300" WIDTH="864" HEIGHT="75">
            <Shape><Polygon POINTS="68 1338 68 1354 231 1353 240 1360 242 1362 243 1362 244 1362 304 1364 306 1364 308 1364 312 1362 333 1356 483 1365 506 1366 506 1366 518 1366 603 1362 618 1368 620 1368 621 1368 666 1364 708 1364 718 1371 722 1372 722 1372 723 1372 724 1372 736 1371 771 1366 778 1372 780 1372 782 1372 930 1376 932 1359 932 1324 879 1316 842 1316 840 1316 838 1316 838 1316 832 1322 830 1323 668 1322 658 1318 632 1311 630 1311 628 1311 578 1317 561 1318 537 1316 453 1306 452 1306 410 1314 400 1314 388 1314 333 1304 332 1304 330 1304 309 1311 306 1312 298 1311 242 1300 240 1300 204 1310 202 1310 198 1310 165 1300 164 1300 162 1300 160 1300 130 1308 68 1308 68 1338"/></Shape>
            <String CONTENT="cenſeat Chryſoſto. Certè cùm de ea re monitum" HPOS="68" VPOS="1300" WIDTH="864" HEIGHT="75" WC="0.9869927484938439"/>
          </TextLine>
          <TextLine ID="line_25" TAGREFS="LT8" BASELINE="78 1388 506 1394 936 1407" HPOS="76" VPOS="1347" WIDTH="860" HEIGHT="78">
            <Shape><Polygon POINTS="78 1388 76 1402 270 1402 280 1407 285 1410 286 1410 288 1410 306 1408 345 1404 362 1410 364 1412 366 1412 368 1412 375 1410 394 1406 404 1412 406 1413 408 1413 410 1413 411 1413 423 1412 442 1407 609 1408 626 1418 630 1419 632 1419 633 1419 634 1419 640 1418 663 1412 675 1419 678 1419 680 1419 774 1422 776 1422 783 1420 810 1414 828 1422 831 1424 832 1424 933 1425 936 1407 934 1366 866 1371 844 1365 844 1365 843 1365 842 1365 840 1365 831 1371 784 1371 772 1364 771 1364 771 1364 770 1364 722 1370 561 1358 561 1358 456 1364 346 1353 345 1353 345 1353 320 1359 222 1358 213 1350 212 1350 210 1350 208 1350 135 1356 126 1348 124 1348 123 1348 78 1347 78 1388"/></Shape>
            <String CONTENT="Timotheum eſſe oportuerit: &amp; magni periculi" HPOS="76" VPOS="1347" WIDTH="860" HEIGHT="78" WC="0.9982995044353397"/>
          </TextLine>
          <TextLine ID="line_26" TAGREFS="LT8" BASELINE="74 1437 435 1440 933 1455" HPOS="72" VPOS="1398" WIDTH="861" HEIGHT="76">
            <Shape><Polygon POINTS="74 1437 72 1455 710 1460 714 1464 722 1470 722 1470 723 1470 724 1470 832 1466 854 1466 858 1467 882 1474 882 1474 884 1474 932 1467 933 1455 933 1425 920 1416 920 1416 918 1416 916 1416 837 1424 832 1424 824 1414 824 1413 822 1413 820 1413 820 1413 819 1413 795 1422 795 1422 764 1413 762 1413 760 1413 759 1413 730 1420 728 1420 723 1420 696 1414 694 1414 693 1414 676 1419 675 1419 674 1419 664 1412 664 1410 663 1410 662 1410 660 1410 600 1418 597 1418 596 1418 585 1410 584 1410 582 1410 580 1410 524 1414 510 1416 507 1414 498 1406 496 1406 495 1406 494 1406 458 1413 450 1414 406 1413 406 1413 394 1404 393 1404 392 1404 390 1404 346 1410 314 1402 312 1402 310 1402 296 1408 291 1412 288 1408 278 1401 276 1401 274 1401 273 1401 216 1407 196 1408 129 1408 126 1406 117 1398 117 1398 116 1398 114 1398 74 1402 74 1437"/></Shape>
            <String CONTENT="plenam eſſe, &amp; grauis momenti in eccleſia ordi¬" HPOS="72" VPOS="1398" WIDTH="861" HEIGHT="76" WC="0.9896032214164734"/>
          </TextLine>
          <TextLine ID="line_27" TAGREFS="LT8" BASELINE="68 1485 500 1490 932 1504" HPOS="68" VPOS="1443" WIDTH="864" HEIGHT="78">
            <Shape><Polygon POINTS="68 1485 68 1502 96 1497 117 1503 122 1504 123 1504 123 1504 146 1503 201 1500 219 1504 228 1506 228 1506 230 1506 242 1504 270 1500 291 1504 300 1508 302 1508 302 1508 315 1506 345 1502 464 1503 471 1509 474 1510 474 1510 476 1510 477 1510 478 1510 482 1509 494 1504 660 1506 706 1509 710 1512 714 1516 714 1516 716 1516 716 1516 717 1516 753 1512 758 1512 759 1512 766 1518 768 1518 770 1518 896 1521 897 1521 930 1515 932 1504 932 1473 742 1461 741 1461 740 1461 714 1467 660 1455 626 1455 624 1455 622 1455 604 1464 550 1452 549 1452 507 1460 482 1450 480 1450 480 1450 453 1455 406 1449 405 1449 363 1458 351 1449 351 1449 350 1449 348 1449 220 1455 206 1444 204 1444 202 1444 202 1444 201 1444 182 1454 159 1443 159 1443 158 1443 156 1443 141 1452 68 1452 68 1485"/></Shape>
            <String CONTENT="nanda, iam dubitari non debet. Hæc autem præ¬" HPOS="68" VPOS="1443" WIDTH="864" HEIGHT="78" WC="0.9858467155032687"/>
          </TextLine>
          <TextLine ID="line_28" TAGREFS="LT8" BASELINE="69 1533 504 1538 932 1551" HPOS="68" VPOS="1494" WIDTH="864" HEIGHT="72">
            <Shape><Polygon POINTS="69 1533 68 1551 148 1552 150 1552 152 1552 174 1545 186 1554 188 1554 189 1554 369 1557 369 1557 378 1556 412 1550 488 1557 489 1557 490 1557 494 1557 630 1554 648 1560 660 1563 660 1563 662 1563 663 1563 664 1563 669 1560 678 1556 698 1556 702 1560 705 1563 705 1564 706 1564 708 1564 710 1564 710 1564 717 1560 722 1560 734 1560 765 1566 765 1566 766 1566 777 1562 788 1558 806 1558 808 1562 814 1566 814 1566 814 1566 816 1566 818 1566 932 1563 932 1551 932 1518 874 1509 873 1509 872 1509 854 1516 852 1516 801 1509 801 1509 771 1515 770 1515 768 1515 744 1506 742 1506 741 1506 714 1512 704 1504 704 1504 702 1504 700 1504 594 1510 586 1510 582 1510 524 1503 524 1503 474 1509 471 1509 466 1509 356 1498 354 1498 352 1498 327 1504 208 1496 208 1496 172 1502 164 1494 162 1494 160 1494 159 1494 159 1494 146 1502 69 1502 69 1533"/></Shape>
            <String CONTENT="cepti ſumma eſt. Neminẽ in eccleſia Dei citò &amp;" HPOS="68" VPOS="1494" WIDTH="864" HEIGHT="72" WC="0.9955049827694893"/>
          </TextLine>
          <TextLine ID="line_29" TAGREFS="LT8" BASELINE="69 1581 528 1587 930 1600" HPOS="69" VPOS="1544" WIDTH="861" HEIGHT="75">
            <Shape><Polygon POINTS="69 1581 69 1600 86 1593 148 1593 168 1604 170 1604 171 1604 172 1604 190 1604 429 1600 556 1610 558 1610 560 1610 574 1604 592 1612 596 1612 597 1612 598 1612 606 1612 666 1606 704 1614 708 1616 710 1616 710 1616 711 1616 724 1610 730 1616 732 1616 734 1616 734 1616 742 1616 848 1611 927 1618 930 1600 930 1568 864 1557 864 1557 862 1557 843 1564 820 1558 819 1558 818 1558 765 1563 753 1556 753 1556 752 1556 750 1556 710 1562 700 1554 700 1554 699 1554 698 1554 698 1554 654 1560 652 1560 598 1551 597 1551 561 1558 543 1550 542 1550 540 1550 506 1556 488 1548 486 1548 376 1546 375 1546 333 1554 246 1545 246 1545 244 1545 220 1551 219 1551 165 1551 165 1550 158 1544 156 1544 154 1544 153 1544 69 1548 69 1581"/></Shape>
            <String CONTENT="temere promouẽdũ eſſe ad aliquod munus eccle" HPOS="69" VPOS="1544" WIDTH="861" HEIGHT="75" WC="0.9983157956081888"/>
          </TextLine>
          <TextLine ID="line_30" TAGREFS="LT8" BASELINE="68 1630 507 1635 930 1647" HPOS="68" VPOS="1592" WIDTH="862" HEIGHT="70">
            <Shape><Polygon POINTS="68 1630 68 1641 135 1650 136 1650 172 1642 177 1642 184 1642 246 1653 246 1653 402 1647 432 1647 442 1648 495 1658 496 1658 544 1652 555 1650 562 1652 580 1656 582 1656 584 1656 652 1653 680 1653 694 1653 746 1662 746 1662 928 1659 930 1647 930 1616 862 1610 861 1610 777 1611 746 1612 742 1611 732 1602 730 1602 729 1602 728 1602 728 1602 726 1602 716 1610 714 1611 684 1611 666 1610 618 1602 616 1602 584 1606 567 1610 564 1606 554 1599 552 1599 550 1599 549 1599 549 1599 528 1605 519 1608 513 1605 496 1598 495 1598 494 1598 494 1598 470 1604 468 1604 464 1604 418 1596 417 1596 416 1596 390 1602 370 1594 369 1594 369 1594 296 1599 246 1604 204 1604 189 1598 171 1592 170 1592 168 1592 68 1593 68 1630"/></Shape>
            <String CONTENT="ſiaſticum, quantũuis exiguum: de eo enim mune¬" HPOS="68" VPOS="1592" WIDTH="862" HEIGHT="70" WC="0.9944848874781994"/>
          </TextLine>
          <TextLine ID="line_31" TAGREFS="LT8" BASELINE="68 1678 486 1684 928 1696" HPOS="66" VPOS="1638" WIDTH="862" HEIGHT="76">
            <Shape><Polygon POINTS="68 1678 66 1690 136 1700 138 1700 183 1694 196 1692 213 1695 258 1702 260 1702 288 1696 294 1696 296 1696 303 1702 304 1702 306 1702 308 1702 308 1702 309 1702 315 1696 320 1695 336 1698 360 1702 362 1702 404 1700 440 1696 456 1702 462 1702 464 1702 465 1702 506 1702 622 1701 664 1707 686 1710 687 1710 728 1708 808 1706 822 1712 825 1713 826 1713 926 1714 928 1696 928 1665 838 1662 820 1653 819 1653 818 1653 768 1659 766 1659 681 1648 592 1647 592 1647 591 1647 567 1654 564 1656 561 1654 534 1647 532 1647 531 1647 494 1652 414 1644 412 1644 412 1644 388 1652 382 1653 368 1650 302 1641 300 1641 298 1641 273 1648 264 1650 254 1647 218 1641 216 1641 216 1641 201 1647 198 1647 182 1647 104 1638 102 1638 100 1638 87 1644 81 1647 68 1644 68 1678"/></Shape>
            <String CONTENT="ris genere, ideſt eccleſiaſtico, Paulum agere, non" HPOS="66" VPOS="1638" WIDTH="862" HEIGHT="76" WC="0.996619178056717"/>
          </TextLine>
          <TextLine ID="line_32" TAGREFS="LT8" BASELINE="69 1726 930 1746" HPOS="68" VPOS="1686" WIDTH="862" HEIGHT="80">
            <Shape><Polygon POINTS="69 1726 68 1746 228 1743 298 1750 339 1754 339 1754 357 1752 380 1746 498 1748 520 1752 554 1758 555 1758 610 1754 630 1752 634 1754 648 1760 650 1760 651 1760 782 1758 876 1766 876 1766 928 1758 930 1746 930 1714 826 1702 825 1702 790 1708 783 1710 748 1708 664 1702 663 1702 567 1702 504 1702 500 1701 495 1696 494 1696 494 1696 453 1694 279 1690 278 1690 278 1690 264 1694 255 1696 225 1692 177 1688 176 1688 158 1690 132 1696 111 1690 99 1686 98 1686 98 1686 69 1688 69 1726"/></Shape>
            <String CONTENT="de politicis Magiſtratibus apparet ex phraſi ipſa" HPOS="68" VPOS="1686" WIDTH="862" HEIGHT="80" WC="0.992039929847328"/>
          </TextLine>
          <TextLine ID="line_33" TAGREFS="LT8" BASELINE="76 1776 615 1784 928 1796" HPOS="75" VPOS="1740" WIDTH="854" HEIGHT="84">
            <Shape><Polygon POINTS="76 1776 75 1806 158 1798 216 1810 225 1812 226 1812 228 1812 231 1810 249 1803 260 1812 261 1812 262 1812 264 1812 272 1812 327 1806 462 1815 489 1816 490 1816 492 1816 494 1815 516 1806 543 1806 573 1816 574 1816 576 1816 578 1816 606 1808 634 1820 636 1820 638 1820 639 1820 644 1820 700 1809 758 1809 772 1818 774 1818 776 1818 777 1818 798 1810 832 1822 832 1822 834 1822 836 1822 838 1822 860 1818 926 1824 928 1796 927 1754 864 1761 822 1761 802 1752 798 1750 796 1750 795 1750 783 1752 735 1758 656 1752 654 1752 632 1756 616 1750 609 1746 608 1746 606 1746 582 1750 544 1755 495 1755 488 1749 480 1744 480 1744 478 1744 477 1744 442 1749 424 1750 411 1748 381 1743 380 1743 378 1743 376 1743 376 1744 372 1748 368 1752 339 1752 336 1748 330 1743 330 1742 328 1742 327 1742 327 1742 273 1746 246 1749 240 1746 225 1740 224 1740 222 1740 76 1744 76 1776"/></Shape>
            <String CONTENT="qua vtitur. Ait enim Ne manꝰ imponas. Nõ quòd" HPOS="75" VPOS="1740" WIDTH="854" HEIGHT="84" WC="0.9883867426121489"/>
          </TextLine>
        </TextBlock>
        <TextBlock HPOS="689" VPOS="1814" WIDTH="65" HEIGHT="48" ID="block_6" TAGREFS="BT17">
          <Shape><Polygon POINTS="689 1814 754 1814 754 1862 689 1862 689 1814"/></Shape>
          <TextLine ID="line_34" TAGREFS="LT8" BASELINE="692 1848 744 1844" HPOS="688" VPOS="1802" WIDTH="57" HEIGHT="75">
            <Shape><Polygon POINTS="693 1869 746 1876 744 1844 740 1808 688 1802 692 1848 693 1869"/></Shape>
            <String CONTENT="y.3" HPOS="688" VPOS="1802" WIDTH="57" HEIGHT="75" WC="0.9979334473609924"/>
          </TextLine>
        </TextBlock>
      </PrintSpace>
    </Page>
  </Layout>
</alto>
