1500 2172
378 156 300 40 CARVT III.

897 142 78 64 160

100 184 874 68 beri debuerunt, maximè futuris paſtoribus. Cur

99 240 876 63 autem diſertè iſtud commemorare oportuerit ra¬

100 290 870 62 tio eſt, tum ludæorum receptus & vulgaris iam

99 336 870 64 mos, vt docet Chryſoſtom. qui ſibi plures ſimul

104 386 867 62 vxores ſumebant: tum communis omnium penè

102 438 867 60 populorum, imprimis autem Græcorum & O¬

99 483 872 63 rientalium opinio, barbara quidem, ſed tamen

96 531 870 66 iam confirmata: qui id minimé turpe putabant,

96 580 873 63 maximè ſi priori vxori repudij libellus etiam

94 628 874 62 ſine cauſa miſſus eſſet. Nam & Diogenes Laert.

98 678 874 64 ſcribit in Socrate id præceptum fuiſſe & edictũ

94 728 874 62 Athenis, vt duas vxores vir quiſque haberet: &

98 783 872 56 Socrat. lib.4. cap.32. tradit eandem legem etiam

98 825 868 54 à Valentinia.3. imperatore Romano repetitam

96 873 873 64 fuiſſe & ſancitam, tam leue peccatum habebatur

98 926 225 52 Polygamia.

140 962 830 70 Epiphan.in lib. Hæreſ. de Cataphrygib. agens

104 1016 862 60 putat ad Chriſti ſummi Sacerdotis imitationem,

93 1064 876 64 cuius imaginẽ gerunt Eccleſiæ doctores, iſtud à

98 1112 872 60 Paulo præcipi. Nã quemadmodũ habet Chriſtus

96 1162 872 60 vnã tãtùm Eccleſiã:ſic Epiſcopus ait vnã tantùm

99 1209 866 68 vxorem habere debet. Auguſtinus lib. de Bono

94 1263 872 62 coniugali cap.18. vnitatem Gentium nomine v¬

92 1308 873 64 nius vxoris ſignificari ait, Ineptè certè, pace tan¬

98 1359 870 63 torum virorum dictum ſit, vtrique. Ergo procul¬

93 1406 874 64 dubio Epiſcopos, Preſbyteros, & Diaconos con¬

92 1455 874 64 iuges habuit vetus Eccleſia & proxima Apoſto¬

92 1504 874 62 lorum temporibus ætas, vt apparet ex Hiſtoria

90 1548 872 68 Eccleſiaſtica: imprimiſque Euſeb. lib. 6. cap.42.

92 1599 873 66 Socrat. Scholaſt.lib5.cap. 22. Sed & ex ipſis quo¬

92 1648 870 66 que Papiſtarum canonibus & decreto Gratiani.

92 1695 870 66 Sed & Auguſt. cùm ſcribit ad Paulinum Nolæ

88 1746 873 88 Epiſcopum Tarracaſiæ quoque ipſius vxoris me¬
