1500 2172
537 140 86 38 651

686 122 562 50 AD I. TAVL. ADTIM.

526 165 868 69 quæſtui Paul. Α’υτάρκειαν. Quæ vox quid ſignificet

532 219 858 60 quęſitũ eſt. Alij enim eam ad animũ noſtrum re¬

525 268 864 58 ferunt: alij ad res, quibus vitæ huius corporeæ in¬

524 315 866 62 firmitas & conditio eget. Certè non eſt hæc Pau¬

524 363 864 63 li mens, vt dicat, ſi omnia nobis affatim primùm

524 411 861 64 ſuppetant, poſteáque acceſſerit ad immenſam o¬

526 460 861 64 pum vim Dei metus, nos tunc contentos eſſe

526 512 789 62 oportere, & magnum prouentum habere.

524 556 861 64 Pietatem enim opibus terrenis, tanquam acceſ¬

524 609 861 62 ſionem quandam, adderet & ſubiiceret. Neque

522 656 862 62 certè hæc eſſet vlla pietatis laus, ſi cùm omnia

519 702 862 63 neceſſaria adſunt, contenta eſſe diceretur. Ex quo

519 752 864 63 fit, vt ἀυτόρκειαν hîc minimè accipiam, pro rebus

520 801 861 62 omnibus, quæ ſunt nobis ad victum neceſſariæ,

524 849 855 63 quas cumulatas nobis eſſe oporteat, priuſquam

522 894 860 64 in Chriſtianis Pietas magnus prouentus dici

519 944 858 64 poſsit. Sed ſumo ἀυτέρκοιαν primùm pro ipſo ho¬

518 994 861 56 minis pij animo, qui ſua ſorte contentus & lætus

516 1042 862 63 eſt, quantumuis exiguum poſsidet, multáque illi

518 1090 861 62 etiam de rebus ad victum neceſſarijs deeſſe vi¬

514 1138 862 60 deantur. Supplet enim illa omnia pietas ipſa ani¬

516 1188 860 62 mi tranquillitate, & ſpe in Deum, cuius volunta¬

514 1234 861 64 ti acquieſcit qui verè eſt pius. Deinde ſumo ἀυ¬

518 1284 855 66 τάρκειαν pro ea opum menſura, quam Dominus

513 1334 858 63 dat cuique noſtrum, quæ ſemper ſatis nobis eſſe

512 1382 858 64 & debet & poteſt, quia ſi quid præter eam opus

512 1428 860 68 erit, Dominus ſuggeret. Nam & contenti eſſe

512 1478 856 64 debemus ijs, quæ in diem ad victum & veſtitum

510 1524 856 62 ſuppeditat Dominus ipſe, non autem inſudare

508 1572 856 68 opibus augendis, de craſtino ſolliciti eſſe, ſtudio

501 1618 862 72 inexplebili acquirendi torqueri,, opibúſque

502 1671 861 75 cumulandis inhiare, & amore, vt ait ille, habendi

500 1718 189 86 ſeneſcere.

1257 1750 102 90 Inde
