1500 2172
698 134 584 68 AD I. PAVL. AD TIM.

566 159 112 48 345

554 182 870 80 emplar, vt ipſe cum Petro 1.epiſt. cap.5. loquitur

554 234 867 75 eſſe debeant. Ac primum ſummatim quidem in¬

554 285 864 78 quit, ἐν λόγο id eſt, Verbis ſiue dictis, ἐν ἀναςροφη

555 333 870 78 id eſt, Conuerſatione & factis, toti gregi præluce¬

558 382 867 75 re paſtorem oportere. Poſtea verò quaſdam vir¬

561 430 866 76 tutes addit, ex quibus diſtinctius hæc duo paran¬

560 480 868 75 tur & docentur: & tum vitæ, tum ipſius linguæ

560 526 868 76 vera reformatio oritur, tanquam ex ipſis fonti¬

560 573 866 80 bus. Obiter dixerim hoc genus dicẽdi eſſe ἀσόνθε¬

561 628 867 70 τον, quod maiorem vim habet, & facit, vt ſingula

561 674 866 78 diligentius perpendantur à nobis. Ergo inter

562 724 867 74 cas virtutes præcipuè commemorat Paulus, Cha¬

560 768 870 76 ritatem, cui ſubiicit Spiritum ſiue zelum. Cha¬

558 816 873 80 ritas autem hîc tum ea, quæ in Deum, tum in pro¬

562 866 868 74 ximum eſt, ſignificatur, cui ſubſeruire debet ſpi¬

561 916 870 76 ritus ipſe, id eſt, feruor animi: atque illa etiam do¬

561 968 870 72 na, quæ Dominus cuique fidelium donat & con¬

564 1011 867 80 cedit, charitati ancillari oportet. Deinde addit,

562 1059 872 72 charitati ſuum fontem, nempe Fidem, cui ſubiicit

567 1110 867 74 Puritatem ſiue Caſtitatem. Ergo fides hæc non

567 1156 867 78 tantùm eſt doctrina, vel cognitio: ſed etiam ipſa

568 1208 866 74 in Dei promiſsiones per Chriſtum acquieſcens

568 1257 867 72 aſſenſio & voluntas, quæ parit ex ſe tanquam v¬

568 1304 868 72 berrimum fructum ἁγνείαν, id eſt, caſtitatem. Hæc

570 1358 867 68 autem caſtitas non tantùm abſtinet alieno thoro,

572 1402 864 68 & libidine laſciua: ſed omni vitæ impuritate, quæ

573 1449 862 69 Chriſtianæ ſanctitati contraria eſt. Ex his igitur

573 1497 866 75 quatuor fontibus penè omnis vitæ fanctitas re¬

573 1546 870 75 formatio & exemplum naſcitur. Ergo vanæ illæ

576 1593 864 76 Epiſcoporum commendationes ex inſulis, lituo

576 1641 862 72 ſiue pedo chirothecis, annulis, cothurnis, ſanda¬

574 1690 862 74 liis, & cæteris huiuſmodi nugis faceſſant, quæ in

1276 1788 160 69 inſignia,

579 1738 858 94 Papatu, tamen tanquam certiſſima Epiſcopatus
