1500 2172
336 166 326 32 CARVT IIII.

870 135 80 64 314

80 195 876 66 qua nos exerceri, & operam ponere vellet: non

78 252 874 57 etiam externarum vllarum cæremoniarum, quas

76 296 876 62 tantopere homines tamen laudant & admiran¬

78 345 874 62 tur. Reſpond. Paulus, illam vnam pietatem vtilẽ

78 393 872 54 eſſe tum in ſeſe, tum aliarum exercitationum &

80 441 870 64 operum, quæ homines conſectantur, ratione &

81 494 280 58 comparatione.

126 536 826 60 Apparet verò tum ex hoc loco, tum etiam ex

80 582 872 64 epiſtola ad Coloſſ2.iam ætate Pauli plus ſatis ex¬

80 633 873 62 ternæ illi vitæ rationi & auſteritati homines etiã,

80 680 874 69 qui Chriſtum profitebantur, tribuiſſe, illíque ad¬

78 730 873 63 dictos fuiſſe. Quod ex eo profectum videri po¬

80 778 872 66 teſt, primùm quod fermentum illud Phariſæo¬

76 830 876 62 rum, quod tamen toties Chriſtus reprehenderat,

78 876 874 68 iam inualuerat apud pleroſque, quemadmodum

78 926 873 62 ex quorundam animis falſa illa de rituum Papi¬

76 974 873 58 ſticorum, & habitus monachalis ſanctitate per¬

80 1020 872 68 ſuaſio euelli hodie non poteſtMMatth.23. Deinde

80 1072 870 63 hæc hæreſeun & ſuperſtitionum ſemina, quæ po¬

78 1119 872 60 ſtea creuerunt, & Papiſmum & Monachiſmum

80 1168 868 68 penitus, vti fœtus infeliciſsimos, pepererunt, à

80 1215 870 68 Sathana iaciebantur, & ſerebãtur in animis Chri¬

78 1266 872 64 ſtianorum hominum, id eſt, myſterium iniquita¬

78 1314 872 66 tis iã agebatur vt docet Paulus 2. Theſſ.2. Deni¬

80 1368 870 60 que quod humanum ingenium vti ſuapte natura

81 1414 868 56 vanũ eſt ita vanarum rerũ amans eſt & auidum,

81 1460 867 68 quales ſunt omnes illæ externæ cultus Dei vel vi¬

80 1508 872 66 tæ ſanctitatis ſpecies. Itaque maturè tantæ huic

82 1556 868 69 veræ fidei & religionis peſti occurrere voluit

80 1605 870 68 Dei ſpiritus: ſed propterea tamen non eſt exciſa

80 1654 867 64 tanti, támq; noxij mali radix: ſed ſtatim in Eccle¬

80 1702 866 66 ſia pullulauit, primùm per Nicolaitas, & Ebio¬

80 1755 864 76 næos: deinde per Gnoſticos, denique per Mona¬
