1500 2172
543 138 734 51 402 AD I. PAVL. AD TIM.

537 178 862 72 pijs Chriſtianis data non priuat excommunica¬

534 234 867 63 tio excommunicatũ, qualis eſt donũ linguarum,

536 284 866 57 ſanationum, & alia huiuſmodi. Vnde priuantur

537 333 866 54 excommunicati vſu Sacramentorum, Cœnæ, &

538 378 864 66 Baptiſmi, ſi non fuerint adhuc baptizati, quan¬

538 429 862 60 quam nondum baptizatos excommunicari mo¬

536 474 862 62 ris non fuit, quia nondũin Eccleſia eſſe huiuſmo¬

537 526 864 57 di cenſentur. i. qui baptiz ati nõ ſunt, etſi iam Ca¬

537 574 862 60 techumeni fuerunt, & tempus catecheſeos im¬

537 634 866 50 prouorantllaguiuauanovride Geneſi ad liter.

537 670 862 58 cap. 4o. Solent, ait, in hoc paradiſo, id eſt, Eccle¬

537 722 860 56 ſia à Sacramentis altaris viſibilibus homines ex¬

537 771 864 51 communicati diſciplina Eccleſiaſtica remoueri.

582 819 818 51 De filio excommunicati quæritur, vtrum ba¬

540 868 856 57 ptizari poſſit, ſi pater maneat obſtinatus, neque

537 912 861 60 ſatagat & curet Eccleſiæ reconciliari. Reſpon.

537 962 864 62 Etſi dubia & agitata fuit hæc quæſtio, in qua in

537 1011 864 58 diuerſas alij ab alijs ſententias iuerunt, ex Augu¬

536 1054 866 66 ſtino tamẽ lib.2. de Adulter. coniugijs & lib.con¬

537 1110 864 62 tra Parmenia. ſatis intelligitur etiam eſſe bapti¬

540 1156 860 63 zandos excommunicatorum filios, quia filius nõ

543 1208 855 62 debet portare iniquitatem patris: & in ipſo ex¬

538 1257 860 60 communicato baptiſmi character nõ eſt per ex¬

537 1304 864 58 communicationem deletus, etſi vis eius nulla eſt

537 1352 861 60 in excommunicato, quandiu quidem in ſuo ſce¬

537 1396 860 64 lere manet obſtinatus. Vide de hac quæſt. Cal.

540 1449 860 60 epi. 136. & Bezæ epi.1o. Sed quæſitum eſt, vtrum

537 1497 858 60 excommunicatio arceat excommunicatum ipſo

536 1542 860 57 ingreſſu & aditu Eccleſiæ, vt is ne in cœtum qui¬

538 1592 855 62 dem admitti debeat, vt audiat Dei verbum. Pu¬

534 1640 867 62 tant Scholaſtici arcendum, adeò vt in regno in¬

530 1688 866 62 terdicto iuſtè nolint ſacral fieri & celebrari

528 1736 866 66 publicè & aſſa voce. Irenæus lib.2. cap.4. ſcribit

525 1788 864 69 Cerdonem hæreticum, poſtquam excommuni¬

1278 148 27 32 1-
