1500 2172
554 165 96 34 312

720 141 562 60 AD I. PAVL. AD TIM.

549 192 870 66 chos, per quos tandem vis & authoritas huius tã

549 252 870 62 lacrolanetr t'aui præcepti, non tantùm eluſa, ſed

549 296 620 60 abrogata & prorſus antiquata eſt.

600 342 819 62 Quæſitum autem eſt, Quid corporalis exerci¬

549 392 870 64 tationis nomine complectatur Paulus. Putat

552 438 867 66 Chryſoſtom. corporis agitarionem, quæ ſanitati

549 494 868 56 conferat, ſignificari, qualis eſt venario, ludus, foſ¬

549 538 870 56 ſio, aut quæ exercitamenta iubentur à Medicis

549 586 868 57 ad ſuperfluos corporis humores conſumendos

549 636 868 58 fieri. Rationem addit ille, quòd corporis exerci¬

548 684 870 57 tationem cum ea, quæ animi eſt, & ſpiritualis,

549 734 870 57 confert, vt hanc vtilem: illam nullius momenti

548 777 872 57 homini Chriſtiano eſſe doceat. falſa eſt hæc in

549 828 870 63 terpretatio. Nam non agit medicum Paulus, ſed

554 874 866 64 Theologum: Et vt ſupra cùm de cibis agebat, de

549 924 870 63 ijs eatenus diſputauit, quatenus ad conſcientiæ

548 976 872 58 tranquillitatem pertinere cenſebantur, non au¬

546 1022 873 63 tem ad corporis valetudinem: ſic hoc loco de ex¬

546 1071 873 63 ercitatione corporis diſſerens eam intelligit, in

549 1119 873 64 qua cultus Dei & noſtræ ſanctitatis pars quædã

549 1172 870 62 conſtituitur, quoniam in rebus externis eam

549 1224 406 56 homines collocabant.

602 1263 818 68 Eſt igitur exercitatio iſta, de qua nunc agit

550 1314 868 63 Paulus, alia, quam cenſet Chryſoſtomus, & eſt ea,

550 1364 868 63 per quam carnis mortificatio, vitæ ſanctitas, &

550 1412 868 60 externa quædam pietatis cultúſque Dei profeſſio

550 1460 868 63 demonſtrari videtur inter homines, qualis quæ

550 1506 868 63 in ieiuniis & afflictione magna corporis verſatur.

552 1558 867 62 Hæc tamen dicitur per contemptum σωματικὴ, ne

552 1604 867 62 per eam animus verè reformari cenſeatur.

550 1650 870 66 aut quiſquam reipſa propterea religioſior ſapiẽ¬

554 1701 868 57 riórque fieri iudicetur: cùm tota vis & effectus

550 1748 873 72 iſtarum rerum circa corporis tantùm maceratio¬

1328 1802 98 66 nem
