<?xml version='1.0' encoding='UTF-8'?>
<alto xmlns:xsi="http://www.w3.org/2001/XMLSchema-instance" xmlns="http://www.loc.gov/standards/alto/ns-v4#" xsi:schemaLocation="http://www.loc.gov/standards/alto/ns-v4# http://www.loc.gov/standards/alto/v4/alto-4-2.xsd">
  <Description>
    <MeasurementUnit>pixel</MeasurementUnit>
    <sourceImageInformation>
      <fileName>2013332.jpeg</fileName>
    </sourceImageInformation>
  </Description>
  <Tags>
    <OtherTag ID="BT7" LABEL="CustomZone" DESCRIPTION="block type CustomZone"/><OtherTag ID="BT8" LABEL="DamageZone" DESCRIPTION="block type DamageZone"/><OtherTag ID="BT9" LABEL="DigitizationArtefactZone" DESCRIPTION="block type DigitizationArtefactZone"/><OtherTag ID="BT10" LABEL="DropCapitalZone" DESCRIPTION="block type DropCapitalZone"/><OtherTag ID="BT11" LABEL="GraphicZone" DESCRIPTION="block type GraphicZone"/><OtherTag ID="BT12" LABEL="MainZone" DESCRIPTION="block type MainZone"/><OtherTag ID="BT13" LABEL="MarginTextZone" DESCRIPTION="block type MarginTextZone"/><OtherTag ID="BT14" LABEL="MusicZone" DESCRIPTION="block type MusicZone"/><OtherTag ID="BT15" LABEL="NumberingZone" DESCRIPTION="block type NumberingZone"/><OtherTag ID="BT17" LABEL="QuireMarksZone" DESCRIPTION="block type QuireMarksZone"/><OtherTag ID="BT18" LABEL="RunningTitleZone" DESCRIPTION="block type RunningTitleZone"/><OtherTag ID="BT19" LABEL="SealZone" DESCRIPTION="block type SealZone"/><OtherTag ID="BT20" LABEL="StampZone" DESCRIPTION="block type StampZone"/><OtherTag ID="BT21" LABEL="TableZone" DESCRIPTION="block type TableZone"/><OtherTag ID="BT22" LABEL="TitlePageZone" DESCRIPTION="block type TitlePageZone"/><OtherTag ID="BT3407" LABEL="MainZone-Continued" DESCRIPTION="block type MainZone-Continued"/><OtherTag ID="BT3408" LABEL="MainZone-P" DESCRIPTION="block type MainZone-P"/><OtherTag ID="BT3409" LABEL="MainZone-Head" DESCRIPTION="block type MainZone-Head"/><OtherTag ID="BT3410" LABEL="MainZone-Other" DESCRIPTION="block type MainZone-Other"/><OtherTag ID="BT3411" LABEL="MainZone-Sp" DESCRIPTION="block type MainZone-Sp"/><OtherTag ID="BT3417" LABEL="MainZone-Sp-Continued" DESCRIPTION="block type MainZone-Sp-Continued"/><OtherTag ID="BT3418" LABEL="GraphicZone-Decoration" DESCRIPTION="block type GraphicZone-Decoration"/><OtherTag ID="BT3419" LABEL="MainZone-Entry" DESCRIPTION="block type MainZone-Entry"/><OtherTag ID="BT3420" LABEL="MainZone-Lg" DESCRIPTION="block type MainZone-Lg"/><OtherTag ID="BT3421" LABEL="MainZone-Entry-Continued" DESCRIPTION="block type MainZone-Entry-Continued"/><OtherTag ID="BT3422" LABEL="MarginTextZone-ManuscriptAddendum" DESCRIPTION="block type MarginTextZone-ManuscriptAddendum"/><OtherTag ID="BT3423" LABEL="MainZone-List" DESCRIPTION="block type MainZone-List"/>
    <OtherTag ID="LT7" LABEL="CustomLine" DESCRIPTION="line type CustomLine"/><OtherTag ID="LT8" LABEL="DefaultLine" DESCRIPTION="line type DefaultLine"/><OtherTag ID="LT9" LABEL="DropCapitalLine" DESCRIPTION="line type DropCapitalLine"/><OtherTag ID="LT10" LABEL="HeadingLine" DESCRIPTION="line type HeadingLine"/><OtherTag ID="LT11" LABEL="InterlinearLine" DESCRIPTION="line type InterlinearLine"/><OtherTag ID="LT12" LABEL="MusicLine" DESCRIPTION="line type MusicLine"/>
  </Tags>
  <Layout>
    <Page WIDTH="1500" HEIGHT="2172" PHYSICAL_IMG_NR="328" ID="eSc_dummypage_">
      <PrintSpace HPOS="0" VPOS="0" WIDTH="1500" HEIGHT="2172">
        <TextBlock HPOS="553" VPOS="138" WIDTH="78" HEIGHT="48" ID="block_1" TAGREFS="BT15">
          <Shape><Polygon POINTS="553 138 631 138 631 186 553 186 553 138"/></Shape>
          <TextLine ID="line_1" TAGREFS="LT8" BASELINE="552 171 652 166" HPOS="549" VPOS="120" WIDTH="104" HEIGHT="80">
            <Shape><Polygon POINTS="552 171 552 195 584 200 585 200 652 183 652 166 650 123 549 120 552 171"/></Shape>
            <String CONTENT="630" HPOS="549" VPOS="120" WIDTH="104" HEIGHT="80" WC="0.9999981721242269"/>
          </TextLine>
        </TextBlock>
        <TextBlock HPOS="735" VPOS="120" WIDTH="548" HEIGHT="53" ID="block_2" TAGREFS="BT18">
          <Shape><Polygon POINTS="735 120 1283 120 1283 173 735 173 735 120"/></Shape>
          <TextLine ID="line_2" TAGREFS="LT8" BASELINE="726 166 1282 154" HPOS="724" VPOS="111" WIDTH="558" HEIGHT="74">
            <Shape><Polygon POINTS="726 166 726 184 770 177 806 184 807 184 808 184 808 184 810 184 850 172 856 178 858 178 858 178 860 178 861 178 862 178 862 178 868 172 958 178 960 178 990 172 1024 180 1030 180 1030 180 1032 180 1035 178 1054 171 1110 178 1110 178 1112 178 1113 178 1114 178 1131 166 1160 166 1179 177 1179 177 1180 177 1282 174 1282 154 1280 118 1218 120 1215 118 1209 111 1209 111 1208 111 1206 111 1166 111 1166 111 1164 111 1137 118 1130 122 1120 118 1102 114 1101 114 1100 114 1098 114 1084 118 1074 123 1035 118 970 114 969 114 888 120 777 129 759 120 756 118 754 118 753 118 724 120 726 166"/></Shape>
            <String CONTENT="AD I. PAVL. AD TIM." HPOS="724" VPOS="111" WIDTH="558" HEIGHT="74" WC="0.9994787197364005"/>
          </TextLine>
        </TextBlock>
        <TextBlock HPOS="556" VPOS="382" WIDTH="872" HEIGHT="490" ID="block_3" TAGREFS="BT3408">
          <Shape><Polygon POINTS="556 382 1428 382 1428 872 556 872 556 382"/></Shape>
          <TextLine ID="line_3" TAGREFS="LT8" BASELINE="555 424 882 414 1420 408" HPOS="555" VPOS="369" WIDTH="866" HEIGHT="69">
            <Shape><Polygon POINTS="555 424 555 438 670 438 672 438 672 438 678 436 692 430 748 435 777 438 777 438 795 435 826 430 840 435 846 436 848 436 849 436 885 435 886 435 888 435 888 434 896 426 1004 424 1062 430 1074 432 1076 432 1086 430 1126 424 1146 430 1149 430 1150 430 1152 430 1176 430 1318 420 1328 426 1329 426 1330 426 1332 428 1420 428 1420 408 1419 378 1299 372 1298 372 1296 372 1276 378 1262 369 1260 369 1227 369 1227 369 1226 369 1202 376 1173 370 1172 370 1172 370 1156 378 1149 382 956 384 944 380 930 375 928 375 927 375 878 380 814 387 746 381 716 378 714 378 698 381 652 388 639 381 638 380 636 380 634 380 634 380 622 381 586 387 555 382 555 424"/></Shape>
            <String CONTENT="Reſpond. Earum quidem rerum ratione, quarum" HPOS="555" VPOS="369" WIDTH="866" HEIGHT="69" WC="0.9992980458015619"/>
          </TextLine>
          <TextLine ID="line_4" TAGREFS="LT8" BASELINE="555 471 1419 456" HPOS="555" VPOS="416" WIDTH="864" HEIGHT="70">
            <Shape><Polygon POINTS="555 471 555 486 681 486 681 484 682 484 688 482 698 477 708 482 711 483 712 483 714 483 746 480 800 476 820 480 838 482 840 482 861 478 873 476 960 476 1112 476 1113 476 1140 471 1154 470 1164 471 1197 476 1198 476 1269 468 1275 468 1282 468 1401 472 1401 472 1402 472 1419 465 1419 456 1416 424 1370 416 1370 416 1294 424 1282 417 1281 417 1280 417 1278 417 1200 418 1198 418 1180 428 987 422 986 422 984 422 982 422 982 423 972 432 950 432 915 423 914 423 914 423 912 423 879 432 852 424 850 424 850 424 849 424 820 434 708 430 706 430 626 438 573 429 573 429 572 429 555 438 555 471"/></Shape>
            <String CONTENT="fratres &amp; κοινωνοι ſunt, ſublatum eſt diſcrimen" HPOS="555" VPOS="416" WIDTH="864" HEIGHT="70" WC="0.9951735291075199"/>
          </TextLine>
          <TextLine ID="line_5" TAGREFS="LT8" BASELINE="555 519 1425 506" HPOS="555" VPOS="465" WIDTH="870" HEIGHT="74">
            <Shape><Polygon POINTS="555 519 555 538 588 532 620 537 622 537 624 537 626 537 627 537 648 530 675 536 678 536 678 536 680 536 686 536 711 530 792 532 843 534 844 534 861 530 882 526 898 530 915 532 916 532 918 532 920 532 922 530 927 525 932 530 934 531 936 531 938 531 938 531 962 528 993 524 1083 524 1194 526 1196 526 1197 526 1209 520 1214 519 1216 520 1233 526 1234 526 1234 526 1278 519 1286 518 1292 519 1329 525 1330 525 1425 514 1425 506 1422 465 1358 465 1356 465 1354 465 1353 465 1352 466 1342 474 1314 468 1308 466 1308 466 1306 466 1305 466 1300 468 1278 477 1260 468 1258 468 1258 468 1257 468 1256 468 1254 468 1254 470 1245 478 1134 480 1094 474 1062 470 1060 470 1060 470 1047 476 1035 482 915 484 873 484 870 480 861 474 860 474 858 474 858 474 856 474 826 482 825 482 824 482 786 474 784 474 783 474 758 484 752 486 734 484 648 477 646 477 555 489 555 519"/></Shape>
            <String CONTENT="inter ſeruos &amp; dominos: reliquarum autem re¬" HPOS="555" VPOS="465" WIDTH="870" HEIGHT="74" WC="0.9983738254417073"/>
          </TextLine>
          <TextLine ID="line_6" TAGREFS="LT8" BASELINE="556 568 1424 555" HPOS="555" VPOS="514" WIDTH="868" HEIGHT="70">
            <Shape><Polygon POINTS="556 568 556 579 690 585 690 585 692 585 705 579 706 579 710 579 754 585 756 585 758 585 771 579 774 576 790 578 840 584 842 584 843 584 844 584 854 578 856 576 878 578 966 580 968 580 969 580 990 574 1004 573 1054 574 1132 579 1134 579 1158 573 1174 570 1184 573 1190 576 1191 576 1191 576 1192 576 1203 573 1218 568 1420 570 1424 555 1419 514 1302 516 1300 516 1296 518 1276 524 1268 518 1266 518 1264 518 1264 518 1263 518 1262 518 1260 518 1258 518 1248 525 1221 519 1206 518 1204 518 1179 520 1131 530 1080 530 1074 524 1070 519 1068 519 1066 519 1066 519 1065 519 1054 524 1042 530 1016 530 1011 525 1005 520 1004 520 1002 520 1000 520 999 520 981 526 964 530 940 528 904 524 903 524 852 530 828 532 789 531 656 526 654 526 654 526 652 526 639 536 598 530 597 530 555 537 556 568"/></Shape>
            <String CONTENT="rũ reſpectu, non itẽ, quales ſunt politia humana," HPOS="555" VPOS="514" WIDTH="868" HEIGHT="70" WC="0.9885564750316096"/>
          </TextLine>
          <TextLine ID="line_7" TAGREFS="LT8" BASELINE="561 616 1422 604" HPOS="560" VPOS="566" WIDTH="862" HEIGHT="72">
            <Shape><Polygon POINTS="561 616 561 628 638 638 639 638 678 628 746 634 746 634 747 634 748 634 758 628 758 627 800 626 824 628 868 632 870 632 894 627 909 624 914 627 920 632 920 633 920 633 921 633 922 634 942 634 942 633 944 633 944 633 944 632 950 627 956 622 978 627 1010 632 1011 632 1108 630 1110 630 1110 630 1110 628 1114 627 1120 621 1136 626 1143 628 1144 628 1146 628 1148 628 1155 626 1162 622 1167 626 1172 628 1173 628 1174 628 1176 628 1178 628 1184 626 1196 620 1215 626 1215 626 1216 626 1220 626 1264 618 1280 626 1282 627 1282 627 1284 628 1340 628 1340 627 1341 627 1346 626 1362 620 1420 624 1422 604 1419 567 1270 566 1269 566 1268 566 1256 572 1244 579 1191 579 1182 573 1172 568 1172 568 1170 568 1168 568 1167 568 1167 570 1162 573 1156 579 1107 579 1062 576 1029 573 1028 573 1026 573 1024 573 1022 578 1017 580 1002 578 969 570 968 570 966 570 942 579 933 582 921 579 894 574 894 574 892 574 878 580 870 584 844 582 734 573 732 573 730 573 705 585 696 578 694 578 693 578 692 578 654 585 642 578 640 578 640 578 639 578 638 578 636 578 624 586 586 578 585 578 585 578 584 578 560 586 561 616"/></Shape>
            <String CONTENT="corporum ſexus, æquales vires, dotes ingenij," HPOS="560" VPOS="566" WIDTH="862" HEIGHT="72" WC="0.992236524158054"/>
          </TextLine>
          <TextLine ID="line_8" TAGREFS="LT8" BASELINE="556 666 1425 651" HPOS="555" VPOS="612" WIDTH="870" HEIGHT="66">
            <Shape><Polygon POINTS="556 666 556 676 834 678 836 678 870 672 872 672 874 672 951 678 952 678 954 678 981 669 981 669 982 669 999 678 1000 678 1002 678 1046 676 1047 676 1048 676 1059 669 1086 676 1088 676 1089 676 1156 666 1222 674 1224 674 1260 666 1274 672 1275 672 1276 672 1276 672 1278 672 1292 664 1332 664 1353 672 1354 672 1356 672 1358 672 1358 672 1371 663 1424 660 1425 651 1422 622 1353 612 1352 612 1352 612 1350 612 1350 614 1340 622 1340 622 1311 615 1310 615 1308 615 1308 615 1306 615 1294 624 1245 624 1222 615 1221 615 1221 615 1152 627 1146 627 1142 627 1078 620 1077 620 1076 620 1074 620 1065 628 1064 628 1018 628 1017 628 1002 620 1000 620 999 620 954 620 952 620 951 620 950 620 932 630 932 630 886 621 885 621 884 621 882 621 870 632 868 632 831 622 830 622 828 622 826 622 826 622 813 633 812 633 807 633 702 624 700 624 699 624 657 634 656 634 654 634 568 630 567 630 567 630 555 634 556 666"/></Shape>
            <String CONTENT="externa bona &amp; dignitas, quæ omnia &amp; reli¬" HPOS="555" VPOS="612" WIDTH="870" HEIGHT="66" WC="0.9897641312508356"/>
          </TextLine>
          <TextLine ID="line_9" TAGREFS="LT8" BASELINE="556 714 1424 699" HPOS="555" VPOS="669" WIDTH="868" HEIGHT="64">
            <Shape><Polygon POINTS="1148 699 1136 699 1122 699 1110 699 1098 699 1086 699 1074 699 1062 699 1050 699 1038 699 1026 699 1014 699 1002 699 990 699 978 699 966 699 954 699 942 699 930 699 918 699 906 699 894 699 882 699 870 699 858 699 844 699 832 699 820 699 808 699 796 699 784 699 772 699 760 699 748 699 736 699 724 699 712 699 700 699 688 699 676 699 664 699 652 699 640 699 628 699 616 699 604 699 592 699 579 699 567 699 555 699 556 714 556 729 591 734 592 734 615 728 634 724 650 728 664 732 666 732 666 732 694 728 716 723 735 726 760 729 762 729 764 729 765 729 770 726 774 722 843 723 981 728 981 728 1042 720 1066 724 1068 724 1070 724 1071 724 1080 718 1082 718 1116 724 1118 724 1263 714 1276 714 1282 714 1342 722 1344 722 1346 722 1346 722 1346 720 1354 712 1354 711 1424 710 1424 699 1419 669 1185 672 1185 672 1167 678 1150 682 1148 699"/></Shape>
            <String CONTENT="qua ijs fia laiua manet, &amp; ditincta atq; etiã" HPOS="555" VPOS="669" WIDTH="868" HEIGHT="64" WC="0.9598641512186631"/>
          </TextLine>
          <TextLine ID="line_10" TAGREFS="LT8" BASELINE="561 765 1426 752" HPOS="560" VPOS="710" WIDTH="867" HEIGHT="74">
            <Shape><Polygon POINTS="561 765 561 783 634 776 680 776 686 780 688 783 690 783 690 783 692 783 765 782 765 782 778 777 796 772 818 777 838 780 840 780 842 780 854 776 866 771 892 774 920 777 920 777 970 772 1008 770 1036 771 1082 774 1083 774 1084 774 1086 774 1092 770 1095 768 1098 770 1110 776 1110 776 1112 776 1182 774 1184 774 1206 766 1209 765 1210 766 1218 772 1220 772 1221 772 1221 774 1256 774 1256 772 1257 772 1280 765 1282 765 1286 765 1324 771 1326 771 1326 771 1354 764 1356 764 1401 771 1402 771 1404 771 1426 760 1426 752 1425 716 1353 710 1352 710 1352 710 1350 710 1340 716 1330 723 1306 723 1296 717 1282 711 1282 711 1281 711 1258 712 1258 712 1257 712 1250 718 1244 724 1161 724 1156 722 1148 714 1148 714 1146 714 1144 714 1086 716 1086 716 1070 723 1060 728 988 728 980 726 962 720 960 720 958 720 957 720 930 728 918 729 906 728 864 718 862 718 861 718 831 729 826 732 798 732 795 730 778 720 777 720 777 720 776 720 724 722 723 722 698 734 694 734 560 735 561 765"/></Shape>
            <String CONTENT="inter ipſiſſimos &amp; germanos fratres diuerſa &amp;" HPOS="560" VPOS="710" WIDTH="867" HEIGHT="74" WC="0.9853262305259705"/>
          </TextLine>
          <TextLine ID="line_11" TAGREFS="LT8" BASELINE="561 812 1426 796" HPOS="560" VPOS="759" WIDTH="867" HEIGHT="69">
            <Shape><Polygon POINTS="561 812 561 822 626 828 627 828 628 828 640 822 684 826 686 826 687 826 706 820 708 820 710 820 742 826 744 826 782 820 784 820 794 820 920 824 921 824 1426 810 1426 796 1424 759 1196 771 1161 765 1138 764 1137 764 1136 764 1136 764 1131 766 1125 771 1112 768 1098 764 1096 764 1095 764 1094 764 1077 768 1062 774 1040 774 1035 770 1029 765 1028 765 1026 765 1024 765 970 771 946 774 933 772 900 766 898 766 897 766 896 766 886 774 884 776 879 774 858 766 858 766 856 766 789 768 789 768 788 768 776 777 772 778 704 778 704 778 690 771 690 771 688 771 687 771 578 771 576 771 560 780 561 812"/></Shape>
            <String CONTENT="diſſimilia, nedum inter ſeruos &amp; dominos. Id" HPOS="560" VPOS="759" WIDTH="867" HEIGHT="69" WC="0.9996189718896692"/>
          </TextLine>
          <TextLine ID="line_12" TAGREFS="LT8" BASELINE="572 860 1132 850" HPOS="570" VPOS="812" WIDTH="562" HEIGHT="68">
            <Shape><Polygon POINTS="572 860 572 879 616 879 618 879 642 870 666 876 668 876 669 876 813 867 832 872 848 876 849 876 850 876 850 876 862 870 868 868 884 870 920 874 920 874 921 874 939 868 946 866 987 867 1104 870 1104 870 1106 870 1132 861 1132 850 1130 824 1064 812 1062 812 945 819 933 814 932 814 932 814 930 814 928 814 918 820 914 816 914 814 912 814 910 814 850 814 850 814 849 814 824 828 682 830 657 819 656 819 654 819 654 819 652 819 634 832 570 832 572 860"/></Shape>
            <String CONTENT="quod rerum experientia docet." HPOS="570" VPOS="812" WIDTH="562" HEIGHT="68" WC="0.9996168654540489"/>
          </TextLine>
        </TextBlock>
        <TextBlock HPOS="563" VPOS="870" WIDTH="876" HEIGHT="979" ID="block_4" TAGREFS="BT3408">
          <Shape><Polygon POINTS="563 870 1439 870 1439 1849 563 1849 563 870"/></Shape>
          <TextLine ID="line_13" TAGREFS="LT8" BASELINE="608 906 1425 896" HPOS="606" VPOS="854" WIDTH="819" HEIGHT="64">
            <Shape><Polygon POINTS="608 906 608 918 1332 915 1425 906 1425 896 1424 862 1402 858 1401 858 1401 858 1389 862 1386 864 1383 862 1364 855 1362 855 1360 855 1312 864 1305 866 1304 864 1290 854 1288 854 1287 854 1286 854 1284 854 1282 854 1270 864 1252 854 1251 854 1250 854 1150 855 1149 855 1126 867 1101 856 1100 856 1098 856 1044 856 1042 856 1028 864 994 856 993 856 993 856 970 870 968 872 945 872 940 870 885 858 884 858 882 858 882 858 864 872 864 872 843 872 718 868 717 868 681 874 678 874 676 874 634 862 633 862 632 862 630 862 606 873 608 906"/></Shape>
            <String CONTENT="Hæc autem ratio &amp; diſtinctio latiſſimè patet." HPOS="606" VPOS="854" WIDTH="819" HEIGHT="64" WC="0.9957843591337618"/>
          </TextLine>
          <TextLine ID="line_14" TAGREFS="LT8" BASELINE="561 957 1430 944" HPOS="561" VPOS="900" WIDTH="868" HEIGHT="74">
            <Shape><Polygon POINTS="561 957 561 974 706 964 849 968 915 968 916 968 918 968 924 964 932 962 1035 962 1197 963 1197 963 1198 963 1200 963 1209 957 1212 956 1221 957 1260 962 1262 962 1263 962 1286 956 1290 956 1296 956 1346 962 1346 962 1430 951 1430 944 1425 900 1276 914 1242 904 1240 904 1240 904 1239 904 1206 915 1065 906 1064 906 1018 916 987 909 987 909 986 909 920 920 894 910 894 910 860 910 858 910 858 910 856 910 844 918 814 912 814 912 813 912 812 912 795 920 724 922 705 912 704 912 704 912 630 926 606 915 604 915 561 915 561 957"/></Shape>
            <String CONTENT="Nam ſiue regimen eccleſiaſticum, ſine Ciuile" HPOS="561" VPOS="900" WIDTH="868" HEIGHT="74" WC="0.9925097281282599"/>
          </TextLine>
          <TextLine ID="line_15" TAGREFS="LT8" BASELINE="561 1006 1431 993" HPOS="561" VPOS="950" WIDTH="870" HEIGHT="74">
            <Shape><Polygon POINTS="561 1006 561 1017 634 1023 634 1023 636 1023 654 1017 658 1017 690 1017 783 1022 784 1022 786 1022 788 1022 795 1017 801 1012 956 1011 990 1016 1012 1017 1014 1017 1036 1016 1070 1011 1430 1011 1431 993 1428 950 1395 956 1371 951 1358 950 1358 950 1356 950 1347 951 1332 957 1293 954 1270 951 1269 951 1268 951 1262 954 1245 963 1192 963 1178 956 1172 956 1172 956 1170 956 1130 957 1035 966 1018 962 998 956 996 956 994 956 940 956 939 956 938 956 932 962 915 956 914 956 914 956 826 957 825 957 824 957 808 968 804 969 716 970 700 969 598 962 598 962 597 962 561 974 561 1006"/></Shape>
            <String CONTENT="cõſiderem9, afferri &amp; dici poterat in eccleſia Dei" HPOS="561" VPOS="950" WIDTH="870" HEIGHT="74" WC="0.9931337646409577"/>
          </TextLine>
          <TextLine ID="line_16" TAGREFS="LT8" BASELINE="561 1053 1430 1042" HPOS="561" VPOS="1000" WIDTH="868" HEIGHT="69">
            <Shape><Polygon POINTS="561 1053 561 1065 640 1070 642 1070 688 1064 698 1062 705 1064 744 1070 746 1070 746 1070 747 1070 759 1062 760 1060 771 1062 801 1066 801 1066 916 1060 946 1059 960 1059 1042 1066 1042 1066 1198 1064 1200 1064 1218 1056 1332 1062 1332 1062 1430 1052 1430 1042 1428 1011 1395 1002 1395 1002 1394 1002 1359 1010 1341 1000 1340 1000 1340 1000 1256 1008 1196 1004 1194 1004 1142 1012 1138 1012 1137 1012 1113 1005 1112 1005 1110 1005 1047 1014 1041 1014 1036 1014 996 1005 994 1005 950 1014 944 1016 933 1016 850 1006 849 1006 798 1008 796 1008 795 1008 784 1017 783 1017 708 1017 704 1017 678 1010 676 1010 675 1010 674 1010 648 1017 642 1020 618 1020 616 1017 609 1011 609 1011 608 1011 606 1011 604 1011 561 1017 561 1053"/></Shape>
            <String CONTENT="Chriſtianos ſubditos &amp; Magiſtratus: Gregem &amp;" HPOS="561" VPOS="1000" WIDTH="868" HEIGHT="69" WC="0.9870490445332094"/>
          </TextLine>
          <TextLine ID="line_17" TAGREFS="LT8" BASELINE="561 1104 1428 1090" HPOS="560" VPOS="1050" WIDTH="868" HEIGHT="72">
            <Shape><Polygon POINTS="561 1104 561 1122 1077 1107 1086 1108 1106 1113 1107 1113 1108 1113 1130 1108 1137 1106 1140 1107 1148 1112 1148 1112 1149 1112 1150 1112 1186 1106 1192 1106 1203 1106 1281 1110 1282 1110 1282 1110 1284 1110 1296 1104 1305 1104 1400 1108 1401 1108 1401 1108 1428 1100 1428 1090 1425 1060 1334 1054 1332 1054 1302 1060 1292 1060 1288 1060 1274 1050 1272 1050 1270 1050 1215 1050 1214 1050 1167 1060 1148 1065 1062 1065 1030 1060 990 1054 988 1054 962 1056 960 1056 958 1056 956 1060 944 1068 882 1068 856 1060 848 1058 846 1058 772 1058 771 1058 756 1060 698 1072 646 1072 632 1060 630 1060 628 1060 628 1060 560 1060 561 1104"/></Shape>
            <String CONTENT="Paſtores eſſe fratres inter ſe, ergò inter eos o¬" HPOS="560" VPOS="1050" WIDTH="868" HEIGHT="72" WC="0.9862477433681488"/>
          </TextLine>
          <TextLine ID="line_18" TAGREFS="LT8" BASELINE="561 1154 1431 1140" HPOS="561" VPOS="1101" WIDTH="870" HEIGHT="64">
            <Shape><Polygon POINTS="561 1154 561 1166 1431 1150 1431 1140 1428 1112 1376 1112 1353 1101 1352 1101 1352 1101 1236 1104 1198 1112 1188 1116 1134 1116 1130 1113 1116 1104 1116 1104 1114 1104 1113 1104 1060 1113 1032 1116 966 1116 962 1113 956 1108 956 1108 954 1108 882 1108 882 1108 880 1108 861 1113 838 1120 762 1120 742 1114 730 1110 729 1110 728 1110 704 1114 656 1122 561 1116 561 1154"/></Shape>
            <String CONTENT="mne perſonarum ſublatum diſcrimen videri, ne¬" HPOS="561" VPOS="1101" WIDTH="870" HEIGHT="64" WC="0.9973802023463779"/>
          </TextLine>
          <TextLine ID="line_19" TAGREFS="LT8" BASELINE="566 1200 1431 1188" HPOS="564" VPOS="1149" WIDTH="867" HEIGHT="70">
            <Shape><Polygon POINTS="566 1200 566 1212 644 1220 645 1220 646 1220 648 1220 657 1212 660 1210 678 1210 795 1216 796 1216 828 1209 836 1209 852 1209 900 1214 900 1214 975 1209 993 1208 998 1208 1014 1214 1016 1214 1017 1214 1018 1214 1036 1208 1042 1206 1048 1208 1076 1214 1077 1214 1078 1214 1092 1208 1098 1204 1116 1206 1170 1212 1172 1212 1220 1204 1227 1203 1431 1203 1431 1188 1428 1149 1320 1160 1287 1154 1276 1150 1275 1150 1256 1154 1232 1156 1220 1154 1208 1152 1206 1152 1204 1152 1203 1152 1202 1154 1197 1160 1184 1155 1172 1152 1172 1152 1170 1152 1168 1152 1161 1155 1148 1162 1082 1164 1018 1164 1011 1160 999 1154 998 1154 996 1154 957 1155 956 1155 956 1155 946 1161 944 1162 942 1161 936 1156 936 1155 934 1155 933 1155 912 1155 910 1155 909 1155 894 1162 890 1164 876 1162 842 1160 840 1160 838 1160 828 1164 822 1166 808 1166 759 1158 759 1158 758 1158 738 1166 734 1167 722 1167 628 1160 627 1160 626 1160 604 1168 585 1161 584 1161 582 1161 580 1161 564 1168 566 1200"/></Shape>
            <String CONTENT="que iam alterum alteri parere oportere: quod" HPOS="564" VPOS="1149" WIDTH="867" HEIGHT="70" WC="0.9875949932770296"/>
          </TextLine>
          <TextLine ID="line_20" TAGREFS="LT8" BASELINE="561 1248 1431 1238" HPOS="561" VPOS="1197" WIDTH="870" HEIGHT="69">
            <Shape><Polygon POINTS="1430 1197 1334 1197 1332 1197 1332 1197 1330 1197 1330 1198 1320 1204 1302 1198 1300 1198 1299 1198 1298 1198 1280 1209 1203 1214 1170 1214 1144 1202 1142 1200 1142 1200 1140 1200 1119 1202 1118 1202 1116 1202 1102 1215 1041 1215 999 1215 986 1203 984 1203 982 1203 981 1203 902 1203 900 1203 900 1203 876 1216 810 1216 795 1208 795 1208 794 1208 792 1208 790 1208 752 1218 710 1212 710 1212 675 1218 658 1208 657 1208 656 1208 618 1208 616 1208 616 1208 615 1208 592 1220 561 1209 561 1248 562 1266 580 1258 590 1264 591 1264 592 1264 592 1264 672 1258 734 1263 752 1264 753 1264 838 1263 838 1263 840 1263 843 1260 852 1256 888 1260 902 1262 903 1262 936 1258 990 1254 1054 1257 1131 1258 1132 1258 1134 1258 1149 1254 1160 1252 1227 1252 1348 1256 1350 1256 1352 1256 1365 1251 1368 1250 1370 1250 1383 1256 1384 1256 1386 1256 1431 1248 1431 1238 1430 1197"/></Shape>
            <String CONTENT="homines ἀναρχικοι &amp; ἀτακιοι vociferantur. Sed re¬" HPOS="561" VPOS="1197" WIDTH="870" HEIGHT="69" WC="0.984598253287521"/>
          </TextLine>
          <TextLine ID="line_21" TAGREFS="LT8" BASELINE="564 1298 1431 1284" HPOS="562" VPOS="1245" WIDTH="868" HEIGHT="69">
            <Shape><Polygon POINTS="564 1298 564 1312 850 1306 858 1308 876 1314 876 1314 878 1314 879 1314 880 1314 890 1308 894 1305 904 1306 936 1312 938 1312 938 1312 954 1306 958 1304 998 1305 1114 1310 1116 1310 1148 1302 1154 1300 1168 1300 1262 1308 1263 1308 1264 1308 1264 1308 1276 1300 1278 1300 1336 1306 1338 1306 1340 1306 1353 1299 1354 1298 1356 1299 1364 1304 1365 1304 1366 1304 1368 1304 1431 1296 1431 1284 1430 1256 1299 1245 1298 1245 1210 1246 1209 1246 1209 1246 1196 1256 1191 1258 1149 1258 1144 1256 1131 1246 1130 1246 1130 1246 1128 1246 1126 1246 1125 1246 1112 1256 1107 1258 1086 1256 1058 1252 1056 1252 1054 1252 1054 1252 1048 1256 1044 1260 981 1260 974 1257 963 1250 962 1250 962 1250 960 1250 888 1251 886 1251 885 1251 885 1252 879 1257 872 1264 810 1264 802 1257 801 1257 801 1257 800 1257 796 1257 766 1264 753 1257 746 1252 744 1252 742 1252 562 1257 564 1298"/></Shape>
            <String CONTENT="ſpondet Paulus ipſe fraternitatis nomẽ differen¬" HPOS="562" VPOS="1245" WIDTH="868" HEIGHT="69" WC="0.9925525577700868"/>
          </TextLine>
          <TextLine ID="line_22" TAGREFS="LT8" BASELINE="564 1344 1431 1334" HPOS="562" VPOS="1296" WIDTH="868" HEIGHT="68">
            <Shape><Polygon POINTS="564 1344 564 1358 724 1364 726 1364 728 1364 728 1364 740 1356 753 1360 753 1360 754 1360 804 1354 808 1354 810 1354 849 1362 850 1362 964 1353 1042 1359 1044 1359 1088 1350 1090 1350 1092 1350 1124 1358 1125 1358 1126 1358 1144 1350 1148 1350 1156 1350 1234 1358 1234 1358 1272 1348 1276 1348 1280 1348 1332 1356 1332 1356 1430 1346 1431 1334 1428 1304 1353 1296 1352 1296 1352 1296 1335 1304 1330 1308 1280 1308 1276 1305 1269 1298 1268 1298 1266 1298 1238 1298 1236 1298 1234 1298 1206 1306 1198 1308 1178 1306 1120 1302 1119 1302 1118 1302 1101 1308 1096 1308 1092 1308 1080 1300 1080 1300 1078 1300 1077 1300 1060 1308 1059 1308 1052 1308 1011 1300 1010 1300 1008 1300 993 1308 990 1310 987 1308 966 1300 964 1300 963 1300 962 1300 962 1300 950 1308 950 1310 948 1308 933 1302 932 1302 932 1302 866 1310 844 1312 826 1311 760 1304 759 1304 759 1304 728 1312 720 1314 714 1312 682 1305 681 1305 680 1305 654 1314 648 1314 562 1314 564 1344"/></Shape>
            <String CONTENT="tias vel perſonarum vel dignitatum ſiue in poli¬" HPOS="562" VPOS="1296" WIDTH="868" HEIGHT="68" WC="0.9892061861852804"/>
          </TextLine>
          <TextLine ID="line_23" TAGREFS="LT8" BASELINE="564 1394 1434 1382" HPOS="562" VPOS="1342" WIDTH="872" HEIGHT="69">
            <Shape><Polygon POINTS="564 1394 564 1406 654 1412 654 1412 720 1404 722 1404 723 1404 753 1410 753 1410 852 1401 866 1401 876 1401 938 1407 938 1407 939 1407 940 1407 950 1401 1038 1406 1040 1406 1270 1396 1290 1396 1293 1396 1332 1402 1332 1402 1334 1402 1347 1395 1350 1395 1432 1395 1434 1382 1432 1350 1418 1342 1416 1342 1414 1342 1413 1342 1395 1350 1358 1342 1358 1342 1356 1342 1334 1352 1326 1356 1216 1356 1214 1353 1208 1348 1208 1347 1206 1347 1204 1347 1172 1344 1172 1344 1132 1354 1119 1358 1095 1354 1064 1350 1062 1350 1042 1354 1028 1358 1018 1356 999 1347 999 1347 998 1347 996 1347 963 1356 948 1360 910 1360 903 1358 885 1348 884 1348 882 1348 882 1348 861 1358 850 1360 838 1358 814 1350 814 1350 813 1350 729 1350 728 1350 728 1350 717 1358 714 1362 710 1358 699 1352 698 1352 698 1352 660 1350 660 1350 562 1359 564 1394"/></Shape>
            <String CONTENT="tia Eccleſiaſtica: ſiue in humana &amp; tetrena mini¬" HPOS="562" VPOS="1342" WIDTH="872" HEIGHT="69" WC="0.988859587786149"/>
          </TextLine>
          <TextLine ID="line_24" TAGREFS="LT8" BASELINE="564 1443 1437 1431" HPOS="562" VPOS="1392" WIDTH="874" HEIGHT="69">
            <Shape><Polygon POINTS="564 1443 566 1461 588 1455 726 1458 756 1458 758 1458 759 1458 764 1456 783 1452 832 1455 852 1456 854 1456 855 1456 858 1455 868 1450 920 1455 950 1455 951 1455 1437 1443 1437 1431 1436 1392 1365 1392 1364 1392 1364 1392 1359 1394 1332 1402 1134 1400 1119 1400 1118 1400 1110 1400 1048 1407 976 1407 969 1402 957 1396 956 1396 956 1396 906 1402 880 1398 879 1398 878 1398 876 1398 866 1406 864 1407 856 1406 831 1400 830 1400 828 1400 826 1400 807 1406 766 1400 765 1400 765 1400 764 1400 764 1400 754 1407 720 1400 718 1400 628 1407 594 1401 592 1401 592 1401 562 1413 564 1443"/></Shape>
            <String CONTENT="nimè tollere, confundere, aut imminuere, vt iam" HPOS="562" VPOS="1392" WIDTH="874" HEIGHT="69" WC="0.9929036113123099"/>
          </TextLine>
          <TextLine ID="line_25" TAGREFS="LT8" BASELINE="566 1490 1434 1480" HPOS="564" VPOS="1446" WIDTH="870" HEIGHT="62">
            <Shape><Polygon POINTS="987 1485 975 1485 962 1485 950 1485 938 1485 926 1485 914 1485 902 1485 890 1485 878 1485 866 1485 854 1485 842 1485 830 1485 818 1485 806 1485 794 1485 782 1485 770 1485 758 1485 746 1486 734 1486 722 1486 710 1486 698 1486 684 1486 672 1486 660 1486 648 1486 636 1486 624 1486 612 1486 600 1486 588 1486 576 1486 564 1486 566 1490 566 1500 603 1508 604 1508 770 1506 813 1498 826 1504 826 1504 828 1504 924 1498 954 1504 956 1504 956 1504 974 1498 1059 1504 1060 1504 1119 1498 1158 1503 1160 1503 1160 1503 1186 1496 1419 1500 1420 1500 1422 1500 1424 1500 1434 1492 1434 1480 1431 1446 1287 1455 1282 1450 1278 1448 1276 1448 1276 1448 1222 1448 1221 1448 1221 1448 1203 1454 1179 1462 1161 1455 1148 1449 1148 1449 1096 1449 1095 1449 1094 1449 1062 1458 1060 1458 1060 1458 1018 1449 1018 1449 1017 1449 1016 1449 1002 1461 990 1468 987 1485"/></Shape>
            <String CONTENT="doliiant houis iaicuitere, nóſque calumniari," HPOS="564" VPOS="1446" WIDTH="870" HEIGHT="62" WC="0.9528020115002341"/>
          </TextLine>
          <TextLine ID="line_26" TAGREFS="LT8" BASELINE="567 1538 1434 1530" HPOS="567" VPOS="1488" WIDTH="867" HEIGHT="69">
            <Shape><Polygon POINTS="567 1538 567 1554 736 1550 747 1552 764 1557 765 1557 765 1557 808 1551 832 1548 861 1551 920 1556 921 1556 972 1548 987 1548 996 1548 1029 1554 1030 1554 1134 1554 1179 1546 1186 1545 1198 1545 1286 1552 1287 1552 1288 1552 1290 1552 1298 1544 1326 1544 1338 1544 1340 1544 1350 1551 1352 1551 1352 1551 1353 1552 1389 1552 1389 1551 1434 1542 1434 1530 1431 1500 1404 1500 1394 1491 1394 1490 1392 1490 1390 1490 1320 1488 1320 1488 1236 1490 1234 1490 1215 1500 1215 1500 1209 1500 1179 1496 1179 1496 1178 1496 1176 1496 1170 1500 1167 1503 1143 1503 1142 1500 1132 1492 1131 1492 1130 1492 1130 1492 1080 1500 1060 1504 1000 1504 994 1500 981 1494 981 1494 980 1494 952 1500 936 1504 820 1504 808 1500 788 1494 786 1494 784 1494 783 1494 760 1500 744 1504 728 1500 704 1494 702 1494 700 1494 567 1500 567 1538"/></Shape>
            <String CONTENT="qui Euangelium, quod annuntiamus, quódque" HPOS="567" VPOS="1488" WIDTH="867" HEIGHT="69" WC="0.9898009569871993"/>
          </TextLine>
          <TextLine ID="line_27" TAGREFS="LT8" BASELINE="566 1587 1432 1576" HPOS="564" VPOS="1540" WIDTH="868" HEIGHT="62">
            <Shape><Polygon POINTS="566 1587 566 1602 1130 1602 1130 1600 1130 1600 1136 1598 1144 1593 1208 1598 1238 1599 1239 1599 1240 1599 1244 1598 1254 1592 1287 1598 1296 1598 1298 1598 1305 1598 1336 1592 1431 1596 1432 1576 1430 1548 1276 1550 1275 1550 1263 1540 1262 1540 1260 1540 1258 1540 1258 1540 1227 1550 1215 1540 1215 1540 1214 1540 1156 1540 1155 1540 1154 1540 1116 1552 1113 1554 1040 1554 1036 1554 1018 1542 1017 1542 1016 1542 1014 1542 987 1554 987 1554 920 1554 920 1554 896 1544 894 1544 894 1544 771 1545 770 1545 756 1551 681 1546 680 1546 678 1546 678 1546 664 1554 603 1548 602 1548 600 1548 564 1558 566 1587"/></Shape>
            <String CONTENT="eſt verè Chriſti Euangelium, criminantur mo¬" HPOS="564" VPOS="1540" WIDTH="868" HEIGHT="62" WC="0.9957098404566447"/>
          </TextLine>
          <TextLine ID="line_28" TAGREFS="LT8" BASELINE="567 1635 1434 1624" HPOS="566" VPOS="1588" WIDTH="868" HEIGHT="64">
            <Shape><Polygon POINTS="567 1635 567 1652 795 1647 800 1648 806 1653 807 1653 808 1653 808 1653 891 1653 891 1653 993 1646 1002 1646 1006 1646 1065 1650 1066 1650 1066 1650 1080 1644 1100 1650 1101 1650 1102 1650 1215 1648 1215 1648 1228 1642 1272 1647 1274 1647 1316 1641 1326 1640 1432 1640 1434 1624 1431 1588 1322 1596 1227 1592 1226 1592 1224 1592 1222 1592 1214 1598 1124 1592 1122 1592 1122 1592 1120 1592 1092 1599 1030 1599 1006 1592 1000 1590 999 1590 999 1590 998 1590 996 1590 993 1592 982 1599 936 1592 918 1590 916 1590 915 1590 909 1592 888 1600 838 1593 822 1592 820 1592 820 1592 814 1593 795 1599 772 1593 766 1592 765 1592 765 1592 756 1593 728 1599 710 1594 704 1592 702 1592 700 1592 566 1594 567 1635"/></Shape>
            <String CONTENT="narchias &amp; regna euertere, atque propterea re¬" HPOS="566" VPOS="1588" WIDTH="868" HEIGHT="64" WC="0.9989840893641763"/>
          </TextLine>
          <TextLine ID="line_29" TAGREFS="LT8" BASELINE="567 1684 1437 1676" HPOS="566" VPOS="1636" WIDTH="872" HEIGHT="66">
            <Shape><Polygon POINTS="567 1684 567 1702 702 1696 1028 1700 1029 1700 1074 1692 1166 1698 1166 1698 1167 1698 1188 1690 1310 1696 1311 1696 1312 1696 1314 1696 1314 1696 1314 1696 1320 1690 1382 1696 1383 1696 1384 1696 1408 1690 1434 1696 1437 1676 1434 1636 1275 1638 1274 1638 1272 1638 1270 1640 1257 1648 1188 1648 1155 1641 1150 1641 1149 1641 1148 1641 1148 1641 1148 1642 1138 1650 1104 1650 1084 1644 1074 1641 1072 1641 1071 1641 1070 1641 1059 1644 1042 1650 1030 1646 1022 1641 1020 1641 976 1641 975 1641 944 1647 920 1653 868 1653 858 1648 838 1641 838 1641 837 1641 836 1641 834 1641 825 1648 822 1650 814 1648 765 1642 764 1642 762 1642 742 1652 741 1652 740 1652 722 1642 722 1642 720 1642 718 1642 717 1642 717 1644 708 1652 706 1653 678 1653 622 1653 604 1653 594 1644 592 1644 592 1644 591 1644 590 1644 566 1653 567 1684"/></Shape>
            <String CONTENT="gum animos ab eo audiendo quantum poſſunt" HPOS="566" VPOS="1636" WIDTH="872" HEIGHT="66" WC="0.9998205144230913"/>
          </TextLine>
          <TextLine ID="line_30" TAGREFS="LT8" BASELINE="570 1732 1436 1722" HPOS="568" VPOS="1684" WIDTH="867" HEIGHT="68">
            <Shape><Polygon POINTS="570 1732 570 1746 648 1752 650 1752 693 1744 698 1744 699 1744 711 1750 712 1750 714 1750 765 1744 777 1743 784 1743 832 1749 832 1749 878 1743 885 1742 891 1743 920 1748 920 1748 962 1742 964 1742 969 1742 1048 1746 1048 1746 1086 1740 1092 1740 1101 1740 1144 1746 1146 1746 1185 1740 1192 1738 1200 1740 1238 1744 1239 1744 1240 1744 1240 1744 1248 1738 1250 1737 1252 1738 1264 1743 1266 1743 1268 1743 1269 1743 1281 1738 1284 1737 1290 1738 1316 1743 1317 1743 1434 1736 1436 1722 1431 1686 1304 1692 1290 1689 1275 1684 1274 1684 1272 1684 1270 1684 1270 1684 1264 1689 1258 1694 1194 1694 1188 1690 1182 1686 1180 1686 1179 1686 1179 1686 1178 1686 1160 1690 1143 1695 1108 1692 1053 1688 1052 1688 1020 1694 1006 1696 998 1695 962 1688 960 1688 958 1688 940 1695 936 1696 932 1696 910 1689 909 1689 908 1689 832 1695 694 1690 693 1690 692 1690 690 1690 680 1698 666 1690 664 1690 663 1690 662 1690 640 1701 618 1695 616 1695 616 1695 568 1702 570 1732"/></Shape>
            <String CONTENT="auertunt, &amp; deflectunt. Imò verò nulli magis" HPOS="568" VPOS="1684" WIDTH="867" HEIGHT="68" WC="0.9864229197087495"/>
          </TextLine>
          <TextLine ID="line_31" TAGREFS="LT8" BASELINE="568 1782 1437 1772" HPOS="567" VPOS="1732" WIDTH="870" HEIGHT="70">
            <Shape><Polygon POINTS="568 1782 570 1803 600 1796 819 1802 861 1802 862 1802 870 1800 906 1791 996 1797 998 1797 999 1797 1020 1791 1052 1797 1060 1798 1062 1798 1074 1797 1098 1792 1102 1796 1104 1798 1106 1798 1107 1798 1108 1798 1148 1797 1148 1797 1152 1796 1166 1788 1190 1796 1194 1796 1196 1796 1197 1796 1197 1796 1198 1796 1200 1796 1206 1788 1222 1796 1227 1796 1228 1796 1230 1796 1232 1796 1234 1796 1246 1788 1256 1796 1258 1796 1258 1796 1260 1796 1262 1796 1437 1791 1437 1772 1434 1734 1404 1742 1332 1742 1322 1736 1314 1732 1314 1732 1312 1732 1251 1738 1214 1740 1179 1740 1113 1736 1112 1736 1110 1736 1110 1736 1102 1740 1096 1744 1072 1740 1030 1736 944 1736 942 1736 940 1736 939 1736 927 1744 914 1737 912 1737 806 1737 804 1737 802 1737 777 1746 776 1748 772 1746 758 1738 756 1738 716 1738 716 1738 714 1738 678 1749 674 1750 567 1750 568 1782"/></Shape>
            <String CONTENT="parent ſuis Magiſtratibus &amp; regibus, quàm veri" HPOS="567" VPOS="1732" WIDTH="870" HEIGHT="70" WC="0.995715765242881"/>
          </TextLine>
          <TextLine ID="line_32" TAGREFS="LT8" BASELINE="572 1828 1434 1820" HPOS="570" VPOS="1784" WIDTH="864" HEIGHT="78">
            <Shape><Polygon POINTS="572 1828 573 1857 585 1850 608 1857 618 1860 620 1860 621 1860 622 1860 622 1860 628 1857 642 1848 670 1848 698 1856 716 1860 717 1860 718 1862 816 1862 816 1860 818 1860 832 1851 843 1846 874 1845 906 1851 954 1857 956 1857 1036 1848 1074 1844 1124 1845 1296 1856 1298 1856 1299 1856 1330 1840 1332 1840 1332 1840 1372 1854 1374 1854 1376 1854 1376 1854 1377 1854 1396 1840 1434 1838 1434 1820 1432 1794 1408 1784 1407 1784 1407 1784 1270 1794 1260 1786 1258 1786 1258 1786 1257 1786 1256 1786 1239 1791 1186 1785 1185 1785 1185 1785 1160 1796 987 1796 966 1788 964 1788 963 1788 962 1788 938 1797 891 1790 890 1790 844 1796 825 1788 824 1788 822 1788 777 1798 760 1790 759 1790 759 1790 758 1790 730 1798 705 1790 704 1790 704 1790 590 1791 588 1791 570 1798 572 1828"/></Shape>
            <String CONTENT="Chriſtiani: quod Remigius etiam Clodoueo pri¬" HPOS="570" VPOS="1784" WIDTH="864" HEIGHT="78" WC="0.9926232708825006"/>
          </TextLine>
        </TextBlock>
        <TextBlock ID="block_5">
          <TextLine ID="line_33" TAGREFS="LT8" BASELINE="596 226 1418 210" HPOS="594" VPOS="166" WIDTH="824" HEIGHT="76">
            <Shape><Polygon POINTS="596 226 596 236 656 243 657 243 784 234 788 234 789 234 898 238 900 238 900 238 902 238 912 231 914 231 916 231 1035 236 1036 236 1206 228 1220 232 1221 232 1221 232 1222 232 1248 225 1262 231 1263 231 1264 231 1316 225 1394 228 1395 228 1395 228 1418 222 1418 210 1413 172 1296 174 1276 168 1276 168 1275 168 1246 174 1227 166 1226 166 1224 166 1166 177 1160 178 1146 178 1064 172 1062 172 1030 180 1028 180 1024 180 984 171 982 171 981 171 962 182 960 183 914 183 914 182 844 172 844 172 786 174 784 174 783 174 768 184 765 184 718 176 717 176 594 188 596 226"/></Shape>
            <String CONTENT="Contrà verò hæc tantarum rerum commu¬" HPOS="594" VPOS="166" WIDTH="824" HEIGHT="76" WC="0.9992748437783657"/>
          </TextLine>
          <TextLine ID="line_34" TAGREFS="LT8" BASELINE="550 278 880 268 1420 261" HPOS="549" VPOS="220" WIDTH="872" HEIGHT="74">
            <Shape><Polygon POINTS="550 278 550 294 890 280 960 284 1026 288 1028 288 1094 285 1095 285 1107 280 1114 278 1155 279 1239 284 1240 284 1278 276 1286 274 1294 274 1366 282 1368 282 1419 272 1420 261 1419 231 1318 226 1317 226 1245 232 1240 232 1239 232 1182 220 1180 220 1179 220 1152 234 1148 236 1120 236 1118 234 1104 222 1102 222 1101 222 1100 222 1052 225 1050 225 1029 234 1023 238 980 238 975 236 958 224 957 224 956 224 956 224 904 225 903 225 902 225 891 232 874 226 873 226 872 226 759 228 759 228 758 228 758 228 746 238 741 242 711 238 698 237 698 237 696 237 690 238 674 243 651 240 608 231 606 231 549 240 550 278"/></Shape>
            <String CONTENT="nio ſeruos dominis ſuis æquare videtur, vt iam" HPOS="549" VPOS="220" WIDTH="872" HEIGHT="74" WC="0.9995549515537594"/>
          </TextLine>
          <TextLine ID="line_35" TAGREFS="LT8" BASELINE="554 327 838 318 1419 309" HPOS="552" VPOS="279" WIDTH="867" HEIGHT="66">
            <Shape><Polygon POINTS="1143 308 1131 308 1119 308 1107 308 1095 308 1083 308 1071 308 1059 308 1047 308 1035 308 1023 308 1011 308 999 308 987 308 975 308 962 308 950 308 938 308 926 308 914 308 902 308 890 308 878 308 866 308 854 308 842 308 830 308 818 308 806 308 794 308 782 308 770 308 758 308 746 308 734 308 722 308 710 308 698 308 684 308 672 308 660 308 648 308 636 308 624 308 612 308 600 308 588 308 576 308 564 308 552 308 554 327 554 345 657 344 658 344 660 344 699 333 740 340 748 342 750 342 764 339 820 330 939 334 946 334 948 334 956 334 1030 327 1038 333 1040 333 1041 333 1042 333 1042 333 1060 332 1098 327 1118 330 1144 334 1146 334 1188 327 1204 326 1214 327 1230 333 1232 333 1233 333 1264 326 1284 321 1305 324 1328 327 1329 327 1330 327 1340 324 1341 322 1342 324 1358 330 1358 330 1359 332 1407 332 1407 330 1408 330 1410 330 1419 321 1419 309 1418 279 1314 279 1314 279 1312 279 1311 279 1308 282 1292 291 1278 282 1276 280 1276 280 1275 280 1274 280 1166 282 1164 282 1162 282 1160 285 1146 296 1143 308"/></Shape>
            <String CONTENT="propter fraternitatis lomen differentia omnis" HPOS="552" VPOS="279" WIDTH="867" HEIGHT="66" WC="0.9812763306829665"/>
          </TextLine>
          <TextLine ID="line_36" TAGREFS="LT8" BASELINE="554 375 848 366 1388 358" HPOS="552" VPOS="320" WIDTH="836" HEIGHT="66">
            <Shape><Polygon POINTS="554 375 554 386 891 376 934 382 940 382 942 382 944 382 944 382 960 375 1064 380 1092 381 1094 381 1095 381 1098 380 1113 374 1132 380 1136 380 1136 380 1137 380 1388 375 1388 358 1388 330 1358 320 1356 320 1320 320 1320 320 1318 320 1317 320 1302 330 1238 320 1236 320 1161 333 1160 334 1098 334 1066 334 1053 324 1052 324 1050 324 1024 324 1024 324 975 326 974 326 948 338 904 327 903 327 902 327 880 339 858 327 858 327 824 327 822 327 820 327 820 327 808 334 770 328 768 328 766 328 726 340 662 332 660 332 660 332 658 332 640 342 552 345 554 375"/></Shape>
            <String CONTENT="inter ſeruos &amp; dominos ſublata cenſeri poſſit." HPOS="552" VPOS="320" WIDTH="836" HEIGHT="66" WC="0.994729889475781"/>
          </TextLine>
        </TextBlock>
      </PrintSpace>
    </Page>
  </Layout>
</alto>
