1500 2172
374 148 310 40 CAPVT  III.

894 112 82 72 242

94 178 879 72 dam Eccleſiæ: ſed præcipua quædam pars & no¬

93 236 876 62 biliſſima (ſunt enim ex ηγκμένων & præpoſitorum

93 288 876 58 numero) eos quoque oportet rectè & pulchrè

92 333 870 56 in fidei Chriſtianæ doctrina, & arcano eſſe inſti¬

92 378 879 63 tutos & edoctos. Abſurdum enim eſſet eos præfi¬

92 426 876 64 ci Eccleſiæ, qui veræ & propriæ ipſius Eccleſiæ

90 482 873 54 doctrinæ ignari, & rudes eſſent. Altera ratio eſt,

92 524 874 60 quòd cùm pauperum & afflictorum qui ſunt in

88 573 879 62 Eccleſia curam habeant Diaconi, ad eorum quo¬

90 621 879 60 que officium pertinet eos conſolari, erigere, ſuſtẽ¬

90 669 878 64 tare, & confirmare in fide. Quod non poſſunt, niſi

90 717 872 58 doctrinam fidei apprimè ſciant & teneant. Qui¬

90 766 879 58 dam tertiam huius dicti rationem afferunt, ſed

88 816 879 60 falſam, nimirum quòd ad Diaconorum officium

92 862 872 64 pertineat concionari de Dei verbo, & illud præ¬

92 912 868 66 dicare, quemadmodum Philippus, & Stephanus

88 962 879 62 fecerunt. Id quod etiam ex Iuone Carnutenſi

92 1006 870 66 tradit Gratianus in cano. Perlectis 5Ad Diaco¬

92 1060 873 58 num diſtinct. 25. Hæc autem ſententia falſa eſt.

92 1122 872 50 Nam quod de stephano & Phmippo affertur eos

92 1156 870 63 prædicaſſe, verum eſt: ſed non quatenus illi tan¬

92 1204 868 64 tùm erant Diaconi, imò verò potius quatenus e¬

88 1252 872 62 tiam Euangeliſta vterque fuit, vti tunc temporis

93 1304 867 60 varia Dei dona in vno & eodem fuerunt à Deo

90 1350 201 62 cumulata:

132 1394 830 62 Ergo admonet me hic locus, vt de Diaconorũ

88 1444 874 63 officio aliquid dicam tum ex Dei verbo, tum ex

88 1494 873 60 ea, quæ in veteribus Synodis extat, diſciplina.

90 1542 872 64 Diaconorum in verbo Dei duplex genus eſſe vi¬

90 1592 870 62 detur, vt colligitur ex Paulo Ramanor.12. verſ.7.

88 1638 873 60 8. Alij enim verſabãtur in Ipſius ærarij collectio¬

88 1688 873 58 ne, cura, procuratione tota. Hi ſunt velut Oeco¬

87 1740 878 68 uomi Eccleſiæ. Tales fuerunt etiam Procuratores

740 1788 58 66 1.j.
