1500 2172
327 111 297 66 CAPVT VI.

885 114 58 64 766

84 180 494 51 ambitioſiſſime partiantur.

135 213 812 58 Neque tamen damnat Paulus omnes omni¬

86 264 860 60 no συζητήσεις & quæſtiones, quæ de cauſis & mo¬

87 314 861 56 do ſalutis noſtræ, fieri & agitari poſſunt: cùm ipſe

82 357 867 68 iubeat Epiſcopum eſſe ἐλεδάλικὸν, id quod ſine di¬

86 408 862 62 ſputatione fieri non poteſt: & cùm Paulus ipſe

86 456 862 64 laudet Apollo, quòd fuerit in Iudæis refutandis

86 506 862 62 acutus & ſolers Tit 1.verſ.9. Actor.18. verſ.27.

86 555 862 62 Sed eam demum tractandæ fidei rationem im¬

88 603 858 64 probat, ex qua nihil pietatis, nihil ædificationis,

87 664 862 51 mim denque fonur emergie, aeque colligitur,

88 702 862 62 quales ſunt penè omnes Scholaſticorum contẽ¬

88 750 861 63 tioſæ, & operoſæ diſputationes, quæ in ipſorum

87 796 864 60 ſcholis magna Monachorum corona habentur.

136 844 814 64 Nec verò ignorauit Paulus quo potiſsimum

90 904 860 45 fuco ilti homines le ſuarque illas inutiles diſce¬

92 944 860 62 ptationes tegant, ac commendent, nimirũ Scien¬

92 990 860 64 tiæ, Sapientiæ, Theologiæ. Sed hunc fumum di¬

92 1041 858 57 ſcutit, cùm tam præclaro nomine donari falſò

88 1089 747 63 hanc cognitionem & ſtudium reſpondeat.

141 1136 812 62 Falſò enim nominatur γνῶσις, cùm qui ea præ¬

90 1188 864 60 diti ſunt, ſemper querant, ad ipſam autem verita¬

92 1238 864 58 tis cognitionem nunquam perueniant, vt ait idẽ

90 1282 864 62 2.Corinth.3.verſ.7. Denique iſta eſt profanatio

93 1332 862 57 verbi Dei, & euerſio, non autem profeſsio & in¬

92 1382 864 56 telligentia. Veteres, velut Auguſtinus, Ambro¬

92 1431 866 60 ſius, Chryſoſtomus, Beda. & alij pro κενοφωνίας le¬

92 1479 868 63 gunt per diphthongum κανορωνίας, id eſt, Noui¬

92 1530 867 57 tates verborum. Et certè vtrunque vitium & va¬

92 1574 867 62 nitatis & nouitatis inter ſe coniunctum eſt & af¬

92 1622 868 64 fine: atque Scholaſticis vtrunque accidit, vt dum

92 1671 870 64 nubes & inania captant pro ſolida fidei doctrina¬

92 1726 866 69 noua quoq; & inaudita rerum vocabula, & pror¬
