1500 2172
345 154 256 32 CASVT V.

882 130 74 72 430

86 174 873 81 λσ χίαν quam garrulitatem vertunt, quas ita di¬

84 228 872 75 ſtinguit, vt temulentia ſit nimia inter pocula vel

82 278 870 74 inter potandum orta ex vino ſumpto loquacitas.

86 326 866 75 Garrulitas verò ſit ſtultiloquium nimiáque lo¬

86 375 870 75 quacitas vbique, & ex qualibet, vel etiam nulla o¬

80 424 870 74 blata occaſione. Itaque garrulus in foro, in thea¬

80 474 873 70 tro, in deambulatione, domi, interdiu, & noctu

80 524 872 70 nugatur, & loquax eſt. Temulentus autem

80 570 873 70 tantùm in menſa & inter pocula: iſta tamen di¬

76 616 876 74 ſtinctio etiam hunc Pauli locum illuſtrat, & ex¬

75 688 874 51 coule. oeu videtur vtranque quidem, ied maximè

74 716 876 74 ſecundam ſpeciem hoc loco damnaſſe Paulus vti

74 764 873 70 etiam Pſal.14o. verſ.1o. apertè inter vitia peſſima

72 816 483 62 recenſetur iſta nugacitas,

112 860 832 75 Curioſas vocat tamẽ eas, quæ plura quàm de¬

70 910 870 72 ceat, ſcire affectãt, tũ etiã, quæ diligentius & pe¬

68 958 868 74 nitius ea, quæ ſciri poſſunt, curant & inueſtigant,

69 1006 870 74 quàm ſit neceſſe. Itaque ſunt illæ nimium nego¬

66 1056 868 74 tioſæ, ſed vbi nõ oportet. In quibus autẽ oportet

66 1104 868 74 otioſæ. Alio nomine πολυπράγμονες eædẽ appellã¬

63 1156 873 64 tur. Quanquam Plutarch.in libro de Curioſitate

62 1203 873 74 eos tantùm videtur definire πολυπράγμονας, qui in

60 1252 870 72 alienis erratis ſiue peccatis, vnde alteri naſcitur

58 1300 873 74 aliqua infamia, curioſiùs indigandis occupant ſe¬

57 1347 870 74 ſe. At ſiue in peccatis, ſiue in aliis etiam rebus,

62 1400 868 69 quæ ad nos non pertinent, inueſtigandis nimium

56 1444 874 76 laboremus, hîc πράργων nomine à Paulo ſignifi¬

57 1498 874 68 camur. Quanquam verò hæc vitia fęre ſunt omni¬

56 1544 874 68 bus fœminis communia, maximè tamẽ eas dede¬

56 1594 870 68 cent, quæ cæteris prælucere vitæ exemplo debẽt.

56 1644 870 68 Inquirere autem in alienum factum, quatenus il¬

54 1690 870 74 lud ad nos ſpectat: vel Dei gloria proximíquex¬

50 1738 876 84 tilitas poſtulat, vel inde promouetur: denique

987 360 32 69 O
