1500 2172
891 111 58 80 580

406 144 250 39 CARVT V.

93 166 868 78 tefactis eorũ ſceleribus. Ergo non ſunt accuſandi

92 222 866 72 fideles & diligentes Eccleſiæ præpoſiti, ſi ex ijs,

96 270 858 74 qui ab ipſis electi ſũt & ordinati, aliqui poſtea ap

98 321 858 68 paruerũt eſſe nebulones, & peſtes Eccleſiæ: aut ſi

98 368 858 72 quoſdam in Eccleſia Dei fouerint & retinuerint

98 417 852 69 qui poſtea detecti ſunt improbiſſimi, & peſſimi.

94 468 861 66 Nam ad tempus multorum peccata latent, &

93 514 860 69 tempore patent, vt ait etiam ille Ethnicus. Neq;

93 567 861 66 ſtatim produntur improbi. Bonis etiam viris hęc

93 615 861 64 eadem commixtio & occultatio conſolationem

92 663 862 64 affert, ſi quando videntur ſperni, & præ alijs ne¬

92 712 860 66 gligi, quòd cogitant vnius Dei eſſe hominum a¬

86 764 867 63 nimos & ſynceritatem mentis prodere atq; pa¬

87 812 864 60 tefacere, id eſt, in lucem proferre, cùm voluerit.

86 855 867 64 Interim igitur ſua ſorte & obſcuritate contenti

87 908 860 66 viuunt, neque murmurant, vel in Deum ipſum,

88 954 314 63 vel in homines.

141 999 808 72 Quod autem ait Paulus verſ.25. Quæ ſecus ſunt

86 1048 861 72 id eſt quæ praua ſunt, non poſſe occultari, & in

86 1104 861 63 perpetuum celari, ita accipiendum eſt, vt hoc fie¬

82 1148 861 70 ti ſępiſſimè, & vt plurimùm, intelligamus: nou

84 1203 861 63 autem vt ſemper. Sæpe enim multorum & bona

81 1250 862 64 opera, & turpiſſima ſcelera latent nos & occulta

80 1298 864 64 manent perpetuò, quia ita Deo viſum eſt. Sed vt

80 1344 866 69 plurimum Dominus detegit improbos: & piorũ

78 1394 866 66 ſyncerum animum prodit, vt eſt in Pſal.37. verſ.

80 1442 238 57 6. & Pſal.112.

123 1486 820 64 Ex hoc igitur loco colligimus iudiciũ de mo¬

80 1539 864 64 ribus: & cenſuram, per quam peccata hominum

78 1587 862 66 Eccleſiaſtica pœna coercentur, pertinere ad Prę¬

80 1640 861 63 poſitos Eccleſiæ, quos hoc loco alloquitur Pau¬

76 1683 873 68 lus. Quam ſententiam cõfirmat Chriſtus Matt.16

80 1731 862 82 Quæcunque ligaueritis in terra, erunt ligata &

704 1790 92 64 B.ij.
