1500 2172
360 136 327 62 CAPVT IIII.

888 140 68 63 346

84 189 867 75 inſignia, ornamenta, & teſtimonia dantur, & ſo¬

86 256 357 50 Ienniter geſtantur.

144 328 810 51 13 Interim dum uenio, attende lectio¬

88 375 525 66 ni, exhortationi doctrinæ.

135 435 820 63 Α’κολύθησις eſt. Nam ſequuntur variæ exhor¬

92 486 864 62 tationes, quas muneris Eccleſiaſtici dignitati cõ¬

87 530 872 66 ſentaneas eſſe vidit Paulus, & neceſſariò adden¬

92 582 866 63 das. Ex his autem quantum ſit hoc onus, quám¬

92 630 867 63 que ſedulò capeſſendum & diligenter exercen¬

92 680 867 58 dum intelligere certè debemus, ne ſegnes ſo¬

90 728 872 63 cordeſue ipſo Epiſcopatus titulo, vel faſtigio tur¬

92 777 870 58 gidi & inſolentes, vel etiã reditu & bonis cõtenti

90 826 873 56 torpeamus. Sunt enim hæ cohortationes, tot Spi¬

87 873 874 58 ritus ſancti aduerſus paſtores negligentes & mu¬

92 924 870 56 neris ſui grauitatem non apprehendentes fulmi¬

92 972 870 60 na vel tonitrua. Neque enim tam Timothei gra¬

90 1020 873 56 tia dicuntur iſta, quàm omnium paſtorum, quo¬

92 1068 870 54 rum veriſſimam & optimam ideam nobis in Ti¬

92 1118 870 58 motheo format & pingit. Denique ſi tam ardẽs

92 1166 870 57 in Dei metu & tantus vir Timotheus ijs ſtimulis

92 1215 873 62 eguit, quid nos? & quot quantíſque exclamatio¬

92 1280 873 45 mious & puneturis ſmus cxcitanun Eſt autem

92 1311 870 57 hic exhortationis & admonitionis locus nõ vnus,

92 1359 873 63 ſed quadruplex. Omnes quidem eò tendunt, vt

94 1408 870 63 ſedulò & diligenter paſtores ſuo muneri inten¬

96 1455 867 56 dant & incumbant. quilibet tamen locus exhor¬

93 1504 867 64 tationis habet quoddam peculiare & neceſſariò

98 1556 302 60 conſiderandum.

140 1599 822 60 Prima igitur hæc eſt exhortatio & admonitio,

96 1650 868 63 attendendũ & aſſiduè verſandũ Miniſtro Euan¬

104 1700 862 63 gelico in Sacræ ſcripturę lectione. Vox enim, le¬

98 1749 872 62 ctionis, generaliter hoc loco enuntiata ad Sacræ

740 1797 38 26 ....

699 1808 102 58 p.iiij.
