1500 2172
558 153 76 32 738

746 130 546 58 AD I. PAVL. AD TIM¬

546 176 867 68 defunctos & iam in cœlũ receptos quia de An¬

548 231 866 64 gelis ſcriptũ eſt, Matt.17.eos videre faciem Patris,

546 278 867 64 id eſt, Dei: & de pijs beatis Matth.5.verſ.8. Mun¬

544 328 868 63 dos corde viſuros eſſe Deum. Hîc prætermitto va¬

546 381 864 58 nas & curioſas Scholaſticorum quæſtiones, quæ

548 424 867 62 de Dei viſione fiunt in lib.4. Sentent. Lombard.

546 474 867 62 diſtinct. 49. Item non afferam ea, quæ prolixa e¬

549 522 864 63 piſtola ad Paulinam & ad Dardanum de Viden¬

548 570 866 63 do Deo diſſerit Auguſtinus, itémque lib.1. de

554 621 860 60 Trinitate cap.6. Sunt enim ex ijs quædam ἀδηλα,

549 672 864 54 quædam etiam curioſa, quod tanti viri pace di¬

546 717 867 60 ctum ſit. Neque item dicam quod Anſel. Ho¬

548 770 867 51 minum nomine hîc carnales duntaxat compre¬

544 813 870 57 hendi, non etiam pios, renatos, & in Dei obſe¬

548 864 866 54 quium iam formatos homines. Hæc enim inter¬

544 910 870 62 pretatio minimè vera eſt. Reſpondeo igitur ſu¬

546 962 867 56 periori quæſtioni breuiſsimè ex Theodorito in

546 1010 867 52 Polymorpho, itémque ex Bernardo ſerm. 81. in

546 1054 867 56 Cant. Ne ab Angelis quidem ipſis beatis Dei

543 1104 868 62 eſſentiam cerni poſſe, niſi per quandam συγκτά¬

548 1155 867 58 Βασν, & quaſi ſui demiſsionẽ, vt loquitur Theo¬

544 1202 872 63 dorit. Soli enim ſibi Deus eſt & viſibilis & com¬

543 1251 873 64 prehenſibilis. Ergo multò minus à pijs in cœlum

543 1308 873 56 traductis ipla Deι οσια, qualis quataque eſt, & ipſa

544 1348 873 64 per ſe videri poteſt, ſi nequit ab Angelis. Neque

543 1400 874 60 certè tam de hoc nobis eſt quærẽdum, quàm via

544 1448 870 62 ipſa per quam peruenire ad eum poſſimus, &

544 1492 868 63 ſcrutanda & tenenda nobis. Eſt autemilla via ve¬

546 1545 870 58 ra in Chriſtum fides, Vitæ puritas & ſanctificatio

548 1592 584 62 item pietas charitáſque ſyncera.

598 1638 818 62 Addidit autem hoc epitheton Paulus tum vt

549 1689 870 60 eſſet ſuperioris tanquam explicatio quædam, tũ

549 1736 870 75 etiam ne ex harum rerum, in quibus aliqua Dei

1233 1790 184 62 præſentia
