1500 2172
873 134 66 63 736

345 152 280 33 CARVTVI..

75 172 868 63 humanis cernebatur: ſed illius tantùm humani¬

76 228 867 62 tas conſpiciebatur, quæ velut velum, certè augu¬

74 273 867 69 ſtiſsimum, Deitatis Chriſti templum fuit. Hebr.

75 327 867 62 10.verſ.20. Ergo quod Dei faciem & gloriam in

74 375 867 63 Euangelij luce & prædicatione iam intueri di¬

72 424 870 63 cimur, id dicitur comparatè ad patres, qui ſub

72 472 870 62 lege, vmbris & cæremonijs vixerunt, vt ex eo

72 520 870 63 Exodi loco, qui eſt cap.33.verſ.20, & 23. apparet.

70 568 872 63 Patres enim poſteriora Dei in legis vmbris vi¬

72 616 868 63 derunt: nos autem in Euãgelij luce & implemen¬

72 668 872 56 to videmus faciem ipſam, & ipſam vmbrarum

74 716 868 62 veritatem: non tamen ipſam Dei eſſentiam, qua¬

69 762 874 63 lis in ſeſe eſt, proptereà videmus. Sed & cùm

69 813 874 58 Abrahamus ſcribitur vidiſſe Deum, id certè me¬

68 862 870 62 tonimicôs intelligendum eſt, quia ſigna & Sym¬

68 920 870 51 bola ocuns cernebat, per quæ Deus ſe præſentẽ

66 956 872 63 illîc eſſe teſtabatur, ipſam autem Dei eſſentiam

64 1008 872 57 non videbat. Sic in columba viſus eſt Spiritus

66 1052 870 68 ſanctus à Ioanne Baptiſta Luc.3.verſ.22. Iren.lib.

68 1106 327 60 4. cap.37.explicat.

70 1154 867 60 Quòd autem hæretici quidam ſenſerunt ipſam

64 1198 872 68 Filij Dei θεότητα fuiſſe per ſeſe ſemper viſibilem,

66 1268 872 46 quiu natrious apparuitsetlair aite quamn incarna¬

62 1300 874 63 retur Chriſtus, nempe quando cum illis eſt col¬

62 1350 874 63 cutus. Itaque quod hoc loco dicit Paulus, Deum

63 1396 873 63 videri non poſſe, de ſola Patris perſona & Deitate

62 1450 874 58 accipiendum, planè (inquam) hoc falſum eſt: &

62 1494 873 60 præclarè ab Auguſtino refutatum in lib.8.de Ge¬

62 1542 290 58 neſi ad literam.

114 1590 822 60 Quæritur autem vtrum vox hæc ὀδεὶς ἀνθρώπων

60 1640 873 58 ad homines tantùm ſit referenda, & eos quidem

60 1690 870 56 adhuc mortales vel hîc degentes, an Angelos e¬

58 1740 872 74 tiam, imprimis beatos complectatur: atque pios
