1500 2172
714 128 573 60 AD I. PAVL. AD TIM.

552 150 18 40 2

586 150 21 48 Q

537 172 876 80 ſtores Eccleſiæ à munere tutelæ etiam teſtamen¬

538 225 874 70 tariæ, quemadmodum eſt in ipſius Epiſtolis lib.

537 276 876 75 1. Epiſtola 9. & poſitum extat in can. Cyprianus

540 326 873 72 21.quæſt.3. Itaque ſæpius repetitum eſt in ſyno¬

538 370 876 76 dis, ne Epiſcopi, imò verò ne clerici vlli ſecula¬

542 424 874 63 rium negotiorum curam adminiſtrationémque

542 468 873 78 ſuſciperent aut gererent, veluti Chartaginenſi

548 518 867 76 Synodo, quæ conuenit in Hiſpania cap. 6. & eſt

543 567 873 74 relatum in canon. Peruenit & ſeq. 21. quæſt.3. Idẽ

542 616 874 74 antea fuerat conſtitutum concilio Chartaginen¬

542 669 878 70 ſi 4.cap.15. Adeò vt ne vel tanquam arbiter vel

543 716 874 70 iudex de huiuſmodi negotiis cognoſcere per¬

544 768 874 64 mitteretur, vt ex veteri quadam Clementis epi¬

543 808 876 75 ſtola (ſi modò eius eſt) colligunt Canoniſtæ in

543 858 876 76 cano. Te quidem II. quæſt.1. Artificio tamen ali¬

544 910 873 69 quo ſibi victum quærere non prohibetur Paſtor,

544 962 880 72 ſi ſuo quoq; muneri ſupereſſe poteſt, & propterea

544 1006 879 62 non abducatur. Otioſos enim eos eſſe vetant ca¬

546 1053 876 74 nones concil. Chartag.4. cap. 49. & ſi vide diſtin.

549 1112 873 66 91. per totum. Quanquam propterea neque Ana¬

549 1154 873 69 baptiſtarum errorẽ, neque aliorum phanaticorũ

548 1202 876 69 deliriũ probo, qui Apoſtolos quicquã proprium

549 1250 870 69 habuiſſe aut poſſediſſe negant. Itaque ſtipendia à

549 1299 874 70 paſtoribus Eccleſiæ peti ſana cõſcientia poſſe ne¬

550 1344 872 74 gant, illíſque res ſoli etiã patrimoniales adimunt.

598 1392 824 70 Sed hic error fuit quòd Eccleſię tẽporalia bo¬

549 1443 874 70 na, ingentia illa quidem & plena litium immen¬

549 1492 873 68 ſáſque poſſeſſiones curare, & adminiſtrare poſſe

548 1539 874 70 crediderunt Epiſcopos & clericos, quia ad Ec¬

549 1592 873 68 cleſiæ quæſtum & commodum ea cura pertine¬

549 1636 872 72 bat, id eſt ad paucorum hominum, qui ſe clericos

546 1686 878 72 dicebant, alimenta, & quorundã templorum cõ¬

543 1736 880 99 modum, cùm tamen ijs ipſis agendis magis à le¬

1286 1785 132 94 ctione
