1500 2172
704 138 579 52 AD I. PAVL. AD TIM.

549 152 68 44 141

540 180 873 72 differunt autẽ hx voces παλαιὸς & πρτσβύτερος vti

540 236 873 63 vetus & ſenex apuu Latinos, quòd παλαιὸς eſt æta¬

538 284 873 62 tis, & πρεβύς etiam dignitatis, vt ex Plutarcho in

538 333 868 62 Nicea colligi poteſt. Horum igitur Preſbytero¬

537 386 870 54 rum (qui à dignitate non autem ab ætate hîc

540 430 867 64 nominantur) in ſcriptura duplex eſt genus. Vnũ

538 480 868 64 eorum qui tantùm moribus inuigilant. Alterum

537 530 867 63 eorum, qui & moribus & doctrinæ attendunt, &

537 578 867 64 in vtroque laborant. Id quod ex hac ipſa Epiſto¬

536 626 868 68 la cap.5.verſ.17. facilè colligi poteſt. Quod ad pri¬

537 676 866 64 mum igitur eorum genus, vti à ſecundo diſtingui¬

534 723 867 63 tur: ita ab Epiſcopis & doctoribꝰ eſt ſecernendũ.

537 771 864 62 Sunt enim illi Preſbyteri tantùm morum & di¬

531 820 870 64 ſciplinæ cuſtodes & inſpectores: non etiã præco¬

531 870 870 62 nes doctrinę. Cur autẽ hoc genus fuerit in Eccle¬

530 918 872 63 ſia neceſſarium vel inductum, ratio mihi nulla

531 966 864 63 videtur alia eſſe, quàm quòd etiam illo tempore,

531 1017 864 62 quanuis multis donis abundaret Eccleſia Dei,

530 1064 868 57 tamen non ſatis multi idonei viri ad vtrunque

530 1112 867 58 hoc munus obeundum reperirentur, vt etiam E¬

531 1160 864 66 piphan.teſtatur. Ergo ad formam veteris & Iu¬

531 1209 864 64 daici Synedrij habuit Eccleſia Chriſtiana hos

526 1258 868 62 Preſbyteros diſciplinæ φύλακας, qui non erant o¬

530 1310 867 60 mnes Leuitæ, & concionatores verbi Dei. Et hęc

528 1358 866 64 quidem de primo Preſbyterorũ genere, qui mo¬

524 1406 864 63 rum tantùm curam habent in Eccleſia Dei. Ergo

526 1449 864 69 de ſecundo Preſbyteroiam genere agamus, eorũ

524 1503 867 63 nempe, qui etiam in doctrina laborant, & qui

525 1554 862 58 morum, atque etiam regiminis Eccleſiæ curam

524 1596 864 66 habent. Hos nihil ab Epiſcopis differre dicimus

519 1644 867 64 &, Dei verbo affirmamus ſiue ex eorũ electionẽ,

522 1696 866 62 ſiue munus, ſiue perſonæ conditionem ſpectes:

518 1742 868 76 ſed iis omnino pares eſſe debere: & cùm rectè

1170 1798 218 64 adminiſtra¬
