1482 2195
530 128 74 56 72

691 114 561 67 AD I. PAVL. AD TIM.

526 174 862 70 herbæ, ſydera & reliquæ omnes creaturæ, quæ

526 223 856 69 homini ſubiiciuntur ex Dei præcepto Pſal. 8.prę¬

526 276 855 63 ferendæ tamen homini eſſent contra mentem &

526 321 856 64 Chriſti, & Pauli. Omnia enim propter hominem

527 367 854 75 facta ſunt, etiam Sabbatum ipſum: non autem

527 421 470 70 homo propter Sabbatum.

581 509 801 80 14 Et Adam non fuit ſeductus: ſed mu¬

527 571 772 79 lier ſeducta, cauſa tranſgreſsionis fuit.

572 656 806 71 Alterum argumentum à cauſa tum efficiente,

524 708 856 68 tum incurrente ſumptum. Efficiens igitur cauſa

524 756 856 66 eſt Dei præceptum & voluntas, quæ eam mulieri

526 800 851 73 pœnam inflixit. Incurrens autem, tranſgreſsio

526 854 856 61 mulieris, propter quam talem pœnam merita eſt

526 896 859 71 & huic ſeruituti & ſubiectioni addicta. Æquum

524 945 858 68 enim fuit, vt quæ ſeipſam regere non potuit, alte¬

526 994 854 66 rius conſilio & imperio regenda ſubiiceretur à

524 1039 856 69 Deo. Eſt autem ſubiecta viri imperio & po¬

526 1087 858 68 teſtati, vt eſt Geneſ. 3. Quanquam autem illud

526 1137 854 66 Moſis propriè pertinet ad virum & mulierem

524 1191 854 54 coniuges inter ſe: non autem vt quilibet viri in

526 1232 854 71 quaſlibet mulieres imperium ſibi arripiant:tamẽ

523 1282 851 65 ex eo intelligitur, in quem gradum viri ſupra mu¬

526 1330 852 65 lieres euecti ſint à Deo. Propter tranſgreſsionẽ

524 1378 851 63 autem mulieris facta iam eſt durior & ſeruilior

523 1425 854 65 mulieris conditio, quæ ad virum tantùm ſuum

523 1472 854 66 tanquam ad ſuum finem tunc ſpectabat. Sed nũc

521 1520 854 61 ærumna & iugum additum eſt huic ſeruituti, quæ

522 1568 853 68 prius erat omnino & liberalis & voluntaria. Nũc

521 1615 856 66 enim dura eſt, etiam cùm eſt ad virum & maritũ

519 1663 856 70 proprium. Ex quo ipſo apparet Deum & confir¬

514 1715 860 84 maſſe priorem ſubiectionem, & eam propter

1182 1773 186 68 peccatum
