1500 2172
320 164 340 38 CAAVT IIII

879 142 70 68 344

84 189 872 69 hæc ætas, à Pueritia, Adoleſcentia, Virili ma¬

82 243 867 64 turáque ætate, & Senectute. Eſt enim iuuentus

86 291 864 64 poſt adoleſcentiam, & ante virilem ætatem velu¬

84 340 866 64 ti à decimo ſeptimo anno ætatis ad viceſimum

86 392 864 60 quintum, intra quos annos exiſtimo tunc fuiſſe

93 435 860 68 Timotheum: quemadmodum adoleſcentia eſt

86 486 864 63 poſt pueritiam, & ante iuuentutẽ à ſeptimo anno

86 534 867 63 ætatis ad decimũ ſeptimũ. Sic Pythagorici diſtin¬

86 584 867 57 xerunt vt apparet ex Laertio lib.8.in vita Pytha.

86 634 864 56 goræ etſi plures annos cuique ætati tribuit. Solõ

84 681 866 62 Athenienſis in epigrammate diſtinguit hominis

86 730 870 62 totam vitã in ſeptem ætates. Sed Ioannes in pri¬

82 777 872 63 ma Epiſtola cap.2.verſ.13. & 14. tres tantùm con¬

80 826 874 58 ſtituit. Nos noſtram diſtributionem ſequimur, ex

86 891 867 44 qua curus tunc atatis iuerit Timotneus intelligi

92 926 867 62 poteſt, & quantis in ea ætate Dei donis, & iis qui¬

82 972 870 63 dem ſummis & egregiis, ornatus fuerit. Id quod

86 1018 866 70 etiam apparet ex ſecunda Epiſtola ad eundem &

82 1066 350 58 ad Philip.2.verſ.18.

130 1116 822 68 Remedium autem per ſubiectionem affert

81 1166 870 68 Paulus, per quod efficiatur, ne vlla paſtoris ætas

80 1215 870 63 contemni vel poſsit, vel debeat. Eſt autẽ ſi illi

80 1266 867 62 ſe exemplar cæterorum fidelium præbeant in vi¬

80 1314 868 63 ta & doctrina. Igitur ex hoc loco colligitur iuue¬

81 1370 868 57 nes eligi poſſe in miniſtros, ſi ijs Dei donis excel¬

81 1410 868 64 lant, quæ ad tantum munus requiruntur. Supra

80 1460 867 58 cap.3 verſ.6.diximus, quæ ætas olim cuique mu¬

80 1504 866 62 neri Eccleſiaſtico exercendo præſcripta fuerit à

84 1554 864 64 Synodis vt hîc repetere nihil ſit neceſſe. Sed apo¬

82 1600 867 70 logo lepidiſsimo docet Æſopus non ſemper ca¬

81 1652 591 63 nitiei & barbæ ineſſe ſapientiam.

129 1696 820 69 Deſcribit autem fuſius Paulus illa duo, quæ

82 1749 868 82 diximus, id eſt, quibus in rebus paſtores gregis ex

687 1802 98 98 p.iij.
