1500 2172
362 165 262 33 CAPVT V.

878 146 69 72 394

80 196 873 69 autem ſemper apud probas mulieres, & bene

84 252 866 56 moratas etiam ciuitates alium fuiſſe viduarum,

86 298 868 64 quantunuis iuuenes adhuc eſſent relictæ, & alium

86 348 870 63 coniugum mulierum habitum, & cultum vti ex

84 394 870 66 libro ludith. & hiſtoria Thamaris Geneſ. 38.v.

82 447 868 62 14. apparet & ex Tertull. non quidem, vt aliqua

82 494 870 62 ſuperſtitio in cultu induceretur: ſed vt modeſtia

86 542 868 63 & honeſtas perſonarum & ordinum in Eccleſia

86 591 864 62 conſeruaretur. Quæ certè diſtinctio honeſtati,

81 639 872 63 atque etiam ipſius naturæ ſenſui conſentanea

82 688 867 63 propter diſſolutiſsimos noſtri huius ſeculi mores

82 740 868 60 iam ſublata & antiquata eſt, adeò vt magis com¬

82 794 868 56 ptæ & diſſolutæ viduæ noſtris his temporibus

80 838 870 58 nunc incedant & cernantur, etiam quæ ſe Chri¬

81 880 870 74 ſtianas, ſi Deo placet, appellant, quàm & cõiuges

82 934 234 56 & maritatæ.

128 976 822 63 Alterum autem eſt, quod etiam hoc loco ἀντί¬

84 1026 866 68 θεσν continet, nempe quod ait Paulus, ζῶσα τέθνηκe

84 1074 866 68 id eſt, viuens mortua eſt. Quæ enim poteſt eſſe

82 1125 872 62 hæc vita, quæ tôta offendiculi plena eſt, & certiſ¬

81 1173 866 63 ſimum futuræ mortis æternæ indicium ac teſti¬

81 1222 867 66 monium? Hæc autem ſententia quanquam con¬

82 1269 862 68 tradictionem implicare videatur, vt aiunt, &

84 1332 860 46 prorius αδυνατος eſſe, facile tamen explicari po¬

82 1368 862 63 teſt, quemadmodum docet hoc loco Chryſoſto¬

81 1408 417 74 mus. Eſt enim duplex,

530 1432 366 48 Vita, { Corporis,

470 1516 81 52 & -

666 1468 198 63 { Animi

678 1560 228 68 { Corporis

514 1610 326 63 { Mors { Animi

86 1656 861 66 Sæpe autem vita corporis cum animi morte cõ¬

82 1704 868 69 iuncta eſt, vt hoc loco. Sæpe autem diſiuncta ab

88 1758 867 75 ea, vt cum pij corpore moriuntur, vt animo vi¬

690 1806 99 72 r.iiij.
