1500 2172
333 144 302 26 CAPVT VI.

909 111 68 62 652

158 165 819 70 Inde quæritur, vtrum liceat homini pio &

111 216 864 68 Chriſtiano opes ſuas honeſtis iuſtiſque rationi¬

112 262 862 72 bus augere ſed ijs ipſis quas habet cõtentus eſſe

116 314 864 64 debeat, neque in id incumbere moderato quodã

114 363 867 66 ſtudio, non auaro, non etiam inſatiabili habendi

117 412 864 64 ardore nec ea animi attentione, per quam vitæ

117 460 862 68 æternæ curam & meditationem deſerat. Reſpon.

117 508 864 68 Licere, quia modò auaritiæ affectus, & animus

118 556 866 70 abſit, quod honeſto labore & moderata cura

120 604 864 69 comparatur acquiritúrque, Dei donuſn eſt, be¬

120 654 867 70 neficium, atque ipſius innos amoris & benedi¬

118 710 870 62 ctionis ſignum, vt eſt Pſalm.127. Sed hanc curam

120 756 867 64 ſollicitudinémque animi moderatiſſimam eſſe

122 798 867 68 oportet, ne à melioribus & ſalutaribus ſtudijs

122 848 867 70 auocemur & abducamur, dum toti in re facienda

123 894 864 74 ſumus Matth. 7.verſ.34. Ergo ſi neque Dei cul¬

123 957 867 58 tum, neque Chrimlanl nomis endritatem &

124 993 867 72 officium negligimus, rei familiari augendæ rectè

128 1041 862 74 quidem proſpicere & licet, & honeſtum eſt, quo¬

126 1092 867 72 niam cura familiæ noſtríque ipſius eſt habenda

126 1154 267 56 ſupra 5.verſ.8.

261 1212 732 72 Nihil enim intulimus in mundum,

134 1270 808 74 videlicet nec efferre quicquam poſſumus.

184 1341 808 84 8 Sed habentes alimenta, & quibus te¬

135 1413 558 74 gamur, his contenti erimus.

176 1468 830 69 Νυθέτοης, quæ modum præſcribit, qui nobis

135 1520 870 60 in terrenorum bonorum vſu & comparatione

138 1568 867 70 ſeruandus eſt, quem modum qui excedit, is planè

140 1617 867 60 & ſtultus eſt, & fruſtrà ſeſe cruciat. Fuit autem

141 1665 870 68 hæc præſcriptio valde neceſſaria, & cùm in hunc

142 1718 868 70 locum ſemel ingreſſus eſſet Paulus, aducienda

712 1770 116 68 Eaiij.
