1500 2172
579 135 706 56 250 AD I. PAVL. AD TIM.

573 178 861 75 In quaque enim ætate, vt oportet tractanda ma¬

574 231 862 70 gna quædam non tantùm prudentiæ, ſed etiam

572 282 864 68 charitatis pars poſita eſt, quæ vtraque & à pu¬

573 334 864 63 blicis & à priuatis admonitionibus nunquam a¬

573 375 849 69 beſſe debet, vt ſuum vſum & fructum habeant.

621 426 818 62 Illud autem notandum eſt, cùm ita Paulus nos

573 474 866 70 agere iubet, nolle tamen nos vel perſonarum ac¬

579 524 860 68 ceptatores vel aſſentatores eſſe, vt alienis vitijs

579 572 862 69 blandiamur & fau eamus: ſed ne nimium acerba

580 626 861 66 ce uerfugenurratione & oratione vtentes pecca¬

579 669 864 70 tores ipſos à Dei doctrina auertamus. Quæ certè

579 718 866 66 acerbitas prorſus eſt inutilis, quanquam tamen

579 766 792 70 grauitas eſt à paſtore retinenda Tit.1.verſ.7.

627 813 816 69 Hæc igitur ſunt de his rebus Pauli præcepta

579 864 868 69 & rationes I Paſtor Euangelicus, tanquam pe¬

579 910 870 69 ritus animorum medicus, pro ſuæ ætatis & ſexus

579 962 873 68 ratione tractato quenque, neminem imprudenti

585 1008 868 69 & acerba agendi ratione offendito. 2 Seniores

584 1064 868 62 tum mares, tum fœminas, peccantes tanquam pa¬

585 1107 873 69 tres & matres paſtor Euangelicus leniter admo¬

584 1155 873 60 neto. 3 Iuniores, tum mares, tum fœminas,

588 1204 870 68 peccantes velut fratres & ſorores idem commo¬

590 1251 868 64 nefacito. 4 Fœminæ imprimis autem iuniores

590 1300 868 69 ita à paſtore Euangelico moneantur, vt ſummus

591 1348 868 70 caſtitatis pudor in ipſa agendi & loquendi cum

590 1400 594 66 illis ratione eluceat & appareat.

634 1443 828 72 Επιπλήξης. Quidam ad pugnos & verbera refe¬

594 1492 870 74 runt, quæ quidem infligi viris ſenioribus à Ti¬

597 1542 870 68 motheo vetet Paulus: ſed perperam. Pertinet e¬

596 1588 872 72 nim hic locus ad verba tantùm acerbiora in pa¬

596 1638 873 72 ſtore damnanda: nõ ad verbera. Nam ſupra Pau¬

596 1686 873 72 lus docuit non debere paſtorem eſſe percuſſorẽ

598 1737 872 84 & τλήκτην. Ratio verò horum omnium præce¬

1324 1784 148 80 ptorum
