1500 2172
886 130 63 76 502

370 153 252 33 CAPVT V.

87 180 864 81 qualitas illa & ſtatus in quo tantùm creati ſunt.

92 234 858 72 ( Omnes enim angeli, etiam qui ceciderũt, dice¬

82 282 867 74 rentur & fuiſſent electi, quia in eodem ſtatu feli¬

84 330 885 70 ci omnes conditi ſunt) ſed præceſſit hæc Dei e¬¬

82 378 864 72 lectio etiam illorum creationem & ortum, & ab

81 430 864 69 æterno in Deo fuit. Hunc ſtatum tam excellentẽ

81 476 864 70 omnes quidẽ à Deo mera ipſius gratia erant con

81 524 864 70 ſecuti, ſed Dei illa gratia per quã ſunt alij dicti e¬

82 574 861 70 lecti, & prior eſt, & maior gratia creationis.

80 620 866 75 Hoc verò qui à Deo electi fuerũt, plus iam ſunt

80 672 861 69 adepti poſt malorum lapſum, ꝙ de feliciſſ. illius

81 722 862 68 cõditionis ſuæ ſtatu perpetuo futuro iam à Deo

75 770 868 72 certiſſimi effectit & in eo ſtabiliti ſunt, & in æter¬

75 816 862 74 num confirmati: Id quod, Deo illis reuelãte, iam

70 864 867 76 cognoſcunt & intelligunt. Bernandus in Sermo.

80 914 858 74 5de feſto omnium ſanctor. Inter Angelos & ho¬

74 962 862 76 mines aſſignari poteſt iſta diuerſitas ſanctitatis.

75 1011 861 75 Neque enim tanquam triũphantes honorari poſ

69 1062 867 72 ſe videntur, qui nunquã pugnaſſe noſcuntur. Ali¬

69 1110 867 74 ter tamẽ honorandi ſunt etiam ipſi, tanquã amici

69 1156 866 76 tui Deus, cuius nimirũ voluntati ſemper adhæſe¬

68 1208 867 78 runt, tãta vtique felicitate quãta facilitate. Aliud

68 1256 873 74 igitur in Angelis ſanctitatis genus. Et ſer.5. de vi¬

64 1304 861 78 ſio. Non eſt innata eis ſed à Deo collata iuſtitia,

68 1350 855 81 quæ inferior eſt diuina iuſtitia. Idem Bernardus,

63 1402 864 75 ſerm.22. cantic. cantico. Si angeli, ait, nuquam re¬

63 1454 864 76 dempti ſunt, alij vtique non egentes, alij non pro¬

62 1498 866 70 merentes: illi quidem quia nec lapſi ſunt, hi au¬

63 1545 861 78 tem quia irreuocabiles ſunt, quo pacto tu dicis

62 1593 861 78 Dominum Ieſum Chriſtum eis fuiſſe redemptio

57 1642 862 81 nẽ? Audi breuiter. Qui erexit hominem lapſum,

62 1692 860 78 dedit ſtanti angelo, ne laberetur: ſic illum de ca¬

57 1742 860 90 ptiuitate eruẽs, ſicut hunc à captiuitate defendẽs.
