1500 2172
579 144 864 84 teſtatus ac confeſſus eſt Chriſtus, mimirum vt

579 196 864 81 Deus glorificaretur propter miſericordiam

579 250 686 69 patefactam & in homines collatam

578 296 861 78 Denique propter effectum vberrimum & ampliſ¬

574 344 864 76 ſimum quem hæc confeſſio protulit. Nam mor¬

574 396 861 69 te ipſa à Chriſto ſtatim obſignata eſt & confir¬

573 441 864 76 mata. Itaque illa confeſſio fuit veriſſimum teſti¬

572 495 864 69 monium Chriſti de voluntate Dei in ſaluando

570 543 864 74 genere humano, quæ multa, imò infinita poſtea

570 591 864 75 hominum millia Deo lucrata eſt, quos in ipſa ea¬

567 638 864 76 dem doctrina confirmauit, atque etiam hodie

566 686 866 80 confirmat. Talis quoque eſt hodie mors piorum

566 735 866 76 Martyrum. Mors autem Socratis, mors hæreti¬

564 782 864 75 corum obſtinatè ſuos errores defendentium nõ

562 826 867 80 eſt confeſſio bona, tũ quòd de hæreſi ſit iſta con¬

561 879 868 75 feſſio non de veritate Dei: tum etiam quòd non

564 926 867 78 ſit obſignatio doctrinæ, quæ pios fructus profe¬

561 980 870 69 rat. Nam Socratis mors certè non fuit Socratis

560 1024 872 74 doctrinæ cõfirmatio, ſed potius fuit illius velut

560 1072 868 75 extinctio quædã & ſuffocatio. Itaque cum morte

560 1118 867 81 & cum cõfeſsione Chriſti nullo modo eſt confe¬

556 1180 579 70 renda, nedum cum ea æquanda.

588 84 87 72 711

747 92 555 64 AD I. PAVL. AD TIM.

616 1268 806 82 14 Vt ſerues hæc mandata, maculæ &

550 1326 873 78 culpæ omnis expers, vſque ad illuſtrem illum

552 1380 759 82 aduentum Domini noſtri Ieſu Chriſti.

596 1461 826 74 Ε’ξήγηοις eſt. Docet enim iam de qua re tam

555 1512 862 74 grauem obteſtationem addiderit & præmiſerit.

554 1560 867 72 Nimirum vt paſtores omnes, imprimíſque Ti¬

550 1610 867 70 motheus ipſe ſeruet ſuperius mandatum, ídque

538 1656 879 70 conſtanter & purè donec Chriſtus illuſtri ſuo il¬

549 1704 867 88 lo & ſecundo aduentu appareat in ſuorum ple¬

1320 1776 98 56 nam
