1500 2172
380 152 352 27 CARVT IIII

903 122 34 57 28

92 168 878 80 ctificandi ratio proponitur, verbum Dei, &

98 224 872 72 Precatio. Verbum Dei, quia tum demum ſana

98 272 874 68 conſcientia ſumimus hos cibos, cùm per Dei

100 321 874 70 verbum intelligimus eos nobis in eſum conceſ¬

100 369 874 69 ſos & datos eſſe. Itaque hoc Dei verbum fide à

100 417 873 69 nobis apprehendi prius debet, quàm hic cibus

102 468 873 68 ſanctificari poſſit. Cur autem ad Dei ſermonẽ ſit

100 518 876 69 nobis recurrẽdum, ratio eſt, quòd per Adamum

104 566 876 70 omne ius illud, quod prius in Dei creaturas, &

105 612 876 72 mundũ hunc habuimus, perdidimus. Quod nobis

105 662 876 72 reſtitutũ eſſe nõniſi ex Dei verbo fide apprehen

106 712 873 70 ſo poſſumus agnoſcere. Hanc fidẽ ſequitur pre¬

105 759 876 74 catio noſtra, quæ à Deo petit, qu'od eſt ipſe mera

105 814 876 68 luu belignitate pomeltus, & agnoſcit eum tan¬

104 856 874 69 torum bonorum authorem eſſe. Atque tunc de¬

108 903 876 75 mum noſtrum eſſe & à Deo nobis donatũ, quod

111 958 872 70 apponitur, intelligimus, vt ſine animi ſcrupulo

114 1020 164 52 vtamur.

164 1050 819 69 Hæc autem ſanctificatio communis menſæ

114 1098 872 69 differt ab ea, quæ fit in myſtica Cœna Domini,

117 1154 686 62 vti præclarè docet hoc loco Caluinus.

164 1197 824 74 Quærit Chryſoſtom. de delicijs ciborum, v¬

111 1246 878 68 trum ijs ver niecat homini Chriſtiano. Reſpond.

110 1298 876 64 verò cùm nobis profuſa liberalitate ſua dona

111 1347 880 72 largitus ſit Dominus, nec vnius tantùm generis

111 1395 878 63 cibos in vſum noſtrum creauerit, poſſe nos cum

117 1443 873 70 gratiarum actione, etiam cibis lautioribus vti.

118 1492 872 70 neque tantùm vulgaribus, modò omnis luxus,

120 1540 780 75 ingluuies, intemperantia, & crapula abſit.

729 1779 110 76 n.iiij.

184 1641 812 86 6 Hæc ſi ſubieceris fratribus bonus eris

123 1708 873 94 miniſter Ieſu Christi, innutritus in ſermoni¬
