1500 2172
340 162 279 38 CARVT VI.

84 184 868 69 ſtræ, & gratuitæ Dei de nobis electionis ſigna &

86 240 870 66 conſequentia, itémque fidei noſtræ certiſſimi

84 288 867 68 fructus, vt docet Iacob.2. Per ſe enim Eleemoſi¬

84 339 872 66 næ, quantumuis magnæ non poſſunt eſſe pretiũ

86 387 868 63 vitæ æternæ, imò nullo modo vllius coram Deo,

86 432 868 68 niſi in Chriſto, ſunt pretij. Sunt enim res nimiũ

86 483 868 66 exiguæ & nullo modo cum regno Dei compa¬

87 530 868 64 randæ, quin etiã extra Chriſtum Deo diſplicẽt.

86 579 868 63 In nobis autem eſſe ſalutis cauſæ non poſſunt,

87 633 868 62 quia fiutiqualir eus qu'antum ad communis chari¬

87 676 872 64 tatis officium præſtandum tenemur, facimus, vt

87 728 870 63 malè ex hoc loco Papiſtæ merita operum con¬

88 782 338 56 firmare conentur.

142 836 814 76 20 Timothee, depoſitum ſerua, & a¬

87 898 870 68 uerſare profanos de rebus inanibus clamores

90 950 804 76 & oppoſitiones falſo nominatæ ſcientiæ.

138 1014 820 66 Concluſio totius Epiſtolæ, in qua quid maxi¬

90 1066 870 63 mè ſit Paſtori fideli & amanti Dei gloriæ, gre¬

93 1114 868 66 gíſque ſui ædificationis fugiendum inculcat.

92 1166 872 66 Non fruſtra id quidem, neque temerè: ſed quod

90 1214 872 64 hoc inanis metæologiæ vitium fore tãquam fon¬

92 1264 872 62 tem omnis corruptelæ, quæ in vera Theologia

93 1312 868 68 poſtea inducta eſt, iam tunc præuideret, atque

93 1360 870 64 prædiceret Spiritus ſanctus. Ergo & maturè &

92 1407 870 66 ſeriò huic malo proſpici & caueri voluit. Atque

92 1460 870 60 hæc cauſa eſt, cur hanc admonitionem repetat,

93 1503 872 70 quæ ſup.verſ.5. & cap.1.verſ.6. tam diligenter po¬

92 1554 872 63 ſita erat. Primum autem breuiter Timotheo,

94 1598 868 68 id eſt, cuilibet legitimo paſtori ſuum munus cõ¬

94 1650 868 64 mendat, atque ad illud ſtrenuè obeundum ex¬

93 1700 868 64 hortatur, cùm ait, ſerua depoſitum. vti Coloſſ.4.v.

94 1748 867 84 17. Archippum quoque de ſuo officio breuiter

882 120 62 84 760
