1500 2172
376 154 332 34 CAPVT IIII.

908 129 60 68 322

96 180 873 72 rebus homines ferè faciliúſque capiuntur, quàm

98 234 867 62 vera ſanctitate: ſic hoc nouo hominum genere

98 285 872 56 exorto & terris monſtrato, omnes miro ſtupore

98 333 879 58 affici, nouum hoc vitæ genus in cœlum tollere,

99 381 870 57 & cùm ad ſcripturæ regulam non examinarent,

104 428 867 66 (quod tamẽ Baſil. Magnus vitæ Monaſticæ præ¬

98 477 872 57 co fieri vult) ſolum beatum prædicare cœperunt.

98 525 873 58 Hinc laudes horum hominũ immenſæ extiterũt,

100 573 867 66 & hyperbolicè decantatæ, etiam à priſcis ſcri¬

99 622 872 63 ptoribus quibuſdam, qui Baſilium ſunt ſequuti¬

99 672 876 63 Nam Iuſtini Martyris, Tertulliani, Cypriani, Ire¬

99 723 876 58 næi, Ignatij ſeculo hoc mõſtrum hominum non¬

99 770 876 60 dum natum in orbe Chriſtiano fuerat, quicquid

99 818 873 57 Euſebius ex Philone narret: cùm Philo non de

105 864 868 62 Chriſtianis, ſed de Eſſænis Iudæis loquatur, quæ

98 926 873 48 res non fuit, vt alſæ muſtæ, ab Euſeblo obſeruata,

100 963 870 60 quemadmodum præclarè Chẽnitius in Exami¬

99 1011 876 64 ne Tridentini concilij probat, quicquid Diony¬

99 1060 872 63 ſius ille conſecrationis Monachorum in Hierar¬

104 1112 308 57 chia meminerit.

148 1160 824 63 Quidam hoc hominum genus ex perſequutio¬

98 1208 876 63 nibus, ijs præſertim, quæ ſæuiſſimæ contigerunt

98 1257 876 62 ſub Maximino, & poſtea Diocletiano, exortum

98 1308 874 60 cenſent, quòd cogerentur pij homines in vaſtas

96 1353 876 58 ſolitudines confugere, vt perſequutorum imma¬

98 1400 873 57 nitatẽ euitarẽt. Et certè hæc cauſa erat probabilis

94 1448 874 63 niſi ἔξ ἀιρίβως potius animi, quàm ex vlla neceſ¬

98 1500 876 60 ſitate appareret homines hoc ſibi iugum impo¬

99 1546 872 62 ſuiſſe, & eo tempore, quo nullæ erant perſequu¬

99 1592 873 68 tiones: ſed ſumma pace fruebatur Eccleſia Dein¬

100 1644 873 60 de niſi ipſa hiſtoria Eccleſiaſtica eo tempore,

102 1694 876 60 quo Monachiſmus adhuc penè recens erat, ſcri¬

104 1743 872 78 p ta, aliud diceret, quæ refert hoc inſtitutum vitæ

706 1802 110 54 o.iiij.
