1500 2172
306 147 290 38 CAPVT VI.

855 122 20 63 26

54 170 866 80 pſius cœleſtem gloriam intentis fixiſque penitus

54 225 866 70 oculis intuẽtes. Atque hæc conſolatio & admo¬

54 278 866 66 nitio non tantùm illo ſæculo fuit opportuna atq;

56 320 864 69 neceſſaria, quo vera Dei Eccleſia paſſim ab o¬

56 375 868 64 mni mundo ſpernebatur atque irridebatur: velut

56 420 867 66 mundi reiectamentum quoddam vt ait Paulus

57 464 864 70 1. Corint.4 ſed etiam hac noſtra ætate certè qui¬

58 512 862 72 dem eſt vtiliſſima, qua & ab extraneis, id eſt infi¬

60 564 864 70 delibus, & ab intraneis, id eſt, hypocritis non mi¬

62 610 866 72 nus uffligimur, ſpernimur, irridemur, quàm olim

64 660 864 70 verè pij, & homines Chriſtiani. Hæc enim mo¬

62 705 868 74 leſta & dura conditio manet Eccleſiam Dei o¬

62 765 435 64 mni tempore Pſalm.123.

123 814 807 86 15 Quem temporibus ſuis oſtendet ille

63 876 862 80 beatus & ſolus Princeps, Rex regum, & Do¬

63 945 396 60 minus dominorum.

114 1000 816 69 Α'ὔξησις eſt. Amplificat enim ſuperiorem ex¬

68 1052 861 69 hortationem tum à temporis definiti certíque

68 1100 864 69 circunſtantia: tum à Dei ipſius, cuius doctrina

68 1148 864 69 ſeruari præcipitur, & cui veri & fideles Eccleſiæ

68 1202 866 68 paſtores ſeruiunt, dignitate, & comparatione.

70 1248 866 66 Continet quoque hic locus ύποφοραν. Occurrit

69 1294 866 69 enim tacitæ obiectioni piorum, qui illuſtrem illũ

72 1344 862 68 Chriſti aduentum iamdudum expectantes, non¬

69 1389 868 66 dum tamen eum videbant. Ergo ne vel animis

72 1443 868 66 denielanit poit longam expectationem illius ad¬

74 1488 868 66 uentus: vel obrepat blaſphema iſta cogitatio, qua

74 1533 868 68 ſi Chriſtus venturus nõ ſit, & ab eo Eccleſia delu

75 1587 866 63 datur, hoc reſponſum tanquam neceſſarium ani¬

76 1634 868 68 morum fluctuantium pharmacum & remedium

75 1682 864 70 ſubiicit Spiritus ſanctus, Nimirum tempora i¬

75 1728 866 80 ſtius aduentus eſſe certa quidem illa & defjni¬

76 1779 682 75 ta: ſed ſoli Deo nota, & conſtituta.
