1500 2172
584 166 94 36 453

738 142 564 54 AD I. TAVL. AD TIM.

579 189 858 69 voxiſta πιςις non addatur, tamen ex mente Pau¬

578 240 858 68 li intelligitur. Nihil enim hîc de viris præceptum

578 288 856 70 eſt, qui propinquas & cognatas viduas alere poſ¬

578 336 860 72 ſunt, quod idem ad fœminas non pertineat. Nam

578 387 860 66 etiam illæ ſi ſunt diuites, pauperes cõſanguineos

578 435 858 64 ſuis opibus ſuſtentare & ſubleuare certè debent,

579 483 858 69 exemplo illius Tabithę de qua eſt facta mentio

568 532 862 69 Actor.9. & Electę, de qua Ioannes 2.epiſtola, quę

582 582 849 66 vtraque ſuis opibus alienos fouit, nedum cog¬

579 632 856 66 natos fideles egentes, ſi quos habuit, Item &

579 676 858 70 Ioannę mulieris, & aliarum de quibus eſt Luc.8.

580 726 854 69 verſ. 3. Quæſitum eſt autem. Quid ſi illę viduę

580 777 855 64 quę ſe à piis propinquis ali poſtulant, ipſæ non

578 822 854 63 ſunt pię. Reſp. Etſi omnibus eſt benefaciendum,

580 882 856 54 Vt dotet iuem l'auius Galat. o. imprimis tamen

579 916 856 74 de domeſticis fidei hoc Pauli pręceptũ intelligẽ¬

578 969 860 63 dum eſſe, & de Viduis piis, quę nomen dederunt

579 1016 856 66 Chriſto, quarum maxima & potiſsima ratio ſem

579 1065 826 68 per haberi debet à cognatis piis & Chriſtianis.

642 1113 795 64 Dicit autem Paulus Επαρκεῖτο id eſt, abunde

578 1162 861 69 & copioſè ſumminiſtret. Αρκεῖν enim eſt copioſe,

579 1212 858 69 & quantum ſatis eſt atque neceſſarium, ſuppedi¬

579 1260 858 66 tare. In quo tamen præclarè Chryſoſto. annota¬

579 1308 858 69 uit, nõ pręcipi à Paulo, vt delicię illis Viduis vel

579 1360 861 64 à cognatis vel ab eccleſia, à qua aluntur, præ¬

579 1406 862 68 beantur: ſed quod ad victum modeſtum, ſobriũ

580 1456 864 64 ac earum conditioni aptum ſit ſatis & conue¬

579 1504 860 63 niat. Neque tamen ſic, vt Viduæ illæ alantur

579 1551 858 66 otioſæ & inertes: ſed vt illæ ipſæ victum ſibi,

579 1599 860 66 quãtum arte vel manibus ſuis vel labore poſſunt,

579 1647 864 68 comparent etiã, veluri lanificio, ſerificio, ſuendo,

579 1696 860 68 nendo, aliíſque rationibus honeſtis. Quòd ſi iſtę

584 1746 860 82 viduæ & pauperes laborent, iam cognati vel ec¬

1335 1794 108 69 cleſia
