1500 2172
339 171 339 39 CAPVT IIII.

873 134 69 76 308

75 196 873 82 vixerint, eò grauius ſunt damnãdi, quòd eos, quos

76 252 872 75 verbis ædificare ſtudent, vitæ turpiſſimę exem¬

78 298 872 76 plo perdunt. Poſtea verò aduerſus hunc locum

78 345 872 78 obiicitur illa Chriſti ſententia, Martha ſollicita

78 393 872 80 eſt circa plurima Luc. 1o. verſ. 41. Ex qua vitam

80 444 870 75 contemplatiuam Actiuæ, quam vocant, & quam

80 490 866 80 hac voce, γύμναZε, ſignificaſſe videtur Paulus, prt¬

81 542 870 78 ferri colligunt. Reſpond. Nihil illum locum cum

81 585 872 81 hoc Pauli habere commune. Alia enim planè

82 632 872 84 Chriſti mens eſt illîc, quàm vt piæ & actiuæ, quã

84 688 872 74 vocant, vitæ ſtudium reſtinguere in nobis cone¬

84 732 873 80 tur Chriſtus: quod actiuæ vitæ genus hîc procul

84 783 874 80 dubio etiã Paulus commẽdat: at que vanę & Mo¬

86 837 872 68 nachicæ hominum ſpeculationi. i. vitæ contem¬

86 879 872 82 platiuæ poſtponit, quicquid de loco illo Lucæ

87 940 502 66 Monachi imperiti ſentiant.

138 969 822 88 Ait γύμναζε Exerce) Qua voce duo demõſtrat

92 1024 866 78 Paulus, 1 Continuum vitæ noſtræ ſtudium

92 1071 866 82 & exercitium in eo eſſe debere, vt ſanctè, & piè,

92 1125 870 76 & religioſè viuamus. Is enim eſt finis, propter

93 1178 864 75 quem ſalutaris illa Dei gratia per Chriſtum ap¬

93 1216 870 86 paruit. 2 Vt intelligamus quàm natura inepti

92 1268 870 82 & indociles ad huiuſmodi opus ſimus, ad quod

92 1317 870 78 nos idcirco formari longa & perpetua exercita¬

93 1366 870 80 tione, cura, meditatione, & vigilantia neceſſe eſt.

96 1413 867 82 Ataque ad illud non naſcimur apti. Nam ad malè

96 1464 866 78 agendum non eſt nobis vlla exercitatione opus,

98 1515 867 76 cùm ſponte in illam partem propendeamus &

99 1557 868 87 procliues ſimus. Denique ex hoc loco verum eſſe

102 1608 864 80 intelligitur, quod ait Bernardus epiſt. 201. Paſto¬

100 1654 868 82 ris officium eſſe, vt paſcat gregem ſuum verbo:

104 1708 864 81 paſcat exemplo, paſcat & ſanctarum fructu ora¬

104 1756 864 87 tionum. Nam vocis virtus eſt opus, & operi &
