1500 2172
716 141 574 68 AD I. PAVL. AD TIM.

555 168 86 50 213

550 190 867 80 Epiſcopi. Ergo eum vxorem vel antea habuiſſe,

552 244 867 75 vel adhuc habere ſatis colligitur. Nec enim illa

550 296 868 74 Hieronym. ſententia & allegoria probanda eſt,

552 345 866 69 qui nomine filiorum & filiarum Epiſcopi cogi¬

549 394 872 72 tutionte te epr Aintelligi vult, vt ſcribit in Epiſt.

550 444 868 72 ad Titum 1. Verba enim hæc Pauliſine allegoria

555 500 272 62 debent accipi.

600 540 819 70 Præterea ex hoc ipſo loco docetur, quàm lon¬

554 590 866 72 gè ſint idoneiores ad Epiſcopatum coniuges,

554 640 866 68 quàm cœlibes viri, & vt ſpecimen quoddam ma¬

552 687 868 69 ioris humanitatis, & induſtriæ, prudentíſque ad¬

552 735 868 72 miniſtrationis in ijs appareat, qui familiã habẽt,

552 786 868 68 id eſt, vxorem & liberos: quàm qui perpetuò cœ¬

549 832 873 70 libes & ſolitarij vixerunt. Certè vt non debet

550 880 872 69 homo Chriſtianus eſſe ἀπολίς, & tanquam fera

555 932 866 68 quædam in ſolitudine vaga viuere:ita etiam non

552 978 872 64 debet ab ijs officiis humanitatis alienus eſſe &

550 1029 868 68 expers, quæ quodãmodo naturã noſtrã excolunt,

550 1077 872 70 reddúntq; politiorẽ. Ex quo fit, vt totũ genus il¬

550 1128 873 68 lud hominum, qui in vita Monachica conſenue¬

550 1176 874 64 runt, ſit ad munus Epiſcopale inepriſſimum, non

552 1226 868 63 tantum propter ignorantiam diſciplinæ & com¬

552 1274 872 64 munis hominum ſocietatis: ſed etiam quòd in ſo¬

550 1323 873 63 litudine enutriti penè ſolent eſſe ἀυθαδας, & ma¬

555 1371 872 66 gna humanioris illius conuerſationis ſuauitate

555 1416 868 70 curtt, per quam hominum ſocietatẽ inter ſe ipſos

554 1467 872 66 tuentur. Et tamen aliquando hic fuit receptus

555 1512 873 72 mos, vt Epiſcopi ex hoc hominum Monachorũ

555 1566 872 69 genere & cœno maxime eligerentur, vt apparet

555 1610 872 68 ex cano. Monachus diſtinct. 77. Id quod ſuo ſe¬

555 1659 874 68 culo probatum fuiſſe ſcribit Ambroſius epiſt.82.

556 1708 873 63 Sed hi homines ſecum in Eccleſiam maximas &

561 1758 870 80 peſsimas ſuperſtitiones quoque, quas ſemel iam

1270 1806 160 58 imbibe¬
