1500 2172
310 150 324 36 CAPVT IIII.

882 129 64 56 278

80 178 867 76 tata eſt, nempe defectio à fide, & à ſana doctrina.

82 236 867 64 Doctores igitur appellat δαδολόγες: Eorum e¬

84 282 868 63 nim doctrina eſt falſa, & contraria velæ & ſanæ

81 332 868 62 doctrine Diſcipulos autem vocat ἀποςάτας & ho¬

82 382 870 66 mines leues, qui veritatem iam perceptam faci¬

84 430 867 69 le deſerunt, qua ſunt ingenij vanitate. Omnis er¬

86 478 868 68 go mali iſtius & ruinæ fons & origo ex eo eſt,

87 524 864 72 quòd homines à verbo Dei deſciſcunt, & defi¬

86 573 870 68 ciunt ad vana animi ſui figmenta ſcilicet, & ad

86 622 868 72 impias ſoggeſtiones Sathanæ, quibus attendunt.

86 670 868 70 Dixit enim attendunt. Eſt autem attendere dili¬

86 723 872 66 gentem animi curam & operam ponere, &

84 768 872 74 non perfunctoriè vel leuiter aliquid deguſtare:

86 818 872 72 quod ſtatim deſeras: ſed magno ſtudio & diligẽ¬

86 866 870 74 ti noſſe, perquirere, & ediſcere. Sunt autem ho¬

86 915 872 68 mines nouarum rerum & blaſphemarum auidiſ¬

84 962 873 70 ſimi naturâ: ſed imprimis ij, qui huiuſmodi do¬

82 1012 873 66 ctrinæ attendunt. Tempus quoque deſignauit

86 1062 868 68 Paulus, nõ quidem tempora omnium nouiſſima:

84 1110 874 69 ſed tantùm poſteriora. Quòd notandum eſt, vt

84 1160 874 70 eo magis intelligamus, vtrum iſtum Pauli dictũ

84 1209 872 72 ad Papiſtas pertinere poſſit, de quo ſeq. verſicu¬

87 1270 189 63 lo agetur.

141 1320 816 80 2 Per hypocriſin falſiloquorum, quorum

84 1382 626 78 conſcientia cauterio reſecta eſt.

129 1449 830 68 Εʹπεξεσγασία, Operoſè enim & diligenter Pau¬

84 1497 876 72 lus ſingula notat, quæ in ipſis hæreſeon authori¬

86 1545 873 66 bus ſunt obſeruanda, vt eæ ſint nobis magis dete¬

84 1598 876 68 ſtabiles, & earũ çauſæ magis turpes & fœdæ appa

84 1647 872 64 reãt. Itaque obſeruanda ſunt encomia, quæ iſtius

82 1690 873 68 doctrinæ authoribus hîc à Paulo tribũntur. Tri

81 1744 873 81 buit igiturhis, Hypocriſin, & Conſcientiam cau
