1500 2172
585 147 81 40 615

774 129 531 56 AD I. PAVL. AD TIM

579 180 856 60 ri argumento proximè ſequens tractatio quæ

578 230 860 60 eſt de ſeruorũ officio erga dominos. Quid enim

576 284 858 54 hæc commune habet cum paſtorum electione,

576 327 856 56 cum cenſura Eccleſiaſtica, cum officio Preſby¬

574 375 862 63 terorum, cum tota denique politia diſciplináque

578 424 858 58 Eccleſiaſtica, quæ omnia ſuperius in tota hac E¬

578 472 858 63 piſtola perſecutus eſt Paulus? Præſertim verò

573 522 862 63 cùm ſerui eo tempore, quo hæc ſcribebat Paulus

574 572 861 63 ex iuris Romani conſtitutione pro mortuis inter

574 621 860 60 homines haberentur, id eſt, perinde atque ſi o¬

573 670 864 60 mnino nõeſſent homines, ſed pecudes cenſerẽtur

576 716 861 62 quæ certè pecudes ad cœtum Eccleſiæ minimè

573 765 864 60 pertinent, nullámque nobiſcum iuris commu¬

573 813 866 60 nionem habent, ſiue terreni & ciuilis, ſiue cœle¬

574 862 866 62 ſtis & ærerni. Ecquæ igitur huius loci cum ſupe¬

574 909 867 60 riore cõtinuatio eſſe poteſt? Reſpond. Cùm pro¬

573 964 864 56 poſitum ſit Paulo in hac Epiſtola depingere atq;

573 1010 868 58 informare eam boni paſtoris ideam, in qua ni¬

572 1053 868 66 hil abſit, nulláve pars miniſterij neceſſaria deſi¬

573 1108 868 54 deretur, etiam de ſeruorum officio erga domi¬

573 1152 867 62 nos fuiſſe dicendum. Cuius rei duplex eſt ratio.

597 1202 846 57 I Quod ſerui etiam ipſi pars ſunt Eccleſiaſtici

574 1250 867 52 cœtus. Itaque minimè à paſtoris cura & diſcipli¬

572 1298 872 64 na ſemoti. Ergo his, vti & alijs, ſua præcepta dan¬

573 1350 870 56 da erant, ne propter eos Dei nomen, quemad¬

574 1396 867 54 modum docet hoc loco Paulus, blaſphemetur.

578 1443 866 62 Quod verò nobis ex iure ciuili Romanorum

576 1492 868 58 obiicitur, in politicis quidem contractibus & cõ¬

578 1542 867 60 merciis exercendis verum eſſe & locum habere

576 1590 866 63 cõcedimus, ſeruos pro mortuis haberi, nullámq;

573 1638 873 62 eſſe corum voluntatem. Sed in ijs, quæ ad anima¬

573 1684 872 63 rum ſalutem & ad Eccleſiæ atque conſcientiæ

574 1740 870 70 ſtatum pertinent, omnino ſecus eſt. Sunt enim

1334 1782 116 69 etiam
