1500 2172
582 141 78 33 195

728 120 568 50 AD I. TAVL. AD TIM.

572 164 862 58 ditus erat poſtea propter ſuæ nuditatis horrorẽ

572 218 866 60 egere & veſtitu. Itaque Dominus ipſe ex ijs re¬

572 264 864 60 bus, quas in hoc mundo condiderat, aptauit con¬

567 310 868 60 fecítque veſtimentum Adamo, vt eſt Geneſ.3.

570 362 866 63 Adeò vt mundi huius & rerum omniũ, quæ ho¬

570 410 861 62 minis cauſa à Deo creatæ ſunt, vſus ſiue fructus

567 458 868 64 omnis in his duobus ſit poſitus nimirũ vt & Ala¬

570 508 864 62 mur, & Veſtiamur in hac vita vt apparet Prouer.

568 555 866 66 27.verſ.26. Eccleſ.39. verſ.31.32. In futura verò vi¬

568 608 868 60 ta neque cibo, neque potu, neque veſtimento o¬

567 654 864 58 pus habebimus: ſed in eo erimus ſimiles Angelis

567 702 870 63 beatis. Vtroque autem hîc egemus tum propter

567 752 868 62 naturæ noſtræ conditionem, in qua primum à

567 798 868 62 Deo facti ſumus (nam etiam ederet Adamus, etſi

572 854 866 52 purus & qualis creatus erat manſiſſet) tum etiam

568 904 867 51 propter peccatl labem & miſeriam, in qua iam

570 944 867 60 verſamur. Inde eſt medicamentum, veſtiment ũ

567 996 868 57 varia propter ſtomachi infirmitatem rerum ge¬

562 1042 880 62 nera Sic Geneſ.28. ver ſ. 2o. duo tantùm hæc pe¬

567 1089 546 56 tit à Deo Iacobus Patriarcha.

620 1137 819 58 Victus autem nomine etiam potum: Veſtitus

564 1191 873 56 autem etiam habitationem complectimur, quod

567 1233 870 58 etiam Iuriſconſulti docent, ne hîc anguſtiſſimam

570 1284 868 54 eſſe harum vocum ſignificationem putemus. Ne¬

572 1332 866 54 que tamen ſic ſtrictè Victum at que veſtitum no¬

568 1380 870 52 bis à Deo conc edi debemus interpretari, vt lau¬

568 1430 868 60 titiarum omnium vſum denegatum eſſe exiſti¬

570 1479 870 57 memus. Nam & odoribus & vnguentis vſos eſſe

568 1528 868 58 patres apparet Pſalm. 23. & nobis quoque non¬

567 1576 872 58 nunquam liberius epulari, ſuauioribus condimẽ¬

568 1622 867 62 tis vti licere, modò luxus, atque abuſus omnis,

567 1670 866 63 ebrietáſque & crapula à noſtris conuiuijs abſit,

570 1724 864 72 verum eſt, ne dum auaritiam vitare ſtudemus, in

1268 1770 168 68 miſeram
