1500 2172
538 148 90 45 309.

722 126 552 54 AD I. PAVL. AD TIM.

537 166 868 74 verbis Græcis, id eſt, inter χρῆος & Α'πολάυη

536 220 866 63 nulla huiuſmodi differentia reperietur obſerua¬

536 272 866 68 ta, vt χρη̃͂ος tantùm de bonis terrenis: ἀπολάυον de

538 320 864 68 bonis cœleſtibus tantùm accipiatur. Denique

537 369 867 66 hic ipſe locus oſtendit, de bonis terrenis præci¬

538 418 864 66 puè agi, in quibus diuites huius ſeculi ſpem po¬

537 468 864 68 nunt, quæ tamen à ſolo Deo dari docet Paulus

537 516 866 66 hoc loco. Quid igitur ſibi vult hæc dicendi ratio?

538 566 864 66 Nimirum, non ea tantum nobis à Deo ſuppe¬

537 614 867 70 ditari quæ neceſſaria ſunt ad ſtrictè, anguſtè, du¬

536 663 876 66 riter, & tenuiter vitam hanc tuendam & ſuſten¬

537 710 868 68 tandam: ſed benignè, profuſè, largiter & liberali¬

537 762 868 63 ter, multa etiam nobis à Deo præter neceſſarium

537 808 867 64 vſum tribui. Hoc dicunt ſeptuaginta interpretes

536 854 867 66 in veteri Teſtamẽto ἀωμεῖν Mautem Tullius lib.

536 900 872 72 1. de Legib. Prodigere, vt ex hac tam liberali Dei

536 951 872 68 in nos benignitate intelligamus nõ tãtùm quàm

537 1004 867 63 luitiuo hDeo iperandum ſit, quàm in diuitijs:

537 1048 870 63 ſed quàm opulentius & liberalius à Deo omnia

537 1098 873 66 accipiamus, quàm vlli diuites à ſuis opibus habe¬

540 1146 868 63 it poinn. E mhique ex hoc loco immenſæ Dei

543 1196 864 74 benignitatis in homines commendatio fieri de¬

543 1246 92 72 bet.

594 1304 816 74 18 Vt alijs benefaciant, vt diuites ſint

542 1364 868 75 operibus bonis, faciles ad impartiendum, fa¬

549 1419 302 74 cilis conuictus.

590 1478 824 69 Sequuntur aliæ virtutes duæ, quæ ſuperiori¬

542 1536 870 58 bus etiam vitijs, quæ in diuitibus notauit Paulus,

543 1582 870 63 opponuntur. Hæ autem ſunt, Benignitas, & Co¬

538 1635 876 50 mitas. Ac benignitas quidem ſiue beneficentia

538 1680 872 57 eſt veriſſimus diuitiarum fructus. Comitas verò

544 1730 868 74 velut condimentum ipſius beneficentiæ, certè

1284 1779 130 75 ſuper¬
