1500 2172
866 126 68 64 644

322 150 297 27 CAPVI. VI.

74 172 867 70 vtiliter inſtitutas, quales Philoſophorum pleræ¬

74 228 870 64 que fuere: ſed ωρα διατριβὰς potius eſſe. i. peſti¬

69 278 868 63 feras, peruerſas, inutiles & dãnabiles λογομαχίας,

74 327 864 62 quia in ijs verbum Dei peſsimè peruertũt. Chry¬

70 375 867 64 ſoſtom. & Theophylact. aliter interpretantur,

74 423 866 58 confricationes nempe, quòd illi ſeſe, tanquam

72 472 870 62 morbidæ oues, confricantes corrumpunt. Et

72 519 868 66 certè quicunque ancea ſani in Sorboniſtarum

72 573 868 56 collegium cooptantur, tanquam in reprobũ ſen¬

74 618 866 66 ſum traduntur, & peſs imi Chriſti ipſius hoſtes

74 674 315 52 tandem euadunt.

128 712 810 64 Quod autem pertinet ad cauſas peruerſæ i¬

70 765 872 56 ſtius doctrinæ, illæ ex doctorum moribus turpiſ¬

64 810 876 63 ſimis facilè intelliguntur, & à Paulo breuiter hîc

69 860 868 58 deſcribuntur, vti & 2.Timoth.3. & Coloſſen.2. &

78 906 858 64 Tit. I. Sunt enim ferè hæ, nempe, Superbia, Men¬

72 957 860 63 tis iudiciíque corruptio, Mendacium, & ignorã¬

72 1005 864 62 tia, ſiue Profana & impia auaritia. Sunt enim i¬

70 1072 866 44 itius pertis doctores iati nuc luperoi: mente

70 1104 867 63 corrupti, priuati veritate, & ignariſsimi, auariſsi¬

70 1154 867 54 mi, pietatem in quæſtum turpiſsimum conuer¬

69 1202 870 64 tentes. Quid aptius dici potuerit, quod totam

69 1252 868 58 Sorbonicam Scholaſticorúmq; mores referret,

70 1300 866 60 non video, modò nos eorum mores obſeruemus?

110 1346 826 66 Secede ab ijs) Tertium jeſt caput ſuperioris àr¬

74 1398 862 60 ηθέσεως: in quo, qua pœna ſint ſuperiores & dam¬

70 1446 867 60 nati illi doctores coercendi explicat vno verbo

69 1490 868 63 Paulus. Etſi verò in quibuſdam codicibus Latinis

74 1542 864 62 vetuſtioribus hæc verba nõ reperiuntur: tamẽ in

69 1590 868 60 alijs extant: & apud Ambroſium leguntur: apud

72 1636 866 62 Chryſoſtomum & Chryſoſtomi abbreuiatorem

78 1688 860 63 Theophylactum, præterquàm quòd in omnibus

70 1740 864 66 exemplaribus Græcis magno conſenſu reperiũ¬
