1500 2172
381 166 260 27 CAPVT V.

878 117 68 88 410

87 180 861 82 eſt de iis, qui ad maiora munera eccleſiaſtica ac¬

87 252 862 60 cerſuntur & eligũtur? Hæne virtutes ab iis abeſſe

87 300 862 60 debebunt? Minimè ſanè. Itaque in iis & diligen¬

87 357 861 66 tia & miſericors animus, & demiſſus & pius ſpe¬

87 396 136 60 ctetur.

129 430 820 76 Quod ait. Si liberos educauit mouet dubitationt

86 498 864 62 quaſi Paulus ſteriles ſexagenarias, quæ vxores

86 544 864 63 fuerunt nullóſque liberos pepererũt, ab hoc mu¬

81 592 868 64 nere arceat, illíſque tanquam hanc notam inurat

86 645 861 60 propter ſterilitatem, vt eligi ad hoc munus non

84 693 860 60 poſsint. At ee ſæpè ſunt aptiſſimæ, An non igitur

86 742 860 62 quæ fuerunt ſteriles allegi & cooptari poterunt?

82 789 861 62 Sanè poterũt. Neque enim vniuerſum iudicium,

84 838 860 62 quod de mulierum piarum diligentia haberi po¬

81 885 864 63 teſt, Paulus reſtringit ad vnicam curam, & educa

82 933 864 60 tionem ſuſceptorum libérorum: ſed hoc tanquã

82 988 862 56 veriſſimum & optimum inter cætera earum dili¬

82 1032 861 64 gentiæ teſtimonium protulit. Ergo quę mulieres

80 1078 861 63 nunquam liberos ſuſtulerunt in coniugio, aut e¬

80 1128 864 74 tiam quæ nunquam fuerunt coniuges, poſſunt, ſi

80 1178 592 58 erunt idoneæ, in diaconiſſas eligi.

126 1218 814 76 Quod ait. Si fuit hoſpitalis, ſi afflictis ſubuenit,

80 1281 862 57 mouet etiam quæſtionem, quaſi ſolas diuites eli¬

81 1323 864 66 gi & cooptari ad hoc munus velit Paulus. Illæ e¬

78 1370 864 74 nim ſunt, quæ & extraneos excipere apud ſe &

78 1419 862 60 ſuis opibus afflictis ſubuenire ἱ̓πόρκεσιν enim dixit

80 1468 860 69 Paulus id eſt, quantum ſatis eſt, ſumminiſtrauit

78 1518 864 63 egenis) poſſunt. Quæ autem ſunt égenæ & ipſæ

657 1562 20 32 62

80 1569 861 66 pauperes idem præſtare nequeunt. Ergo ab hoc

78 1622 858 62 munere ſummouebuntur, quas tamen ſæpe ma¬

918 1652 24 44 4.

80 1664 864 69 gis eſſe ad hoc miniſterium idoneas, quàm dites

80 1714 866 64 mulieres certum eſt, & experientia comprohatũ

75 1760 860 81 Reſp. Non excludit pauperes Paulus imô maxi¬

690 1814 68 32 p..i.

678 1824 93 63 ſiiix
