<?xml version='1.0' encoding='UTF-8'?>
<alto xmlns:xsi="http://www.w3.org/2001/XMLSchema-instance" xmlns="http://www.loc.gov/standards/alto/ns-v4#" xsi:schemaLocation="http://www.loc.gov/standards/alto/ns-v4# http://www.loc.gov/standards/alto/v4/alto-4-2.xsd">
  <Description>
    <MeasurementUnit>pixel</MeasurementUnit>
    <sourceImageInformation>
      <fileName>2013335.jpeg</fileName>
    </sourceImageInformation>
  </Description>
  <Tags>
    <OtherTag ID="BT7" LABEL="CustomZone" DESCRIPTION="block type CustomZone"/><OtherTag ID="BT8" LABEL="DamageZone" DESCRIPTION="block type DamageZone"/><OtherTag ID="BT9" LABEL="DigitizationArtefactZone" DESCRIPTION="block type DigitizationArtefactZone"/><OtherTag ID="BT10" LABEL="DropCapitalZone" DESCRIPTION="block type DropCapitalZone"/><OtherTag ID="BT11" LABEL="GraphicZone" DESCRIPTION="block type GraphicZone"/><OtherTag ID="BT12" LABEL="MainZone" DESCRIPTION="block type MainZone"/><OtherTag ID="BT13" LABEL="MarginTextZone" DESCRIPTION="block type MarginTextZone"/><OtherTag ID="BT14" LABEL="MusicZone" DESCRIPTION="block type MusicZone"/><OtherTag ID="BT15" LABEL="NumberingZone" DESCRIPTION="block type NumberingZone"/><OtherTag ID="BT17" LABEL="QuireMarksZone" DESCRIPTION="block type QuireMarksZone"/><OtherTag ID="BT18" LABEL="RunningTitleZone" DESCRIPTION="block type RunningTitleZone"/><OtherTag ID="BT19" LABEL="SealZone" DESCRIPTION="block type SealZone"/><OtherTag ID="BT20" LABEL="StampZone" DESCRIPTION="block type StampZone"/><OtherTag ID="BT21" LABEL="TableZone" DESCRIPTION="block type TableZone"/><OtherTag ID="BT22" LABEL="TitlePageZone" DESCRIPTION="block type TitlePageZone"/><OtherTag ID="BT3407" LABEL="MainZone-Continued" DESCRIPTION="block type MainZone-Continued"/><OtherTag ID="BT3408" LABEL="MainZone-P" DESCRIPTION="block type MainZone-P"/><OtherTag ID="BT3409" LABEL="MainZone-Head" DESCRIPTION="block type MainZone-Head"/><OtherTag ID="BT3410" LABEL="MainZone-Other" DESCRIPTION="block type MainZone-Other"/><OtherTag ID="BT3411" LABEL="MainZone-Sp" DESCRIPTION="block type MainZone-Sp"/><OtherTag ID="BT3417" LABEL="MainZone-Sp-Continued" DESCRIPTION="block type MainZone-Sp-Continued"/><OtherTag ID="BT3418" LABEL="GraphicZone-Decoration" DESCRIPTION="block type GraphicZone-Decoration"/><OtherTag ID="BT3419" LABEL="MainZone-Entry" DESCRIPTION="block type MainZone-Entry"/><OtherTag ID="BT3420" LABEL="MainZone-Lg" DESCRIPTION="block type MainZone-Lg"/><OtherTag ID="BT3421" LABEL="MainZone-Entry-Continued" DESCRIPTION="block type MainZone-Entry-Continued"/><OtherTag ID="BT3422" LABEL="MarginTextZone-ManuscriptAddendum" DESCRIPTION="block type MarginTextZone-ManuscriptAddendum"/><OtherTag ID="BT3423" LABEL="MainZone-List" DESCRIPTION="block type MainZone-List"/>
    <OtherTag ID="LT7" LABEL="CustomLine" DESCRIPTION="line type CustomLine"/><OtherTag ID="LT8" LABEL="DefaultLine" DESCRIPTION="line type DefaultLine"/><OtherTag ID="LT9" LABEL="DropCapitalLine" DESCRIPTION="line type DropCapitalLine"/><OtherTag ID="LT10" LABEL="HeadingLine" DESCRIPTION="line type HeadingLine"/><OtherTag ID="LT11" LABEL="InterlinearLine" DESCRIPTION="line type InterlinearLine"/><OtherTag ID="LT12" LABEL="MusicLine" DESCRIPTION="line type MusicLine"/>
  </Tags>
  <Layout>
    <Page WIDTH="1500" HEIGHT="2172" PHYSICAL_IMG_NR="331" ID="eSc_dummypage_">
      <PrintSpace HPOS="0" VPOS="0" WIDTH="1500" HEIGHT="2172">
        <TextBlock HPOS="318" VPOS="129" WIDTH="286" HEIGHT="48" ID="block_1" TAGREFS="BT18">
          <Shape><Polygon POINTS="604 129 604 177 318 177 318 129"/></Shape>
          <TextLine ID="line_1" TAGREFS="LT8" BASELINE="315 164 610 160" HPOS="314" VPOS="156" WIDTH="297" HEIGHT="22">
            <Shape><Polygon POINTS="604 156 592 156 579 156 567 156 555 156 543 156 531 156 519 156 507 156 495 156 483 156 471 156 459 156 447 156 435 156 423 156 411 156 399 156 387 156 375 156 363 156 351 156 339 156 327 156 314 156 315 164 315 174 321 178 322 178 324 178 326 178 406 174 423 172 424 174 436 178 438 178 438 178 440 178 441 178 446 174 448 172 450 174 458 178 459 178 460 178 488 176 543 171 609 178 610 160 609 156 604 156"/></Shape>
            <String CONTENT="CAPVT. VI." HPOS="314" VPOS="156" WIDTH="297" HEIGHT="22"/>
          </TextLine>
        </TextBlock>
        <TextBlock HPOS="873" VPOS="132" WIDTH="74" HEIGHT="51" ID="block_2" TAGREFS="BT15">
          <Shape><Polygon POINTS="946 132 946 183 873 183 873 132"/></Shape>
          <TextLine ID="line_2" TAGREFS="LT8" BASELINE="870 162 944 166" HPOS="870" VPOS="117" WIDTH="74" HEIGHT="63">
            <Shape><Polygon POINTS="870 162 870 180 942 180 944 166 942 117 872 122 870 162"/></Shape>
            <String CONTENT="634" HPOS="870" VPOS="117" WIDTH="74" HEIGHT="63" WC="0.9999856154123942"/>
          </TextLine>
        </TextBlock>
        <TextBlock HPOS="84" VPOS="192" WIDTH="870" HEIGHT="176" ID="block_3" TAGREFS="BT3409">
          <Shape><Polygon POINTS="954 192 954 368 84 368 84 192"/></Shape>
          <TextLine ID="line_3" TAGREFS="LT8" BASELINE="86 234 952 225" HPOS="84" VPOS="176" WIDTH="868" HEIGHT="80">
            <Shape><Polygon POINTS="86 234 86 255 194 246 348 250 430 252 432 252 476 246 519 243 534 246 549 249 550 249 552 249 554 249 558 246 561 243 592 244 646 248 648 248 680 243 687 242 693 243 728 249 729 249 938 246 939 246 940 246 952 238 952 225 951 184 938 176 936 176 934 176 933 176 862 184 818 177 816 177 814 177 814 177 800 186 774 180 772 180 771 180 732 188 681 178 680 178 678 178 678 178 678 178 666 188 592 178 592 178 518 190 494 180 494 180 441 180 440 180 438 180 438 180 424 189 412 182 412 182 411 182 302 182 302 182 264 183 262 183 261 183 252 190 214 183 213 183 212 183 180 195 84 195 86 234"/></Shape>
            <String CONTENT="que accedit ſanis ſermonibus Domini noſtri" HPOS="84" VPOS="176" WIDTH="868" HEIGHT="80" WC="0.9813009883676257"/>
          </TextLine>
          <TextLine ID="line_4" TAGREFS="LT8" BASELINE="86 294 951 284" HPOS="86" VPOS="237" WIDTH="866" HEIGHT="86">
            <Shape><Polygon POINTS="120 292 108 292 96 292 86 292 86 294 86 314 108 322 110 322 111 322 111 322 138 312 158 304 183 304 190 310 194 314 195 314 196 314 196 314 198 314 207 310 228 303 243 309 264 320 264 320 266 320 267 320 288 308 300 302 316 308 358 321 360 321 362 321 566 320 567 320 621 302 628 297 690 297 698 298 756 316 758 316 759 316 780 314 782 314 783 314 783 312 801 296 801 296 951 292 951 284 948 238 908 240 906 240 906 240 890 249 864 240 852 237 850 237 850 237 849 237 848 237 843 240 826 252 734 255 711 246 698 240 698 240 696 240 694 240 678 246 654 255 616 248 566 238 564 238 562 238 538 250 525 256 488 256 480 252 460 240 459 240 458 240 456 240 414 254 400 240 399 240 398 240 374 240 372 240 370 240 339 256 338 256 294 242 292 242 291 242 194 243 192 243 158 262 154 264 126 264 120 292"/></Shape>
            <String CONTENT="eſu Chriſti, &amp; ei quæ ſecundum pietatem" HPOS="86" VPOS="237" WIDTH="866" HEIGHT="86" WC="0.9904531851792947"/>
          </TextLine>
          <TextLine ID="line_5" TAGREFS="LT8" BASELINE="86 351 354 345" HPOS="84" VPOS="303" WIDTH="270" HEIGHT="74">
            <Shape><Polygon POINTS="86 351 86 374 216 376 216 376 218 376 255 366 262 363 354 362 354 345 351 314 231 303 230 303 228 303 228 303 208 315 196 304 195 304 194 304 172 304 171 304 170 304 168 304 168 306 159 314 123 306 123 306 122 306 84 318 86 351"/></Shape>
            <String CONTENT="eſt doctrinæ." HPOS="84" VPOS="303" WIDTH="270" HEIGHT="74" WC="0.9981211240474994"/>
          </TextLine>
        </TextBlock>
        <TextBlock HPOS="75" VPOS="372" WIDTH="892" HEIGHT="222" ID="block_4" TAGREFS="BT3409">
          <Shape><Polygon POINTS="962 375 968 570 78 594 75 372"/></Shape>
          <TextLine ID="line_6" TAGREFS="LT8" BASELINE="147 406 948 394" HPOS="147" VPOS="338" WIDTH="801" HEIGHT="93">
            <Shape><Polygon POINTS="147 406 148 430 183 420 234 424 236 424 237 424 238 424 238 424 244 418 312 418 332 429 333 430 334 430 336 430 338 430 340 429 376 420 398 429 402 430 404 430 405 430 406 430 411 429 438 417 468 428 471 429 472 429 474 429 496 428 498 428 500 428 500 426 506 418 520 426 522 426 524 428 560 428 561 428 561 428 566 426 604 414 639 424 642 426 644 426 645 426 654 424 693 418 735 424 746 424 746 424 747 424 750 424 766 416 795 424 795 424 796 424 798 424 855 424 855 424 856 424 858 423 876 412 884 420 885 420 886 420 888 420 888 420 914 411 945 422 948 394 946 363 927 357 926 357 926 357 924 357 922 357 914 363 844 363 819 351 818 351 816 351 759 351 729 338 728 338 680 338 678 338 501 339 500 339 500 339 500 340 484 352 474 351 472 351 471 351 434 369 432 369 428 369 327 360 326 360 324 360 322 360 309 369 290 364 288 364 286 364 285 364 284 364 284 366 279 369 278 370 278 369 248 360 246 360 246 360 244 360 216 370 212 372 147 372 147 406"/></Shape>
            <String CONTENT="4 Is turget, nihil ſciens, ſed inſaniens" HPOS="147" VPOS="338" WIDTH="801" HEIGHT="93" WC="0.9867143675684928"/>
          </TextLine>
          <TextLine ID="line_7" TAGREFS="LT8" BASELINE="86 462 954 452" HPOS="86" VPOS="416" WIDTH="868" HEIGHT="68">
            <Shape><Polygon POINTS="86 462 86 474 183 474 184 474 202 483 202 483 204 483 246 476 276 483 278 483 278 483 279 483 300 474 394 472 402 478 404 478 405 478 406 478 486 470 488 470 494 470 759 477 759 477 825 476 826 476 864 465 867 465 870 465 912 474 914 474 914 474 954 464 954 452 950 422 762 422 734 416 732 416 688 423 567 416 566 416 510 424 466 418 465 418 426 426 416 418 414 418 412 418 412 418 411 418 410 418 400 424 382 418 381 418 380 418 378 418 376 418 376 420 369 428 369 429 339 429 339 428 328 418 327 418 327 418 279 418 278 418 188 430 180 430 170 423 168 423 166 423 166 423 165 423 146 428 112 422 111 422 111 422 86 430 86 462"/></Shape>
            <String CONTENT="circa quæſtiones ac verborum pugnas: ex" HPOS="86" VPOS="416" WIDTH="868" HEIGHT="68" WC="0.9908386637002994"/>
          </TextLine>
          <TextLine ID="line_8" TAGREFS="LT8" BASELINE="88 519 954 510" HPOS="87" VPOS="466" WIDTH="867" HEIGHT="74">
            <Shape><Polygon POINTS="776 492 771 476 770 477 756 466 754 466 753 466 753 466 752 466 750 466 732 478 704 471 702 471 700 471 699 471 698 471 687 480 648 480 634 468 634 468 633 468 632 468 576 476 520 468 519 468 486 470 484 470 483 470 483 471 471 480 441 480 424 470 424 470 423 470 422 470 420 470 418 470 418 471 406 482 404 482 304 471 303 471 302 471 302 471 284 483 282 483 278 483 156 474 154 474 153 474 153 474 142 482 128 477 126 477 124 477 87 484 88 519 88 536 166 534 177 536 189 540 190 540 190 540 222 536 249 532 267 536 292 540 294 540 296 540 308 536 318 531 321 536 326 538 327 538 327 538 328 540 368 540 368 538 369 538 376 536 386 531 446 534 488 536 489 536 490 536 500 534 519 530 530 534 537 536 537 536 538 536 802 534 814 531 844 525 952 530 954 510 951 477 904 468 903 468 902 468 879 477 825 477 798 468 796 468 795 468 795 468 782 472 776 492"/></Shape>
            <String CONTENT="quibus naſcitur inuidia, lis, maledicentiæ," HPOS="87" VPOS="466" WIDTH="867" HEIGHT="74" WC="0.9855302073234735"/>
          </TextLine>
          <TextLine ID="line_9" TAGREFS="LT8" BASELINE="92 578 450 572" HPOS="90" VPOS="525" WIDTH="360" HEIGHT="81">
            <Shape><Polygon POINTS="92 578 92 604 159 606 160 606 162 606 177 598 189 592 220 597 228 597 228 597 230 597 232 596 250 585 288 591 303 594 304 594 306 594 318 591 334 585 350 588 376 594 376 594 378 594 398 585 402 584 406 585 434 592 435 592 436 592 438 592 438 592 450 584 450 572 447 532 398 525 396 525 394 525 378 534 366 538 327 534 310 532 309 532 308 532 308 532 308 534 306 534 306 536 302 542 240 542 230 536 216 530 214 530 162 530 160 530 90 537 92 578"/></Shape>
            <String CONTENT="ſuſpiciones malæ," HPOS="90" VPOS="525" WIDTH="360" HEIGHT="81" WC="0.9972704929464004"/>
          </TextLine>
          <TextLine ID="line_10" TAGREFS="LT8" BASELINE="160 646 958 624" HPOS="228" VPOS="572" WIDTH="730" HEIGHT="81">
            <Shape><Polygon POINTS="228 652 310 652 310 651 312 651 315 650 338 640 357 640 366 648 368 648 368 650 369 650 370 651 423 651 423 650 424 650 424 648 428 646 438 638 518 645 550 646 552 646 554 646 562 644 580 636 698 640 726 640 728 640 736 640 762 634 783 639 795 640 796 640 820 638 824 638 836 645 837 645 838 645 840 645 842 645 854 636 858 634 896 634 898 636 909 644 910 644 912 644 914 644 958 634 958 624 956 572 915 579 874 573 864 573 862 573 861 573 860 573 844 585 832 574 831 574 830 574 828 574 826 574 813 579 795 574 778 572 777 572 776 572 759 576 746 580 738 578 734 574 732 574 730 574 729 574 723 578 714 582 704 579 702 579 700 579 699 579 692 586 660 586 651 579 640 573 639 573 638 573 636 573 634 573 622 580 594 573 592 573 591 573 590 573 579 579 492 573 490 573 424 585 412 579 411 579 410 579 408 579 394 585 369 580 368 580 366 580 366 582 357 588 357 591 333 591 322 590 264 580 262 580 261 580 249 591 228 591 228 633"/></Shape>
            <String CONTENT="5 Peruerſæ exercitationes hominum" HPOS="228" VPOS="572" WIDTH="730" HEIGHT="81"/>
          </TextLine>
          <TextLine ID="line_11" TAGREFS="LT8" BASELINE="86 690 960 681" HPOS="86" VPOS="650" WIDTH="874" HEIGHT="64">
            <Shape><Polygon POINTS="772 666 760 666 748 666 736 666 724 666 712 666 700 666 688 666 676 666 664 666 652 666 640 666 628 666 616 666 604 666 592 666 579 666 567 666 555 666 543 666 531 666 519 666 507 666 495 666 483 666 471 666 459 666 447 666 435 666 423 666 411 666 399 666 387 666 375 666 363 666 351 666 339 666 327 666 314 666 302 666 290 666 278 666 266 666 254 666 242 666 230 666 218 666 206 666 194 666 182 666 170 666 158 666 146 666 134 666 122 666 110 666 98 666 86 666 86 666 86 690 86 704 208 714 208 714 210 714 240 704 243 702 302 702 306 702 333 712 333 712 334 712 336 712 363 702 368 702 376 702 424 711 426 711 428 711 453 702 459 700 464 702 474 708 474 708 476 708 477 708 478 708 486 702 489 700 537 700 540 702 552 710 554 710 555 710 555 710 657 702 680 710 681 710 682 710 684 710 704 702 795 708 796 708 837 700 858 696 957 699 960 681 958 658 934 650 933 650 932 650 932 650 902 657 840 650 838 650 788 651 786 651 784 651 777 658 774 658 772 666"/></Shape>
            <String CONTENT="mente corruptorum, &amp; qui prinati ſunt ve¬" HPOS="86" VPOS="650" WIDTH="874" HEIGHT="64" WC="0.9985655240896272"/>
          </TextLine>
          <TextLine ID="line_12" TAGREFS="LT8" BASELINE="87 747 588 740 958 741" HPOS="86" VPOS="698" WIDTH="873" HEIGHT="74">
            <Shape><Polygon POINTS="87 747 87 762 154 762 160 764 196 771 198 771 252 764 267 760 272 764 286 770 288 770 290 770 368 764 412 759 423 764 429 765 430 765 432 765 460 764 500 759 560 764 618 766 620 766 648 764 698 758 746 758 762 764 768 765 770 765 771 766 818 766 818 765 819 765 820 765 820 764 828 758 956 764 958 741 957 708 920 708 900 698 898 698 897 698 896 698 872 706 806 699 804 699 802 699 801 699 790 710 692 710 660 700 660 700 658 700 657 700 640 710 381 702 380 702 290 711 272 702 270 702 234 702 232 702 166 712 124 704 123 704 123 704 86 714 87 747"/></Shape>
            <String CONTENT="ritate, &amp; quæſtui habent pietatem, ſecede" HPOS="86" VPOS="698" WIDTH="873" HEIGHT="74" WC="0.979005060544828"/>
          </TextLine>
          <TextLine ID="line_13" TAGREFS="LT8" BASELINE="94 804 651 796" HPOS="93" VPOS="754" WIDTH="558" HEIGHT="74">
            <Shape><Polygon POINTS="94 804 94 822 118 826 120 826 122 826 123 826 128 822 134 818 140 822 147 828 147 828 148 828 150 828 244 820 358 826 360 826 405 816 416 814 424 816 464 825 465 825 466 825 486 814 489 813 498 814 520 819 522 819 549 813 558 812 650 812 651 796 648 771 561 771 544 760 543 760 543 760 542 760 540 760 540 762 532 768 519 758 519 756 518 756 518 756 472 754 471 754 435 756 434 756 432 756 414 771 382 772 356 772 352 772 314 759 312 759 310 759 309 759 286 766 255 758 254 758 252 758 252 758 219 771 188 758 186 758 184 758 184 758 148 768 129 759 128 759 126 759 124 759 93 772 94 804"/></Shape>
            <String CONTENT="ab ijs qui eiuſmodi ſunt." HPOS="93" VPOS="754" WIDTH="558" HEIGHT="74" WC="0.9872557163238526"/>
          </TextLine>
        </TextBlock>
        <TextBlock HPOS="93" VPOS="826" WIDTH="874" HEIGHT="390" ID="block_5" TAGREFS="BT3408">
          <Shape><Polygon POINTS="968 826 968 1216 93 1216 93 826"/></Shape>
          <TextLine ID="line_14" TAGREFS="LT8" BASELINE="141 861 964 854" HPOS="140" VPOS="808" WIDTH="825" HEIGHT="72">
            <Shape><Polygon POINTS="141 861 141 870 158 879 159 879 159 879 160 879 178 870 202 879 204 879 206 880 258 880 258 879 260 879 288 872 357 878 357 878 358 878 378 868 438 868 488 876 488 876 552 876 554 876 555 876 562 868 606 874 608 874 609 874 632 867 812 874 813 874 814 874 830 866 896 866 927 873 928 873 930 873 932 873 964 862 964 854 962 819 932 819 920 808 920 808 918 808 916 808 802 819 792 810 790 810 789 810 705 810 704 810 664 812 663 812 662 812 648 822 646 825 570 825 568 824 556 814 555 814 555 814 554 814 552 814 534 824 530 826 483 826 482 825 470 816 468 816 468 816 466 816 465 816 438 825 426 814 424 814 424 814 423 814 422 814 400 826 400 826 363 826 363 826 350 818 348 818 346 818 345 818 345 818 324 826 288 826 258 826 256 826 238 816 237 816 236 816 234 816 234 816 232 816 216 826 174 818 172 818 172 818 140 828 141 861"/></Shape>
            <String CONTENT="Confirmatio eſt ſuperioris doctrinæ ex ἀντι¬" HPOS="140" VPOS="808" WIDTH="825" HEIGHT="72" WC="0.9828606512811449"/>
          </TextLine>
          <TextLine ID="line_15" TAGREFS="LT8" BASELINE="92 910 960 904" HPOS="90" VPOS="862" WIDTH="870" HEIGHT="60">
            <Shape><Polygon POINTS="777 879 771 867 762 870 753 874 644 874 630 870 610 864 610 864 609 864 582 870 560 874 536 870 516 866 514 866 513 866 506 870 495 874 482 870 472 866 471 866 470 866 438 870 376 876 346 876 334 868 333 867 332 867 330 867 328 867 327 867 321 868 300 876 272 868 264 867 262 867 261 867 258 868 242 878 206 878 90 868 92 910 92 922 958 922 960 904 957 872 784 862 777 879"/></Shape>
            <String CONTENT="Sέσηι &amp; collatione doctrinæ illi contrariæ. Atque" HPOS="90" VPOS="862" WIDTH="870" HEIGHT="60" WC="0.992004120349884"/>
          </TextLine>
          <TextLine ID="line_16" TAGREFS="LT8" BASELINE="90 960 957 951" HPOS="88" VPOS="914" WIDTH="868" HEIGHT="63">
            <Shape><Polygon POINTS="90 960 90 970 196 976 198 976 200 976 216 970 216 970 222 970 267 975 268 975 270 975 272 975 278 970 279 969 290 970 328 975 330 975 332 975 333 975 339 970 342 968 956 968 957 951 954 914 88 920 90 960"/></Shape>
            <String CONTENT="hac ratione non tantùm illuſtrat ſuperiora præ¬" HPOS="88" VPOS="914" WIDTH="868" HEIGHT="63" WC="0.9994586743414402"/>
          </TextLine>
          <TextLine ID="line_17" TAGREFS="LT8" BASELINE="92 1008 964 1002" HPOS="90" VPOS="964" WIDTH="874" HEIGHT="58">
            <Shape><Polygon POINTS="777 978 765 978 753 978 741 978 729 978 717 978 705 978 693 978 681 978 669 978 657 978 645 978 633 978 621 978 609 978 597 978 585 978 573 978 561 978 549 978 537 978 524 978 512 978 500 978 488 978 476 978 464 978 452 978 440 978 428 978 416 978 404 978 392 978 380 978 368 978 356 978 344 978 332 978 320 978 308 978 296 978 284 978 272 978 258 978 246 978 234 978 222 978 210 978 198 978 186 978 174 978 162 978 150 978 138 978 126 978 114 978 102 978 90 978 92 1008 92 1017 264 1023 264 1023 266 1023 290 1017 292 1017 374 1017 408 1017 428 1023 429 1023 430 1023 432 1023 446 1017 484 1022 486 1022 488 1022 488 1022 495 1016 495 1014 615 1014 656 1014 678 1014 688 1020 690 1020 690 1020 692 1020 693 1020 705 1014 712 1020 714 1020 716 1020 716 1022 777 1022 777 1020 814 1012 831 1018 832 1018 832 1020 938 1020 938 1018 939 1018 964 1011 964 1002 962 970 842 964 840 964 838 964 838 964 832 969 826 964 825 964 824 964 822 964 820 964 796 970 788 974 778 974 777 978"/></Shape>
            <String CONTENT="cepta Paulus: ſed etiam commendat, &amp; veriſſima" HPOS="90" VPOS="964" WIDTH="874" HEIGHT="58" WC="0.999338501173517"/>
          </TextLine>
          <TextLine ID="line_18" TAGREFS="LT8" BASELINE="92 1056 960 1050" HPOS="92" VPOS="1011" WIDTH="868" HEIGHT="62">
            <Shape><Polygon POINTS="92 1056 92 1066 260 1072 261 1072 262 1072 264 1072 272 1066 273 1066 306 1066 438 1072 438 1072 478 1066 490 1065 508 1066 562 1071 564 1071 598 1066 615 1064 720 1064 724 1065 735 1070 736 1070 738 1070 958 1064 960 1050 956 1011 740 1017 712 1014 681 1011 680 1011 678 1011 664 1016 654 1017 645 1016 626 1011 624 1011 622 1011 592 1017 578 1018 560 1017 520 1011 519 1011 441 1018 416 1020 388 1018 278 1012 276 1012 274 1012 273 1012 261 1022 260 1022 255 1022 212 1014 210 1014 208 1014 195 1022 194 1023 189 1023 144 1023 123 1014 123 1014 122 1014 120 1014 92 1023 92 1056"/></Shape>
            <String CONTENT="eſſe oſtendit, cùm quæ illis aduerſantur, quæque" HPOS="92" VPOS="1011" WIDTH="868" HEIGHT="62" WC="0.9917751258733322"/>
          </TextLine>
          <TextLine ID="line_19" TAGREFS="LT8" BASELINE="92 1104 960 1098" HPOS="92" VPOS="1058" WIDTH="868" HEIGHT="64">
            <Shape><Polygon POINTS="92 1104 92 1120 260 1122 261 1122 280 1118 306 1114 345 1118 376 1120 378 1120 406 1116 438 1113 444 1116 450 1119 452 1119 453 1119 454 1119 466 1116 478 1113 522 1116 585 1119 586 1119 588 1119 606 1114 616 1112 654 1113 730 1118 732 1118 772 1112 788 1110 819 1112 938 1116 939 1116 940 1116 960 1110 960 1098 957 1066 842 1059 840 1059 838 1059 820 1065 786 1058 784 1058 734 1059 734 1059 732 1059 722 1066 684 1059 682 1059 681 1059 663 1066 548 1060 546 1060 512 1066 483 1060 482 1060 411 1068 369 1060 369 1060 328 1068 264 1060 264 1060 262 1060 261 1060 254 1066 248 1062 246 1062 246 1062 156 1062 154 1062 92 1071 92 1104"/></Shape>
            <String CONTENT="doctrina illis contraria eſt, huiuſmodi deprehẽ¬" HPOS="92" VPOS="1058" WIDTH="868" HEIGHT="64" WC="0.992814162556006"/>
          </TextLine>
          <TextLine ID="line_20" TAGREFS="LT8" BASELINE="93 1154 962 1148" HPOS="92" VPOS="1106" WIDTH="870" HEIGHT="68">
            <Shape><Polygon POINTS="93 1154 93 1166 194 1172 195 1173 254 1173 254 1172 255 1172 256 1172 264 1166 268 1164 339 1164 342 1166 348 1172 350 1172 351 1172 351 1172 406 1166 441 1162 488 1162 495 1166 506 1170 506 1170 507 1170 549 1166 580 1162 592 1166 603 1168 604 1168 604 1168 606 1168 614 1166 622 1161 642 1166 658 1168 660 1168 681 1166 700 1162 706 1166 714 1168 716 1168 716 1168 717 1168 718 1168 722 1166 729 1161 740 1166 747 1168 748 1168 750 1168 766 1166 786 1161 792 1166 794 1167 795 1167 795 1167 796 1168 906 1168 906 1167 906 1167 908 1167 910 1166 920 1160 960 1166 962 1148 960 1116 932 1116 921 1107 921 1106 920 1106 920 1106 918 1106 916 1106 915 1106 903 1114 870 1107 868 1107 867 1107 852 1114 828 1108 826 1108 826 1108 768 1116 618 1107 616 1107 616 1107 615 1107 615 1108 606 1116 591 1110 590 1110 465 1108 464 1108 462 1108 438 1118 418 1110 417 1110 416 1110 357 1118 306 1110 304 1110 303 1110 264 1119 243 1112 242 1112 240 1112 195 1119 159 1112 158 1112 156 1112 154 1112 142 1119 117 1113 117 1113 116 1113 114 1113 92 1120 93 1154"/></Shape>
            <String CONTENT="datur, qualem hîc deſcribit Paulus, vel potius" HPOS="92" VPOS="1106" WIDTH="870" HEIGHT="68" WC="0.999772808653243"/>
          </TextLine>
          <TextLine ID="line_21" TAGREFS="LT8" BASELINE="94 1203 746 1197" HPOS="93" VPOS="1156" WIDTH="652" HEIGHT="64">
            <Shape><Polygon POINTS="94 1203 94 1215 111 1221 112 1221 114 1221 150 1215 202 1221 202 1221 238 1215 351 1221 351 1221 352 1221 372 1214 400 1220 400 1220 512 1212 585 1218 585 1218 586 1218 614 1210 633 1216 634 1216 634 1216 716 1210 724 1216 726 1216 728 1216 728 1216 729 1216 746 1209 746 1197 742 1164 615 1156 614 1156 579 1164 573 1166 93 1166 94 1203"/></Shape>
            <String CONTENT="Spiritus ſanctus, nimirum ſit impia." HPOS="93" VPOS="1156" WIDTH="652" HEIGHT="64" WC="0.9938965886831284"/>
          </TextLine>
        </TextBlock>
        <TextBlock HPOS="96" VPOS="1215" WIDTH="874" HEIGHT="588" ID="block_6" TAGREFS="BT3408">
          <Shape><Polygon POINTS="970 1215 970 1803 96 1803 96 1215"/></Shape>
          <TextLine ID="line_22" TAGREFS="LT8" BASELINE="138 1251 963 1246" HPOS="136" VPOS="1203" WIDTH="826" HEIGHT="68">
            <Shape><Polygon POINTS="138 1251 138 1263 224 1269 225 1269 260 1263 266 1263 270 1263 290 1270 290 1270 291 1270 327 1263 333 1263 387 1263 388 1263 399 1270 400 1270 400 1270 402 1270 456 1269 458 1269 459 1269 466 1263 468 1262 480 1263 507 1268 508 1268 528 1263 537 1262 540 1263 550 1269 552 1269 554 1269 555 1269 568 1263 574 1262 588 1263 624 1269 626 1269 732 1263 795 1260 828 1260 832 1263 838 1268 838 1268 840 1268 842 1268 962 1263 963 1246 960 1204 892 1210 885 1204 884 1203 882 1203 882 1203 880 1203 864 1206 836 1209 830 1206 826 1203 825 1203 824 1203 704 1203 702 1203 700 1203 693 1208 684 1214 570 1214 549 1209 512 1204 512 1204 510 1204 508 1204 502 1210 500 1214 410 1215 272 1215 272 1214 249 1206 248 1206 246 1206 136 1215 138 1251"/></Shape>
            <String CONTENT="Primùm autem quæritur vtrum hic colophon," HPOS="136" VPOS="1203" WIDTH="826" HEIGHT="68" WC="0.9977055319717952"/>
          </TextLine>
          <TextLine ID="line_23" TAGREFS="LT8" BASELINE="96 1300 968 1293" HPOS="94" VPOS="1254" WIDTH="873" HEIGHT="66">
            <Shape><Polygon POINTS="96 1300 98 1318 104 1312 111 1317 112 1318 114 1318 116 1318 117 1320 222 1320 222 1318 246 1316 282 1311 364 1311 370 1314 380 1317 381 1317 382 1317 382 1317 384 1317 388 1314 393 1310 408 1314 424 1316 426 1317 495 1317 495 1316 496 1316 498 1316 502 1311 506 1310 544 1311 651 1314 652 1314 654 1314 674 1308 681 1308 710 1308 819 1314 820 1314 968 1304 968 1293 963 1258 904 1262 891 1258 876 1254 876 1254 874 1254 873 1254 872 1254 867 1258 862 1263 834 1263 814 1258 777 1254 776 1254 722 1260 711 1262 710 1260 702 1254 700 1254 699 1254 698 1254 651 1262 633 1264 616 1263 582 1258 580 1258 579 1258 566 1263 564 1263 544 1256 543 1256 543 1256 506 1264 502 1264 500 1264 465 1257 464 1257 462 1257 462 1257 450 1264 447 1266 384 1266 351 1266 153 1258 153 1258 152 1258 150 1258 138 1269 94 1269 96 1300"/></Shape>
            <String CONTENT="qui à Paulo nunc epiſtolę imponitur, ad vniuer¬" HPOS="94" VPOS="1254" WIDTH="873" HEIGHT="66" WC="0.9877401128107187"/>
          </TextLine>
          <TextLine ID="line_24" TAGREFS="LT8" BASELINE="93 1350 966 1342" HPOS="92" VPOS="1302" WIDTH="874" HEIGHT="66">
            <Shape><Polygon POINTS="93 1350 94 1368 117 1362 220 1366 231 1366 232 1366 234 1366 234 1366 255 1360 360 1365 382 1365 382 1365 394 1364 438 1359 500 1364 522 1364 524 1364 966 1358 966 1342 962 1310 920 1310 916 1310 906 1302 906 1302 904 1302 903 1302 902 1302 900 1302 890 1310 888 1310 876 1310 820 1305 820 1305 786 1310 771 1311 765 1310 753 1304 752 1304 750 1304 723 1310 712 1311 704 1310 674 1304 672 1304 672 1304 670 1304 662 1310 658 1311 633 1310 591 1306 590 1306 588 1306 586 1306 584 1310 579 1312 568 1310 561 1308 561 1308 560 1308 532 1310 482 1314 474 1310 470 1306 468 1306 468 1306 466 1306 452 1310 435 1314 429 1310 426 1306 424 1306 424 1306 396 1306 394 1306 278 1308 278 1308 276 1308 274 1310 267 1314 201 1310 188 1308 186 1308 184 1308 184 1308 184 1310 176 1317 138 1317 92 1310 93 1350"/></Shape>
            <String CONTENT="ſam ſuperiorem doctrinam pertineat, an tantùm" HPOS="92" VPOS="1302" WIDTH="874" HEIGHT="66" WC="0.9972809423571047"/>
          </TextLine>
          <TextLine ID="line_25" TAGREFS="LT8" BASELINE="94 1398 964 1389" HPOS="93" VPOS="1350" WIDTH="872" HEIGHT="63">
            <Shape><Polygon POINTS="94 1398 94 1413 531 1413 531 1413 580 1406 592 1406 624 1406 813 1410 814 1410 814 1410 831 1404 940 1408 942 1408 944 1408 964 1400 964 1389 962 1358 876 1350 876 1350 837 1358 630 1352 628 1352 628 1352 627 1352 620 1358 516 1354 514 1354 513 1354 501 1360 488 1353 486 1353 484 1353 406 1362 243 1356 242 1356 240 1356 214 1364 132 1358 130 1358 93 1365 94 1398"/></Shape>
            <String CONTENT="ad proximas pręceptiones de ſeruorum officio" HPOS="93" VPOS="1350" WIDTH="872" HEIGHT="63" WC="0.9990158968501621"/>
          </TextLine>
          <TextLine ID="line_26" TAGREFS="LT8" BASELINE="98 1446 968 1437" HPOS="96" VPOS="1395" WIDTH="872" HEIGHT="64">
            <Shape><Polygon POINTS="98 1446 98 1460 966 1450 968 1437 964 1406 897 1406 864 1395 864 1395 862 1395 861 1395 825 1406 784 1398 783 1398 753 1404 732 1400 730 1400 729 1400 728 1400 728 1400 717 1406 675 1398 674 1398 672 1398 638 1407 555 1407 543 1400 543 1400 542 1400 540 1400 484 1408 429 1400 428 1400 426 1400 406 1410 382 1401 382 1401 381 1401 380 1401 356 1410 206 1402 204 1402 202 1402 164 1413 129 1406 129 1406 128 1406 96 1413 98 1446"/></Shape>
            <String CONTENT="erga dominos ſuos? quidam exiſtimant ad ſupe¬" HPOS="96" VPOS="1395" WIDTH="872" HEIGHT="64" WC="0.9884581208229065"/>
          </TextLine>
          <TextLine ID="line_27" TAGREFS="LT8" BASELINE="96 1496 969 1486" HPOS="94" VPOS="1448" WIDTH="874" HEIGHT="68">
            <Shape><Polygon POINTS="96 1496 98 1515 132 1506 194 1514 202 1514 202 1514 208 1512 242 1504 270 1510 272 1510 272 1510 274 1510 380 1504 447 1508 468 1509 468 1509 470 1509 474 1508 489 1503 518 1506 544 1510 546 1510 573 1504 594 1502 616 1504 651 1509 652 1509 820 1506 822 1506 850 1498 852 1498 862 1506 864 1506 864 1506 866 1508 940 1508 940 1506 942 1506 969 1497 969 1486 966 1455 849 1448 848 1448 846 1448 844 1448 832 1455 786 1449 784 1449 729 1455 692 1449 690 1449 690 1449 688 1449 678 1456 489 1450 488 1450 488 1450 474 1456 426 1452 424 1452 424 1452 423 1452 416 1458 375 1452 374 1452 372 1452 344 1461 340 1461 339 1461 310 1454 309 1454 308 1454 254 1461 220 1454 219 1454 147 1461 146 1461 122 1455 120 1455 118 1455 117 1455 94 1461 96 1496"/></Shape>
            <String CONTENT="riores tantùm verſiculos duos, qui proximè præ¬" HPOS="94" VPOS="1448" WIDTH="874" HEIGHT="68" WC="0.9885759402294548"/>
          </TextLine>
          <TextLine ID="line_28" TAGREFS="LT8" BASELINE="98 1542 969 1532" HPOS="98" VPOS="1496" WIDTH="872" HEIGHT="64">
            <Shape><Polygon POINTS="98 1542 98 1560 202 1554 286 1557 333 1558 334 1558 336 1558 338 1558 340 1556 345 1552 352 1556 358 1558 360 1558 362 1558 363 1558 375 1554 392 1551 418 1554 444 1557 444 1557 465 1554 488 1550 526 1552 579 1556 580 1556 609 1551 622 1548 634 1550 660 1554 660 1554 662 1554 675 1550 681 1548 735 1548 870 1552 870 1552 969 1544 969 1532 968 1500 795 1496 795 1496 638 1503 580 1497 579 1497 514 1504 484 1498 483 1498 482 1498 459 1504 436 1498 435 1498 434 1498 306 1500 304 1500 288 1508 266 1502 264 1502 264 1502 262 1502 237 1508 148 1503 147 1503 98 1510 98 1542"/></Shape>
            <String CONTENT="ceſſerunt, referri, quia magni momenti ſit ſupe¬" HPOS="98" VPOS="1496" WIDTH="872" HEIGHT="64" WC="0.9926645172139009"/>
          </TextLine>
          <TextLine ID="line_29" TAGREFS="LT8" BASELINE="99 1592 970 1584" HPOS="98" VPOS="1542" WIDTH="873" HEIGHT="68">
            <Shape><Polygon POINTS="99 1592 99 1602 222 1610 222 1610 357 1600 940 1602 942 1602 944 1602 970 1593 970 1584 968 1544 759 1548 750 1546 735 1542 734 1542 734 1542 675 1548 654 1548 644 1548 618 1542 616 1542 616 1542 602 1548 594 1550 568 1548 525 1545 524 1545 494 1548 471 1552 464 1550 453 1545 452 1545 450 1545 450 1545 448 1545 441 1550 436 1552 424 1550 396 1545 394 1545 394 1545 372 1551 364 1552 336 1551 240 1546 240 1546 238 1546 237 1546 230 1552 228 1554 189 1554 174 1554 129 1548 128 1548 98 1554 99 1592"/></Shape>
            <String CONTENT="rior præceptio de ſeruorum &amp; ſubditorum offi¬" HPOS="98" VPOS="1542" WIDTH="873" HEIGHT="68" WC="0.992171377605862"/>
          </TextLine>
          <TextLine ID="line_30" TAGREFS="LT8" BASELINE="102 1641 969 1632" HPOS="100" VPOS="1592" WIDTH="868" HEIGHT="68">
            <Shape><Polygon POINTS="102 1641 102 1650 180 1650 182 1650 201 1659 202 1659 202 1659 334 1648 364 1647 376 1648 422 1656 423 1656 465 1648 480 1647 495 1648 538 1654 540 1654 579 1647 598 1646 626 1647 684 1653 686 1653 750 1647 782 1644 801 1647 842 1653 843 1653 844 1653 858 1647 862 1646 868 1647 892 1652 894 1652 968 1646 969 1632 968 1604 934 1593 933 1593 932 1593 891 1598 844 1592 843 1592 792 1599 770 1593 768 1593 766 1593 690 1599 624 1594 622 1594 622 1594 594 1605 567 1598 567 1598 566 1598 465 1606 454 1598 453 1598 452 1598 450 1598 406 1604 370 1598 369 1598 330 1599 328 1599 327 1599 314 1610 158 1610 142 1599 141 1599 141 1599 140 1599 138 1599 100 1610 102 1641"/></Shape>
            <String CONTENT="cio atque obſequio erga dominos &amp; magi¬" HPOS="100" VPOS="1592" WIDTH="868" HEIGHT="68" WC="0.9993269412945478"/>
          </TextLine>
          <TextLine ID="line_31" TAGREFS="LT8" BASELINE="100 1688 976 1680" HPOS="99" VPOS="1640" WIDTH="878" HEIGHT="63">
            <Shape><Polygon POINTS="100 1688 100 1702 411 1702 411 1701 412 1701 422 1696 429 1694 462 1696 524 1701 524 1701 558 1695 572 1692 586 1694 633 1700 634 1700 634 1700 636 1700 648 1694 648 1692 666 1692 788 1698 789 1698 789 1698 808 1690 939 1696 940 1696 942 1696 976 1688 976 1680 974 1641 904 1647 876 1641 864 1640 862 1640 831 1641 764 1647 732 1641 716 1640 714 1640 712 1640 705 1641 694 1647 678 1642 670 1641 669 1641 668 1641 634 1642 548 1648 537 1642 537 1641 536 1641 534 1641 444 1641 444 1641 434 1642 396 1652 366 1644 363 1642 362 1642 285 1642 284 1642 284 1642 278 1644 249 1653 224 1653 216 1646 214 1646 213 1646 212 1646 210 1646 184 1653 99 1646 100 1688"/></Shape>
            <String CONTENT="ſtratus. Adducor tamen vt ſentiam ad vni¬" HPOS="99" VPOS="1640" WIDTH="878" HEIGHT="63" WC="0.996790398911732"/>
          </TextLine>
          <TextLine ID="line_32" TAGREFS="LT8" BASELINE="99 1737 969 1730" HPOS="98" VPOS="1688" WIDTH="872" HEIGHT="68">
            <Shape><Polygon POINTS="99 1737 99 1752 153 1749 202 1752 234 1755 236 1755 237 1755 238 1755 242 1752 250 1748 272 1752 285 1754 286 1754 315 1752 348 1748 352 1750 357 1754 358 1754 360 1754 362 1754 363 1754 376 1750 390 1746 442 1749 510 1752 512 1752 542 1748 556 1746 616 1746 771 1750 771 1750 772 1750 789 1744 802 1750 804 1750 806 1750 969 1740 969 1730 968 1701 824 1688 822 1688 820 1688 792 1701 698 1689 696 1689 694 1689 669 1702 584 1690 582 1690 580 1690 532 1702 507 1695 506 1695 506 1695 504 1695 484 1704 418 1704 393 1694 392 1694 356 1692 354 1692 352 1692 351 1692 339 1701 327 1692 327 1692 326 1692 324 1692 282 1700 264 1692 264 1692 262 1692 261 1692 260 1692 246 1706 224 1706 202 1694 202 1694 201 1694 126 1694 124 1694 123 1694 98 1706 99 1737"/></Shape>
            <String CONTENT="uerſam doctrinam, quæ totis quinque ſuperio¬" HPOS="98" VPOS="1688" WIDTH="872" HEIGHT="68" WC="0.9916772246360779"/>
          </TextLine>
          <TextLine ID="line_33" TAGREFS="LT8" BASELINE="104 1786 978 1778" HPOS="102" VPOS="1738" WIDTH="876" HEIGHT="80">
            <Shape><Polygon POINTS="104 1786 104 1804 172 1804 189 1818 190 1818 190 1818 192 1818 272 1816 273 1816 296 1806 327 1816 327 1816 328 1816 330 1816 332 1816 351 1804 354 1802 358 1804 366 1810 368 1810 369 1810 369 1810 404 1808 418 1815 420 1815 422 1815 490 1814 492 1814 494 1814 502 1806 507 1802 520 1806 538 1810 540 1810 660 1814 660 1814 662 1814 675 1806 690 1798 728 1798 850 1804 852 1804 894 1797 932 1808 944 1810 945 1810 946 1810 978 1808 978 1778 975 1738 933 1738 932 1738 932 1738 930 1738 909 1749 862 1743 861 1743 860 1743 844 1750 807 1742 795 1740 794 1740 792 1740 790 1740 788 1742 774 1752 726 1752 699 1744 690 1742 690 1742 688 1742 670 1746 638 1752 628 1746 622 1740 621 1740 620 1740 618 1740 567 1742 566 1742 564 1742 556 1748 549 1754 506 1754 496 1749 483 1742 482 1742 480 1742 438 1750 418 1755 378 1755 375 1752 364 1744 363 1744 363 1744 362 1744 360 1744 339 1752 318 1744 316 1744 315 1744 314 1744 290 1754 286 1755 282 1754 246 1746 244 1746 202 1754 128 1746 126 1746 124 1746 102 1756 104 1786"/></Shape>
            <String CONTENT="ribus capitibus tradita eſt, pertinere hanc con¬" HPOS="102" VPOS="1738" WIDTH="876" HEIGHT="80" WC="0.9865192174911499"/>
          </TextLine>
        </TextBlock>
        <TextBlock HPOS="680" VPOS="1796" WIDTH="126" HEIGHT="57" ID="block_7" TAGREFS="BT17">
          <Shape><Polygon POINTS="806 1796 806 1852 680 1852 680 1796"/></Shape>
          <TextLine ID="line_34" TAGREFS="LT8" BASELINE="678 1832 804 1830" HPOS="676" VPOS="1786" WIDTH="128" HEIGHT="76">
            <Shape><Polygon POINTS="678 1832 678 1863 708 1863 710 1863 710 1863 712 1863 741 1851 802 1862 804 1830 801 1791 711 1786 710 1786 676 1792 678 1832"/></Shape>
            <String CONTENT="D.iiij." HPOS="676" VPOS="1786" WIDTH="128" HEIGHT="76" WC="0.9987361942018781"/>
          </TextLine>
        </TextBlock>
        <TextBlock HPOS="82" VPOS="594" WIDTH="886" HEIGHT="226" ID="block_8" TAGREFS="BT3409">
          <Shape><Polygon POINTS="969 594 969 820 82 820 82 594"/></Shape>
        </TextBlock>
      </PrintSpace>
    </Page>
  </Layout>
</alto>
