1500 2172
376 196 333 44 CAPVT IIII.

909 188 68 69 292

104 228 878 80 ctrina blaſphema, quæ Deum ſpoliat ſuo hono¬

104 290 874 68 re, & ea gratiarum actione, quæ propter ſumma

104 338 870 69 ipſius in genus humanum beneficia illi debetur.

104 382 870 68 At hæc Deũ iſto honore priuat. Ergo, &c. Addit

105 430 882 69 autẽ quibus maximè hic creaturarum vſus ſit cõ¬

100 480 873 72 ceſſus à Deo, nimirum pijs, qui eum noue¬

99 530 874 66 runt, & in eum credunt. Hîc enim, noſſe, nõ ſim¬

102 579 872 68 plicem & hiſtoricam agnitionem ſignificat: ſed

98 646 879 50 Corurinnurencent de cum ami naucia coniun¬

98 680 882 66 ctam, per quam in Deum homines acquieſcunt

104 728 860 69 vera animi fiducia & πληρςφορία. Similis locus

96 774 369 57 Romanor.4.verſ.13.

138 818 830 72 Diſsimilis locus Matth.5. verſ.45. & Pſal.17.y.

96 870 873 68 14. vbi dicuntur etiam infideles à Deo impleri i¬

94 918 870 70 pſius theſauris. Reſpond. Dantur quidem à Deo

92 968 873 69 terrena bona etiam infidelibus hominibus: ſed in

92 1017 872 69 eorum exitium, & perniciem, quò magis reddan¬

90 1066 872 68 tur inexcuſabiles. Itaque non tam ijs vtuntur,

93 1128 868 57 quam abutuntur: neque tam vſus abiis fit, quàm

92 1164 870 69 deprædatio quædam, quoniam Deum dantem

88 1214 870 64 ſpernunt, in cuius contumeliam & contemptum

93 1284 860 54 nta dona lumunt & coniumunt, quem non agno¬

86 1312 429 60 ſcunt eorum authorem.

153 1407 808 76 4 Nam quicquid creauit Deus, bonum

86 1467 872 75 eſt, nec quicquam reijciendum eſt, ſi cum

87 1524 566 69 gratiarum actione ſumatur.

123 1596 834 72 Eſt hic locus canon, & quidem generalis, ac

82 1647 878 68 maximè neceſſarius. Iis omnibus nimirum vti

81 1698 876 66 nobis licere, quæ in noſtrum commodum crea¬

84 1748 874 68 uit Dominus, modò cum gratiarum actione illa

86 1792 870 81 ſumamus. Ex quo colligitur, 1 ad eum finem

705 1858 90 60 n.ij.
