1500 2172
556 144 92 34 486

690 112 578 58 AD I. PATET ADT TIM.

600 164 812 74 25 Itidem & bona opera ante manife¬

549 222 864 75 Sta ſunt: & ea quæ ſecus habent, occultari

548 290 256 64 non poſſunt.

596 351 814 70 Diuerſa quoque eſt huius verſiculi cum ſupe¬

546 408 870 58 riore nectendi ratio. Putant enim quidam cum

549 459 864 60 verſ.22. coniungendum, verſ.autem 23. per paren¬

548 506 872 63 theſin inſertum & legendum quoque. Alij aliud.

550 554 860 64 Nos autem hunc locum tum ωρακολόθησιν, tum

548 604 866 64 etiam νοθέτησιν eſſe cenſemus, & idcirco cum ſu¬

549 656 862 62 periore argumento rectè conuenire atque con¬

549 700 864 68 iungi poſſe, quòd præcepta duo contineat ad Pa¬

548 750 868 63 ſtorum & Preſbyterorum munus ſpectantia, ex

549 796 868 64 quibus vniuerſa penè totius cenſuræ Eccleſiaſti¬

549 850 866 58 cæ ratio definiri poteſt. Id quod maximè ad Pre¬

544 894 873 63 ſbyterorum officium pertinet. Atque id iã hoc

548 942 866 64 toto capite perſequitur Paulus. Sic igitur ſtatuo

546 992 867 63 canonem tradi iam à Paulo, per quem quomodo

549 1038 866 64 præpoſiti Eccleſiæ ſe in cenſuris Eccleſiaſticis

550 1089 867 64 gerere aduerſus gregem ſuum debeant, inſtruã¬

550 1137 866 60 tur, id eſt, quale ſit eorum munus erga vniuer¬

549 1192 868 48 ſum populum ſibi commiſſum & demandatum

549 1234 867 62 à Deo. Quæ ſanè tertia pars eſt muneris paſto¬

549 1284 870 60 ralis, vti ſupra diximus, maxima. Prima enim do¬

549 1334 867 60 cet quomodo erga ſeipſos gerere debeant. Se¬

550 1383 868 56 cunda quomodo aduerſus collegas ſuos. Tertia

550 1431 868 60 hæc, quomodo erga vniuerſum Eccleſiæ ſuæ

550 1479 868 57 cœtum. In qua ipſa parte poſita eſt ratio & di¬

550 1524 868 68 ſputatio de cenſura Eccleſiaſtica. Quanquã huius

552 1582 867 56 præceptionis, quæ nunc traditur, tantam vim eſſe

552 1626 867 58 támque latè patentem fateor, vt etiam ad ſupe¬

552 1674 872 58 rius præceptum, quod ad electionem atque ordi¬

552 1720 870 75 nationẽ paſtorũ Eccleſiæ pertinet, referri poſſit

1326 1770 99 62 & in
