1500 2172
898 112 64 70 646

363 141 290 21 CIEVIVI.

90 156 872 76 nego: quando quod inde malum naſci poreſt, ad

90 214 868 69 omnes peruenire poteſt, & diffundi. Quare hęc

92 264 870 63 pœna ſtatui videtur à Paulo in huiuſmodi docto¬

90 327 868 56 les & matæologos, vt excommunicentur, quæ a¬

92 362 744 66 pertè Tit.3. verſ.1o. quoque præſcribitur.

142 410 818 66 Neque verò hoc nouum eſt, vt qui doctrinam

90 456 864 69 Chriſti ſubuertunt, aut ea abutuntur manifeſtè,

93 506 861 68 quales iſti, omnino excommunicentur, atque

92 555 864 66 eiiciantur de Eccleſia Dei. Si quis venit ad vos,

87 604 868 68 inquit loannes, & hanc doctrinam non affert, ne re¬

87 656 868 60 cipite eum domum, ne Aue ei dicite 2.Ioan. verſ.1o.

90 696 867 72 Nam ſi qui Eccleſiæ admonitionem & vocem

88 750 867 64 de reconciliatione ineunda cum fratre, ſpernit,

86 795 870 68 habendus eſt, ex Chriſti præcepto, pro Ethnico

86 844 870 70 Matth. 16. quantò magis qui ipſius Chriſti vocẽ

86 898 867 63 & Dei veritatem penè totam non tantum con¬

86 944 870 66 temnit, ſed etiam apertè corrumpit? Tantùm a¬

86 992 866 69 beſt, vt is pro legitimo Eccleſiæ doctore ſit a¬

88 1038 864 72 gnoſcendus, quicquid Sorboniſtæ (qui hîc gra¬

87 1110 864 50 phſée depiguntur) contra ſentiant atque decer¬

86 1140 866 66 nant, vt ſe ſuámque Metæologiã tueantur. Sunt

82 1190 872 68 enim iſti non tantùm mercenarij paſtores, ſed

80 1239 872 64 lupi, quia animas ſubuertunt, ideóque à toto cœ¬

80 1287 876 68 tu Eccleſiæ arcendi, quemadmodum præclarè e¬

87 1335 546 63 tiam ſentit Bernard.epiſt.237.

124 1384 826 64 Cæterum ex hoc loco duplex excommunica¬

82 1431 867 69 tio conſtitui non poteſt, quemadmodum quidam

86 1480 802 63 volunt. Vna nimirum Priuata, altera Publica.

128 1532 822 64 Priuatam vocant, per quam quis proprio ani¬

81 1576 866 70 mi iudicio ſeſe ab eo ſegregat, quem impium vel

81 1624 868 70 improbum putat, nullo Eccleſiæ iudicio inter¬

80 1677 867 62 ueniente, aut accedente. Itaque hæc excommuni¬

80 1724 866 75 catio eſt priuatum cuiuſque de altero & fratre
