1500 2172
567 154 75 42 558

705 123 596 57 AD I. TAVL. AD TIM.

604 166 828 84 Ratio huius ſeuerioris regulæ illis imponen¬

562 234 276 62 dæ fuit duplex.

604 267 828 78 Prima, quòd debent propter doctrinæ (quã

560 321 870 75 ardentius & purius profitentur quàm reliqui)

561 369 870 75 confirmationem & commendationem, quemad¬

562 418 868 72 modum diximus, in omnibus quæ non modo ho

561 466 870 70 neſta ſunt, ſed ſpeciem honeſti habent, præluce¬

561 519 870 68 re reliquo gregi. Itaque non modò omnem cra¬

564 566 873 74 pulam, luxum, laſciuiam fugere debent præpoſiti

564 618 870 63 Eccleſiæ, ſed vel ſolã illorum vitiorum vmbram

561 669 873 69 & ſpeciem, vt alios ſuo exemplo ædificent, cæle¬

561 711 876 75 ſtémque doctrinam commendent. Nam ſic vitia

561 760 874 70 aliorum liberius reprehendere poſſunt. Eſt enim

562 810 873 72 hæc & veriſſima & maximè notabilis Hierony-

561 860 876 69 mi ſententia, An non confuſio & ignominia eſt

562 903 876 78 Ieſum Chriſtum crucifixum & pauperem, & eſu¬

561 958 879 69 Fieniten turuie prædicare corporibus, & ieiunio¬

561 1005 876 68 rum doctrinam rubentes buccas, tumẽtiáqueora

562 1052 873 74 proferre? Si in Apoſtolorum loco ſumus, non ſo¬

561 1102 876 69 lum ſermonem eorum imitemur, ſed etiam con¬

566 1154 872 69 uerſationem & abſtinentiam. Hæc Hierony¬

567 1209 260 56 mus in Mich.

616 1242 824 78 Secunda, quòd fere homines, quale eſt huma¬

567 1296 872 74 num ingenium, iis rebus externis plurimùm tri¬

567 1348 870 68 buunt à quibus ſi quis abſtinet, is & Dei timen¬

568 1394 868 74 tior ; ce fanctior à vulgo iudicatur. Coloſſ. 2.

566 1452 124 60 in fin.

632 1486 807 74 Tertia quoque ratio addi poteſt. Quòd etiam

573 1539 862 70 (quæ eſt noſtra vitioſitas & corruptela) in vſu re

562 1588 874 66 rum indifferentium nimium libero, minûſque

561 1635 876 72 ſeuero caro fit laſc iuior, & intemperantior, quã

560 1688 878 66 tamen contundere neceſſe eſt. Id quod fieri niſi

562 1740 874 75 rerum earum, etiam cõceſſarum, detractione ſæ

1390 1786 40 64 pè
