1500 2172
375 144 296 27 CANVIVIa.

852 117 72 52 688

62 166 870 70 neq; ſe reſpiciant. Breuiter autem addit pondus

60 220 870 64 huic ſuæ exhortationi, cùm eos, quos in Timo¬

60 268 870 66 thei perſona alloquitur, nempe Paſtores Eccle¬

62 320 874 60 ſiæ vocat homines Dei. Ex hac enim ipſorum

62 364 867 66 laude vult eos diligentius officij ſui commonefa¬

62 418 872 58 cere. Neque enim ſolius Timothei propria eſt

62 464 872 63 & peculiaris hæc appellatio. Obiter tamen illud

62 513 867 64 in noſtram vtilitatem & expergefactionem no¬

62 561 872 57 tandum eſt, quòd ſummopere huiuſmodi exhor¬

60 608 874 66 tationes ſunt nobis neceſſariæ, cùm ne ipſi quidẽ

66 658 866 58 Timotheo fuerint inutiles: ſed proh Deum im¬

60 706 873 64 mortalem, quali viro, ad quem nos collati nihil

57 754 878 66 niſi maculæ & turpitudo ipſa videbimur! Nec

60 807 874 60 verò lubens aut iocans Paulus ſic eum admonet,

58 850 876 70 ſed quod illi ipſi, quanquam multum in Dei me¬

58 903 873 64 tu progreſſo, vtilem tamen hanc exhortationem

62 951 426 66 fore viderit & ſperarit.

111 999 820 63 Quæritur autem, cur Timotheus vocetur ho¬

60 1048 878 64 mo Dei, & quæ ſit huius appellationis propria ſi¬

62 1096 868 64 gnificatio, tum hoc loco: tum etiam alijs penè in¬

58 1146 876 63 finitis. In vniuerſum omnes homines dici poſſũt

56 1192 876 66 homines Dei κληςικῶς & γενικῶς, quia & à Deo

56 1242 870 64 ſunt conditi, & illius ſunt. Domini enim eſt o¬

58 1292 872 63 mnis terra & plenitudo eius, & qui in ea habitãt.

57 1338 874 68 Pſalm.24. & Pſal.5o. verſ.1o. Quod propter Mar¬

57 1389 878 60 cionitas, Manichæos & alios hæreticos ſcitu ne¬

57 1437 878 62 ceſſarium eſt, quorum alij hominem totum opus

57 1485 874 62 alterius δημιόργο, quàm veri Dei eſſe docent: alij

62 1533 868 66 partem quandam hominis, velut alij corpus, alij

62 1587 874 54 animam. Secundo loco dicuntur homines Dei

57 1629 878 63 ἐἰδικῶς & ἀγιαςικῶς ſoli Pij, Fideles, & Electi,

62 1678 872 68 quòd ab eo ſanctificẽtur, in ijs habitet, & eos pro

60 1728 872 82 ſuo populo peculiariter elegerit Deus. Ex quo
