1500 2172
348 159 268 39 CAPVT V.

884 146 81 63 364

94 184 867 69 mo iudice, delegati, qui paſtores in Eccleſia præ

92 242 868 66 ficiuntur. Et vt inter ipſos delegatos nullus ſine

93 290 868 60 ſacrilegio & læſæ maieſtatis crimine ſummi ma¬

96 339 866 66 giſtratus ius ſibi vindicare poteſt: ita nec in Ec¬

92 387 872 66 cleſia vel vniuerſa, vel particulari quiſquam ius

92 438 870 58 ſummi paſtoris & ipſius capitis ſine aperta in

90 483 868 66 Chriſtum blaſphemia nomẽ ſibi tribuere debet.

94 530 867 69 Quod item obiiciunt, olim ſub lege fuiſſe inter

93 580 866 63 Leuitas vnum quendam ſummum ſacrificatorẽ

90 628 872 66 & Sacerdotem, habet facile reſponſum. Quia cer¬

88 676 873 63 tis figuris ſub lege, Chriſti dignitas, vti Sacrificiũ

88 724 870 66 adumbrabatur, donec ipſe apparuiſſet, fuiſſe vnũ

92 777 866 58 quendam inter multos fratres ſummum Sacer¬

88 826 868 62 dotem, qui Chriſti figura erat. Itaque fuit ea res

86 870 876 68 legalium cæremoniarũ pars, quæ omnes Chriſti

86 918 870 69 aduentu abolitæ ſunt, & quæ ſine piaculo à Chri¬

86 968 680 64 ſtianis in vſum reuocari non poſſunt.

132 1016 824 69 Nec efficit etiam quicquam hæc quorundam

86 1070 868 63 obiectio, qui idcirco purant ab vno quodam (cui

86 1112 867 69 hæ partes ſunt totius Eccleſiæ conſenſu deman¬

86 1161 868 66 datæ) veluti Epiſcopo, aut ipſius officiali, cenſurã

84 1209 872 70 Eccleſiaſticã fieri, quia quod agit, vt delegatus ab

86 1258 867 68 vniuerſa Eccleſia agit, non vt priuatus. Delegatio

86 1308 867 64 enim iſta nunquam vel ab Eccleſia fieri, vel à

86 1356 867 69 quoquam ſuſcipi ſana conſcientia poteſt, cum

81 1406 868 66 alium ordinem ad ſeipſam regendam inſtituere

82 1450 867 68 Eccleſia ipſa vniuerſa non poſsit, quàm illum,

86 1503 864 66 quem Chriſtus & ipſius Apoſtoli pręſcripſerunt,

84 1552 866 64 & obſeruari præceperunt. Illi autem regiam iſtã

86 1599 867 66 vnius in Eccleſia regenda authotatem, vti docui¬

82 1648 868 63 mus, ſiue per vſurpationem, ſiue per delegationẽ

82 1696 868 64 inſtitutam damnarunt. Neque enim vti homines

82 1744 870 78 in rebus politicis, quæ ad hanc corporis vitam

698 1808 62 69 q.ij.
