1500 2172
394 135 267 28 CAPVIVO

874 102 51 63 60

80 154 872 78 tis etiam omnia humanitatis officia ſunt præſtã¬

86 208 849 74 da.Ad quod affero quod eſt Romanor. 12.V.20.

136 258 816 66 Tertiò non tollit excommunicatio iura poli¬

86 306 868 72 tica & ciuilis ſocietatis, quemadmodum nec ipſa

86 352 868 72 infidelitas vel apoſtaſia aperta à Deo tollit ea.

92 404 864 70 Nam infidelis & apoſtata imperator, qualis Iu¬

87 458 868 66 lianus olim, manet Imperator, & Magiſtracus, &

90 500 867 74 pro tali à Chriſtianis eſt agnitus. Ergo falſa eſt

93 550 866 66 Scholaſticorum ſententia, qui ſentiunt non eſſe

94 600 872 72 parendum principibus excommunicatis: & con¬

94 646 867 69 tra eos ipſos ſcripſiſſe videtur Thomas Aquinas

93 696 868 69 ea, quæ extant in 2.22 quæſt. 1o. Sanè Sigibertus

93 742 868 69 author probatus & Monachus ſcribit in Odone

96 790 867 66 fol.1o1. hanc doctrinam eſſe & nouam & hæreti¬

98 840 864 76 cam, quæ iubet ne hypocritis principibus, id eſt,

98 890 864 66 excommunicatis pareamus, quam Hildebrandus

99 938 862 76 qui & Gregor.7. Pontifex Roman. primus pro¬

99 987 867 74 mulgaſſe videtur, cùm veteres Chriſtiani Iulia¬

99 1034 867 70 no apoſtatæ paruiſſent. Ambroſius Theodoſio à

100 1086 862 64 ſe excommunicato: & ipſi apoſtoli etiam omni¬

99 1134 870 70 no infidelibus & perſecutoribus Eccleſiæ princi¬

100 1184 826 72 pibus, quales Nero & Domitianus, paruerunt.

152 1233 820 69 Denique quæſitum eſt, vtrum bonorum con¬

102 1278 870 63 fiſcatio in excommunicatum ſanciri debeat &

104 1328 866 72 poſſit, vt etiam ea pœna multetur. Huius rei exẽ¬

105 1374 870 75 plum extat Eſdræ. 1o.ver.8. Reſpond. Minimé. Nã

106 1425 867 70 eſt excommunicatio conſcientiæ pœna:non autẽ

108 1472 868 70 corporis vel bonorum. Et quod illîc de Eſdra di¬

110 1518 867 74 citur nihil mouet. Erat enim Magiſtratus Eſdras

111 1569 864 70 non ſolùm Leuitarum, & cœtus Eccleſiaſtici prę¬

116 1616 867 75 ſes. Ergo vtriuſque iuriſdictionis, id eſt, ciuilis &

116 1665 862 74 Eccleſiaſticæ authoritate illud edictum ſancitũ

117 1719 796 76 eſt, quò celerius Iudæi diſperſi conuenirent.

711 1764 116 74 C.iiij.
