1500 2172
351 153 258 34 CAPVT V.

858 135 80 63 374

69 184 864 68 oporteat miniſtrum verbi Dei & paſtorẽ ὀρθοτο¬

70 240 867 62 μιῆν, id eſt, rectè & pro cuiuſque captu & vtilita¬

70 290 866 60 te diſpenſare ſanam doctrinam, & quæ ex ea pro¬

70 345 872 50 ficiſcuntur admonitiones 2. Timoth. 2.verſ.15.Id

74 386 861 58 quod feciſſe Ioannem animaduertimus 2. Epiſt.

70 436 867 60 cap,2, verſ. 12.13.14. Sed obſtat quòd hac ratione,

72 483 862 58 quam inducit hoc loco Paulus, videtur haberi &

70 531 867 62 præſcribi acceptio perſonarum, quam in vero &

68 578 870 63 fideli diſpenſatore verbi ſui eſſe vetat Deus Ma¬

66 628 870 63 lach.2.verſ.9. Præterea cùm in Chriſto neque ſit

68 680 868 62 mas, neque fœmina, neque ſeruus, neque liber,

63 724 870 63 neque ſenex, neque adoleſcens, cur iſta vel ſexus

64 771 868 60 vel ætatis ratio & diſtinctio fit? Reſpond. Perſo¬

62 824 872 62 narum acceptionem non induci, cùm omnes re¬

62 868 870 64 prehendantur qui peccarunt. Sed aliud eſt pru¬

62 918 870 62 dens & fidelis verbi doctrinæque cœleſtis diſpẽ¬

60 964 868 64 ſatio, quam Paulus ὀρθοτομίαν appellauit: aliud au¬

62 1018 864 60 tem perſonarum gratioſa & damnata acceptatio,

64 1066 862 58 quæ dicitur πρπωποληδία. Quod autem affertur

62 1113 864 62 in Chriſto neque marem eſſe, neque fœminam

63 1161 862 64 Galat.3, verſ.28. aliò prorſus pertinet, quàm ad

62 1209 332 62 hoc argumentum.

108 1262 818 63 Quæritur etiam vtrum hæc præcepta ad pri¬

60 1312 866 48 uatas tantum, an verò ad publicas etiam repre¬

58 1358 864 60 henſiones, quæ fiunt à Miniſtris, pertineant. Pu¬

56 1404 870 60 blicę verò ſunt admonitiones, quę & in cõſiſtorio

56 1452 872 60 fiunt, & nomine totius Eccleſiæ à ſenatu Eccleſia¬

56 1504 872 60 ſtico, vel ab aliquo Preſbytero, quanquam priua¬

56 1548 867 62 tim & domi fiant. Reſpond. Quidam ad priuatas

56 1600 868 60 tantùm admonitiones & reprehenſiones hæc

56 1647 866 62 præcepta referenda eſſe putant. Quidam autem

52 1696 867 63 ad publicas duntaxat. Ego verò ad vtraſque, quia

52 1746 866 75 ſemper ratio ætatis & ſexus à nobis habenda eſt.
