1500 2172
846 116 64 75 598

345 138 189 39 CAPVT

560 138 45 34 V.

56 159 864 75 ſcribunt & ſentiunt Scholaſtici: atque huius o¬

60 218 862 69 mnis excommunicationis vis in mortuo ad illius

58 264 860 70 nomen & doctrinam, non autem ad perſonam,

60 332 860 57 quæ iam nobiſcum non verſatur euitandam, per¬

57 366 122 48 tinet.

116 406 806 74 Ter verò an quater prius debeat moneri ex¬

62 460 862 70 communicandus, definiri certò non poteſt. Ex

58 512 866 68 rerum enim, & locorum circunſtantia hoc totũ

57 558 867 70 diiudicandum eſt. Quanquam quidam leges Ro¬

56 608 866 70 man imitati & ſequentes exiſtimãt, vt minimùm

56 657 870 68 bis monendos eſſe, qui excommunicari debebũt.

62 705 861 68 Ter autem admoneri eos ſatis eſſe putant, quia

54 753 866 69 trina denuntiatio facta ex iuris ciuilis regulis ſuf¬

51 812 868 58 ficit, & ſatis interpellat, vt quis cõtumax eſſe iu¬

56 850 864 64 dicetur. Afferunt Paulũ Tit.3.V.1o. & Theophy¬

50 896 868 68 lact.in Matth.18.Sed tota hæc quæſtio eſt facti, &

51 948 794 68 relinquenda prudentiæ ſenatus Eccleſiaſtici.

104 993 812 75 Sextum quæritur, quis excommunicationis ſit

52 1046 864 69 finis, quem ſpectare debeamus. Ac multi quidẽ

51 1095 864 70 ſpectari poſſunt, imprimis autem très debent

50 1142 864 74 obſeruari. Vnus eſt ipſius peccatoris ſanitas, id

48 1191 867 74 eſt, excommunicatum, ipſiuſque ſalutem reſpicit

46 1240 866 72 nempe vt hac ratione pudore afficiatur, atq; ab

48 1288 861 69 errore reuocetur. Hunc finem annotat Paulus,

48 1336 858 69 cùm ait, vt eum pudeat 2. Corinth 2.verſ.7.7.

48 1384 864 74 verſ.12. Pudore enim ſolent homines ad reſipi¬

48 1431 866 75 ſcentiam adduci. Hoc eſt quod alijs verbis dicit

48 1482 862 72 Paulus vti 1. Corinth.5. verſ. 5. ad interitum car¬

46 1530 864 74 nis & vitioſæ naturæ, quæ in nobis ineſt Neque

46 1584 862 69 tamen quòd homines vereri magnus ſit profe¬

45 1628 864 78 ctus, ſi ipſe per ſe ſpectetur: ſed ꝙ eſt optimus &

46 1680 860 70 maximè noſtrę naturę cõſentaneus modus pec¬

42 1728 864 86 catorum corrigendorum, pudor & verecundia
