1500 2172
574 141 106 39 660

746 111 555 62 AD I. TAVE. AD TIM.

567 153 870 80 Dauid, fuit Salomo. Inter fideles, quorum facta

567 213 867 69 eſt mentio in nouo Teſtamento fuit diues Ma¬

568 262 862 68 nahem educatus cum Herode tetrarcha Actor.

572 308 862 68 13.verſ.1. Electa ad quam ſcribit Ioan.2. epiſtolã.

570 357 864 70 Diuites fuerunt Theſſalonicenſes, vt apparet ex

570 405 862 70 Pauli epiſtolis ad eos. Denique Pſalm.37. Pſ.62.

573 456 860 69 verſ.1o. Pſalm.112. Diuitiæ etiam hæ, & quidem

570 514 861 58 terrenę promittuntur pijs, nedum, vt eas deteſta¬

568 555 866 63 ri, & abiicere debeamus, ſi qua legitima ratione

568 604 738 64 nobis obueniant, aut ſi eas Deus dederit.

626 652 807 64 Vetat igitur Paulus ne ſtudium animúmque

567 698 864 70 diteſcendi habeamus, vel opes noſtras retinendi.

574 747 856 64 Vtrumque enim complectitur Paulus ſiue dite¬

567 800 864 63 ſcere velimus opes comparando quas antea non

567 844 864 64 habebamus: vel noſtras conſeruando ardentiori

567 892 861 66 ſolicitudine quàm oportet. Non vetat, ne fami¬

566 938 866 69 liæ curam habeamus, ne bona facultatéſque à

567 992 860 64 Deo nobis conceſſas moderatè tueamur, cure¬

567 1038 864 68 mus, & iuſta ratione conſeruemus: vel etiam, ſi

567 1086 862 64 qua ratione legitima fieri poſsit, eas augeamus.

616 1134 812 68 Hoc loco ſunt abuſi Monachi, qui miſeriam

567 1185 862 66 & paupertatem pro ſummo & maximè homine

567 1233 864 62 Chriſtiano digno bono vouerũt. Tria ſunt enim

567 1281 860 64 Monachicarum religionum vota Obedientia,

568 1330 860 64 Continenia, Paupertas. Sed etiam hoc eodem

560 1378 866 58 loco abuſi ſunt & abutuntur. Catabaptiſtæ, atq;

566 1425 855 68 Anabaptiſtę, ſed & alijs ſimilibus locis ſcripturę.

567 1474 860 68 Nam hos arripiunt, vt doceant homini Chriſtia¬

566 1524 861 68 no non licere quicquam ſuum aut priuatum ha¬

566 1572 860 63 bere & poſsidere, ne φιλοπλεσία alatur inter nos

567 1617 858 68 Quòd ſi ſit communio bonorum inter nos, ceſſa¬

566 1671 861 56 turum contendunt hoc omne ſtudium & turpem

567 1716 856 82 cupiditatem direſcendi, cùm tunc nihil ſit pro¬

1340 1756 96 76 priè
