1500 2172
580 147 75 32 585

760 124 554 54 AD I. PAVL. AD TIM.

572 172 860 68 liquit:an demum quando emendari iam amplius

567 222 867 63 non poteſt, vel quia non eſt viuus, vel quia eſt

568 273 862 63 obſtinatus & deſperatus. Reſpond. Quanquam

567 320 866 63 huiuſmodi quædam vitia ſæpe committuntur, vt

567 369 864 64 ſtatim videantur eüciendi, qui ea perpetrauêre,

567 418 864 62 sintque tanquam Eccleſiæ peſtes, tamen ſi qui

572 468 855 58 commiſit, ex animo dolet, pœnitet, & emenda¬

567 518 868 58 tur, non debet excommunicari. Ergo ſtatim fieri

567 564 864 60 non debet, ſed poſtquam agnitus eſt is, qui deli¬

568 614 860 64 quit, contumax & obſtinatus perditè. Iuberi qui¬

567 662 864 60 dem poteſt etiam pœnitens ſceleris, vt ſi ita ſit

566 708 862 64 ex ædificatione Eccleſiæ Cœna abſtineat, ſed ad

567 760 862 63 tempus tantùm, non in perpetuum. Præterea il¬

566 807 862 63 lud ſit explorandę huiuſmodi hominis pœniten¬

564 855 864 63 tię cauſâ, vt quantum fieri poteſt, ſciatur, verâne

561 903 864 60 ſit, an falſa reſipiſcentia eius, qui ſe pœnitere fa¬

561 950 864 64 cti ſui teſtatur. Hoc ipſum docet Paulus ſæpe ſuo

561 1004 866 57 exemplo. Nam quos excommunicari iubet, ij ſunt

564 1048 860 63 qui poſt plures admonitiones vitam tamen in

562 1098 860 63 meliorem frugem commutare ſpreuerant. Ergo

562 1148 861 63 ne porcis margaritæ contra Chriſti præceptum

562 1197 861 69 dentur, examinari & explorari eorum pœniten¬

562 1242 186 58 tia debet.

616 1286 807 68 Quod autem quęritur de mortuis hominibus

561 1340 862 64 & iam vita functis, vtrum excõmunicari poſſint.

562 1388 856 57 Reſponſio eſt, eos poſſe excommunicari. Exem¬

561 1437 864 63 pla ſunt non illa vulgata Stephani 6. & For moſi

562 1485 856 60 primi & Sergij primi Pontificum Romanorũ,

564 1536 855 60 qui ſuos prædeceſſores iam mortuos excommu¬

560 1581 861 62 nicarunt & perſecuti ſunt, vti L Sylla C.Marium

560 1628 860 64 iam defunctum: ſed illa potius, de quibus hiſtoriæ

560 1678 860 64 extant apud Euagrium lib. 4. cap.38. item apud

561 1726 861 84 Socratem Scholaſticum lib.7.cap.45. Et ita etiã

1258 1782 165 69 ſcribunt
