1500 2172
423 92 285 74 CAPVT VI.

110 172 342 50 lus Galat.6.verſ.I.

904 104 62 69 650

154 206 813 66 Deinde obiicitur nobis quod non dixit Pau¬

106 256 862 60 lus occide illum, trade magiſtratui puniendum:ſed

106 312 862 52 tantùm remoue eum abs te:vel, vt maxima pœna

105 357 862 58 ſtatuatur, excommunica eum. Itaque ex hoc lo¬

106 405 862 58 co negant hæreticos à magiſtratibus puniendos

106 452 858 60 eſſe. Reſpondemus verò ad vtrunque ſuperiùs

106 500 856 58 obiectum. Ac quidem ad primum, loqui Paulum

106 549 862 62 de ijs hominibus, pro quibus conuertendis, & ab

104 596 866 63 errore reuocandis omnia ſint prius tentata, & ſu¬

104 645 866 58 ſcepta: ſed qui obſtinati nihilominus manent,

106 692 864 66 quòd pietatem quęſtui habeant, sint que auariſſi¬

104 742 866 52 mi mortalium. Itaque hæc ſententia & cenſura

104 789 866 63 Pauli præſupponit nos omnibus alijs, & mitiori¬

102 837 866 63 bus quidẽ remedijs, vſos eſſe priuſquam ad hoc

104 888 861 62 extremum, id eſt, ad vrendum & ſecandum ac¬

104 946 192 48 cedamus.

153 981 808 63 Quod autem ſpectat ad ſecundum obiectum,

106 1036 858 60 quòd Paulus iſtos ad magiſtratum non remittit

104 1083 858 63 coercẽdos, ratio eſt, quia hoc loto de officio ma¬

104 1132 858 64 giſtratus non agit, neque quod ſit eorum mu¬

99 1179 862 63 nus præſcribit, cùm ſatis ſup. cap.2.verſ2. & Rom

99 1233 864 58 13. docuerit curam veræ pietatis, atque ſynceræ

99 1278 866 62 doctrinæ tuendæ ad magiſtratus quoque perti¬

98 1326 864 62 nere. Sed hîc tantùm agit de officio Timothei,

99 1372 867 63 id eſt, paſtorum. Neque quòd de eo nihil addit

98 1422 867 64 iam Paulus, probat eos plecti à magiſtratu ciui¬

99 1476 866 57 li pœna vel non poſſe, vel non debere, non plus

104 1518 861 63 quàm quòd ebrios, adulteros, furaces, &c. in 1.

104 1568 861 63 Cor.6.ad magiſtratum non remittẽs Paulus non

102 1614 860 58 demõſtrat huiuſmodi improbos homines caſti¬

102 1662 864 64 gari à ciuili magiſtratu in Dei Eccleſia vel non

104 1712 860 74 poſſe, vel nõ debere. Sed etiã hæc altera reſpõſio

687 1760 110 72 2 E.j.
