1500 2172
891 129 70 64 608

408 148 276 30 CABVT V.

98 178 870 69 communicatus, poſſumus & officia præſtare quæ

99 234 870 62 illi debemus: & ab eo exigere, quæ debet ipſe.

102 282 866 64 Denique quæcunque homo homini debet, ea

102 332 866 62 non ſunt deneganda. Quæ autem amicus amico

102 375 866 68 ἐκ προαιρέσεως pollicetur, aut offert, ea nobis non

102 426 866 60 ſunt vel ab excommunicato quærenda, vel cum

104 480 864 52 eo contrahenda & ineunda. Veteres tribus ma¬

102 522 867 58 ximè Symbolis iſtam cum excõmunicato fami¬

104 572 866 56 liaritatem tam arctam deſcribebãt, quibus iube¬

105 622 862 54 bant pios abſtinere, neq; cũ eo cõmunia habere.

102 669 867 58 Ea autem Symbola erant, lectus, menſa, domus,

105 718 866 52 quæ cum excõmunicato communicare nos pro¬

100 764 870 62 hibent, quia ea ferè amicitię, & arctioris familia¬

100 812 870 62 ritatis ſigna ſunt inter homines Syneſ.epiſt.66. &

102 861 868 63 Plutarch. Sympoſia. lib. 8.quæſt.7. ea putant eſſe

102 909 862 58 ſacra. Nã ea ijs tantùm à nobis communicanda,

102 956 867 66 & offerenda eſſe, qui cõmunibus nobiſcũ ſacris

105 1006 864 58 vtuntur: non autem excommunicatis, non quòd

104 1058 867 56 tamen vetent iſti patres hominem excommu¬

104 1113 866 46 nicatum egentem alere, errantem lecto excipere

104 1156 866 56 ægrotantem lecto accommodare: ſed ita loque¬

102 1203 867 63 bantur, ne vllam amicitiam cum ijs contrahamus

100 1256 868 50 non autem vt ijs vel communia humanitatis vel

104 1299 867 64 priuata officia denegemus. Eodem ſenſu eſt acci¬

106 1350 864 60 piendum, quod eſt 2 Ioan. verſ.1o. Ne dicamus ijs

104 1398 867 58 Aue, non vt nos aduerſus eos inciuiles & inhu¬

104 1444 866 60 manos oſtendamus: ſed ne ijs blandiri videamur

106 1496 862 58 & ita eos in errore foueamus. Ex quo apparet,

110 1542 862 62 quæ ſit ſignificatio vocis eυναναμίγνυθς, qua vti

108 1592 861 60 tur Paulus & 1. Corinth.5.verſ.9. & 1I. Quanquam

110 1640 864 62 enim plus eſt non habere commercium, vel non

111 1686 862 58 miſceri, quàm ſe ſubducere: vtrumque tamen

706 1790 98 68 C.iij.

111 1734 864 75 ita eſt explicandum, vt ad priuatæ amicitiæ fœ¬
