1500 2172
334 123 322 78 CAPVT IIII.

890 130 81 87 314

152 242 822 66 Sed & σωματικὴ quoque nominatur à ſubiecto.

104 288 872 78 Eſt enim corpus, quod his modis atteritur, affli¬

104 344 868 72 gitur, & has externas actiones agit: quanquam

104 388 866 72 ratione finis, quem ſpectant qui hæc tædia per¬

104 436 867 76 ferunt, dici quoque poteſt hæc exercitatio ſpiri¬

104 486 663 64 tualis, quòd ſpiritualis vit æ gratia fit.

147 532 822 78 Hæc igitur omnia externa ſibi imponunt ho¬

102 585 862 72 mines, & quæ vocantur nunc regulæ ordinis

98 630 870 75 ſuſcepti & profeſſi, eas appellarũt Patres A’σκnσwν.

105 678 862 76 Vnde veteres Monachi & Μονάζοντες & Α’σαηταὴ

98 728 870 74 dicti ſunt: Paulus autem nominat γναναςίαν, quòd

98 776 872 75 Αʹσκνσις magis quiddam ſpirituale ſignificare vi¬

98 832 872 64 detur: yuncu vero quandani tantum corpo¬

96 876 868 74 ris vexationem ac agitationem, quæ non tam

94 926 868 68 commendat monaſticum ſtatum, quàm illi cõ¬

94 968 870 76 mendatum eſſe inter homines voluerunt. Sed

96 1017 746 70 præſtabat vocem Spiritus ſancti retinere.

144 1088 818 56 Iirnis autem extermis rebus præſcriptis obſer¬

93 1113 866 81 uandis verſatur tota Monachiſmi eſſentia, quam

98 1166 860 74 vocant. Nam in tribus hiſce potiſsimhm poſita

93 1210 867 81 dicitur, in voto Obedientiæ, Paupertatis, & Con¬

90 1266 866 75 tinentiæ, tum matrimonij, tum certorum quo¬

88 1312 334 60 rundam ciborum.

135 1358 820 80 Sed & illud quoque notandum eſt, Paulum

86 1407 872 75 hîc non loqui de ſuperſtitioſa earum rerum ob¬

88 1455 867 78 ſeruatione, qualis fit in Papatu, & præſertim à

87 1504 862 76 Monachis (eam enim prorſus damnaſſet Paulus,

87 1552 868 75 eſt enim ſuperſtitioſa, cùm pars ſalutis noſtræ

90 1599 866 80 aliqua in ijs rebus ſtatuitur vti fit à Monachis) ſed

90 1648 862 80 de rerum indifferentium diſcrimine conſtituto,

92 1696 866 80 & in ijs obſeruatione quadam carnis conterendæ

92 1752 866 87 gratia, ad tempus indicta, qualis à pijs viris pro

734 1815 20 54 0

104 196 828 62 nem afflictationem & vexationem cernatur.
