<?xml version='1.0' encoding='UTF-8'?>
<alto xmlns:xsi="http://www.w3.org/2001/XMLSchema-instance" xmlns="http://www.loc.gov/standards/alto/ns-v4#" xsi:schemaLocation="http://www.loc.gov/standards/alto/ns-v4# http://www.loc.gov/standards/alto/v4/alto-4-2.xsd">
  <Description>
    <MeasurementUnit>pixel</MeasurementUnit>
    <sourceImageInformation>
      <fileName>2013413.jpeg</fileName>
    </sourceImageInformation>
  </Description>
  <Tags>
    <OtherTag ID="BT7" LABEL="CustomZone" DESCRIPTION="block type CustomZone"/><OtherTag ID="BT8" LABEL="DamageZone" DESCRIPTION="block type DamageZone"/><OtherTag ID="BT9" LABEL="DigitizationArtefactZone" DESCRIPTION="block type DigitizationArtefactZone"/><OtherTag ID="BT10" LABEL="DropCapitalZone" DESCRIPTION="block type DropCapitalZone"/><OtherTag ID="BT11" LABEL="GraphicZone" DESCRIPTION="block type GraphicZone"/><OtherTag ID="BT12" LABEL="MainZone" DESCRIPTION="block type MainZone"/><OtherTag ID="BT13" LABEL="MarginTextZone" DESCRIPTION="block type MarginTextZone"/><OtherTag ID="BT14" LABEL="MusicZone" DESCRIPTION="block type MusicZone"/><OtherTag ID="BT15" LABEL="NumberingZone" DESCRIPTION="block type NumberingZone"/><OtherTag ID="BT17" LABEL="QuireMarksZone" DESCRIPTION="block type QuireMarksZone"/><OtherTag ID="BT18" LABEL="RunningTitleZone" DESCRIPTION="block type RunningTitleZone"/><OtherTag ID="BT19" LABEL="SealZone" DESCRIPTION="block type SealZone"/><OtherTag ID="BT20" LABEL="StampZone" DESCRIPTION="block type StampZone"/><OtherTag ID="BT21" LABEL="TableZone" DESCRIPTION="block type TableZone"/><OtherTag ID="BT22" LABEL="TitlePageZone" DESCRIPTION="block type TitlePageZone"/><OtherTag ID="BT3407" LABEL="MainZone-Continued" DESCRIPTION="block type MainZone-Continued"/><OtherTag ID="BT3408" LABEL="MainZone-P" DESCRIPTION="block type MainZone-P"/><OtherTag ID="BT3409" LABEL="MainZone-Head" DESCRIPTION="block type MainZone-Head"/><OtherTag ID="BT3410" LABEL="MainZone-Other" DESCRIPTION="block type MainZone-Other"/><OtherTag ID="BT3411" LABEL="MainZone-Sp" DESCRIPTION="block type MainZone-Sp"/><OtherTag ID="BT3417" LABEL="MainZone-Sp-Continued" DESCRIPTION="block type MainZone-Sp-Continued"/><OtherTag ID="BT3418" LABEL="GraphicZone-Decoration" DESCRIPTION="block type GraphicZone-Decoration"/><OtherTag ID="BT3419" LABEL="MainZone-Entry" DESCRIPTION="block type MainZone-Entry"/><OtherTag ID="BT3420" LABEL="MainZone-Lg" DESCRIPTION="block type MainZone-Lg"/><OtherTag ID="BT3421" LABEL="MainZone-Entry-Continued" DESCRIPTION="block type MainZone-Entry-Continued"/><OtherTag ID="BT3422" LABEL="MarginTextZone-ManuscriptAddendum" DESCRIPTION="block type MarginTextZone-ManuscriptAddendum"/><OtherTag ID="BT3423" LABEL="MainZone-List" DESCRIPTION="block type MainZone-List"/>
    <OtherTag ID="LT7" LABEL="CustomLine" DESCRIPTION="line type CustomLine"/><OtherTag ID="LT8" LABEL="DefaultLine" DESCRIPTION="line type DefaultLine"/><OtherTag ID="LT9" LABEL="DropCapitalLine" DESCRIPTION="line type DropCapitalLine"/><OtherTag ID="LT10" LABEL="HeadingLine" DESCRIPTION="line type HeadingLine"/><OtherTag ID="LT11" LABEL="InterlinearLine" DESCRIPTION="line type InterlinearLine"/><OtherTag ID="LT12" LABEL="MusicLine" DESCRIPTION="line type MusicLine"/>
  </Tags>
  <Layout>
    <Page WIDTH="1500" HEIGHT="2172" PHYSICAL_IMG_NR="409" ID="eSc_dummypage_">
      <PrintSpace HPOS="0" VPOS="0" WIDTH="1500" HEIGHT="2172">
        <TextBlock HPOS="904" VPOS="145" WIDTH="73" HEIGHT="51" ID="block_1" TAGREFS="BT15">
          <Shape><Polygon POINTS="904 145 977 145 977 195 904 195 904 145"/></Shape>
          <TextLine ID="line_1" TAGREFS="LT8" BASELINE="906 176 975 176" HPOS="906" VPOS="123" WIDTH="69" HEIGHT="84">
            <Shape><Polygon POINTS="906 176 906 198 927 207 928 207 930 207 975 200 975 176 975 123 906 132 906 176"/></Shape>
            <String CONTENT="752" HPOS="906" VPOS="123" WIDTH="69" HEIGHT="84" WC="0.999987006187439"/>
          </TextLine>
        </TextBlock>
        <TextBlock HPOS="351" VPOS="125" WIDTH="292" HEIGHT="60" ID="block_2" TAGREFS="BT18">
          <Shape><Polygon POINTS="351 125 643 125 643 185 351 185 351 125"/></Shape>
          <TextLine ID="line_2" TAGREFS="LT8" BASELINE="351 166 642 170" HPOS="351" VPOS="156" WIDTH="291" HEIGHT="32">
            <Shape><Polygon POINTS="640 156 628 156 616 156 604 156 592 156 580 156 568 156 556 156 544 156 532 156 520 156 508 156 496 156 484 156 472 156 460 156 448 156 436 156 424 156 412 156 400 156 388 156 376 156 363 156 351 156 351 166 351 184 418 188 420 188 454 182 480 178 488 182 500 186 500 186 501 186 502 186 526 180 534 178 549 180 628 186 628 186 630 186 632 186 640 178 642 170 640 156 640 156"/></Shape>
            <String CONTENT="CARVT. VI." HPOS="351" VPOS="156" WIDTH="291" HEIGHT="32" WC="0.997091007232666"/>
          </TextLine>
        </TextBlock>
        <TextBlock HPOS="108" VPOS="194" WIDTH="871" HEIGHT="100" ID="block_3" TAGREFS="BT3407">
          <Shape><Polygon POINTS="108 194 979 194 979 294 108 294 108 194"/></Shape>
          <TextLine ID="line_3" TAGREFS="LT8" BASELINE="106 226 972 231" HPOS="105" VPOS="180" WIDTH="867" HEIGHT="70">
            <Shape><Polygon POINTS="106 226 105 237 141 246 141 246 142 248 234 248 234 246 234 246 254 240 372 248 374 249 468 249 468 248 468 248 470 248 477 242 540 249 542 249 614 243 684 248 684 248 686 248 704 243 706 242 712 243 756 250 758 250 820 243 828 243 832 244 848 249 849 249 850 249 970 244 972 231 972 196 926 196 924 196 912 188 910 188 909 188 908 188 906 188 878 195 876 196 788 196 782 192 758 184 756 184 754 184 702 190 654 184 652 184 651 184 650 184 640 190 633 195 604 190 591 188 590 188 588 188 585 189 570 195 526 195 510 188 506 186 506 186 504 186 502 186 500 188 482 195 386 195 375 188 374 188 372 188 370 188 339 194 324 184 320 182 320 182 318 182 316 182 315 182 308 184 274 192 224 182 219 182 218 182 216 182 214 182 172 192 106 180 106 226"/></Shape>
            <String CONTENT="ſuperbiæ illi, quam reprehendit ſupra Paulus," HPOS="105" VPOS="180" WIDTH="867" HEIGHT="70" WC="0.9959889769554138"/>
          </TextLine>
          <TextLine ID="line_4" TAGREFS="LT8" BASELINE="110 276 890 280" HPOS="108" VPOS="237" WIDTH="782" HEIGHT="62">
            <Shape><Polygon POINTS="110 276 108 285 130 296 132 296 134 296 178 288 267 288 274 296 276 296 278 296 278 296 322 290 346 296 348 296 350 296 351 296 364 290 432 296 432 296 434 296 447 290 484 296 486 296 582 290 597 297 598 297 598 297 690 291 716 298 717 298 718 298 888 291 890 280 888 250 820 249 813 242 813 240 812 240 810 240 808 240 808 240 784 249 783 250 738 250 736 248 730 243 729 243 728 243 728 243 664 248 654 248 654 248 642 240 640 240 640 240 639 240 543 246 513 248 504 246 471 238 470 238 429 246 426 246 417 238 416 238 414 238 412 238 412 238 388 246 382 246 381 246 370 238 369 238 369 238 303 237 236 237 234 237 234 237 210 243 202 246 110 243 110 276"/></Shape>
            <String CONTENT="virtus eſt planè contraria atque repugnans." HPOS="108" VPOS="237" WIDTH="782" HEIGHT="62" WC="0.9968559145927429"/>
          </TextLine>
        </TextBlock>
        <TextBlock HPOS="106" VPOS="293" WIDTH="868" HEIGHT="243" ID="block_4" TAGREFS="BT3408">
          <Shape><Polygon POINTS="106 293 974 293 974 537 106 537 106 293"/></Shape>
          <TextLine ID="line_5" TAGREFS="LT8" BASELINE="153 324 969 328" HPOS="152" VPOS="286" WIDTH="818" HEIGHT="63">
            <Shape><Polygon POINTS="153 324 152 336 165 345 166 345 166 345 168 345 284 338 288 338 296 338 387 344 388 344 518 340 603 339 609 342 618 346 620 346 621 346 684 344 765 339 808 345 826 348 826 350 969 350 969 328 968 294 872 298 848 294 831 290 830 290 828 290 820 294 808 298 801 294 798 290 796 290 795 290 795 290 794 290 783 294 765 298 736 298 732 294 728 290 728 290 726 290 724 290 723 290 722 290 706 294 698 296 688 294 668 290 666 290 666 290 640 294 627 297 614 294 596 290 594 290 592 290 592 290 573 294 561 297 492 297 488 296 474 288 472 288 471 288 394 294 352 286 351 286 302 296 300 296 297 296 254 286 252 286 196 296 195 296 194 296 165 286 164 286 162 286 160 286 159 286 153 291 153 324"/></Shape>
            <String CONTENT="Beneficentiam autem varijs verbis deſignauit" HPOS="152" VPOS="286" WIDTH="818" HEIGHT="63" WC="0.9991774220358242"/>
          </TextLine>
          <TextLine ID="line_6" TAGREFS="LT8" BASELINE="106 370 968 376" HPOS="106" VPOS="333" WIDTH="861" HEIGHT="62">
            <Shape><Polygon POINTS="106 370 106 388 240 384 246 388 248 390 249 390 250 390 308 392 308 392 340 388 370 386 376 388 381 392 382 392 382 392 537 393 537 393 538 393 540 393 546 388 549 387 614 387 622 388 645 394 646 394 648 394 648 394 650 394 656 388 657 388 753 388 759 388 795 394 796 394 966 388 968 376 968 348 698 346 694 345 686 338 684 338 684 338 682 338 639 344 624 345 620 344 603 336 602 336 390 334 388 334 388 334 387 334 380 340 376 344 348 340 279 333 210 333 208 333 208 333 207 333 200 339 196 342 184 339 177 336 176 336 174 336 106 338 106 370"/></Shape>
            <String CONTENT="tum ad illius virtutis commendationem: tum e¬" HPOS="106" VPOS="333" WIDTH="861" HEIGHT="62" WC="0.9769661214616564"/>
          </TextLine>
          <TextLine ID="line_7" TAGREFS="LT8" BASELINE="106 422 969 428" HPOS="106" VPOS="382" WIDTH="862" HEIGHT="62">
            <Shape><Polygon POINTS="106 422 106 438 258 432 276 438 278 440 279 440 280 441 368 441 368 440 374 440 450 434 490 441 495 441 496 441 500 441 530 435 554 441 555 441 555 441 570 441 795 436 968 444 969 428 969 387 909 387 908 387 906 387 906 387 892 398 798 398 766 388 765 388 765 388 764 388 762 388 752 396 708 396 700 388 699 388 698 388 698 388 696 388 694 388 684 394 591 394 562 386 561 384 560 384 558 384 556 384 555 386 530 394 494 384 488 384 488 384 486 384 484 384 471 394 454 394 447 388 447 387 446 387 444 387 444 387 442 387 428 393 410 384 408 384 406 384 406 384 400 384 348 390 339 384 338 382 336 382 334 382 333 382 320 384 285 388 250 384 228 382 226 382 212 384 166 392 106 384 106 422"/></Shape>
            <String CONTENT="tiam ad explicationem. Nam eam commendãt" HPOS="106" VPOS="382" WIDTH="862" HEIGHT="62" WC="0.9937326530130898"/>
          </TextLine>
          <TextLine ID="line_8" TAGREFS="LT8" BASELINE="106 468 974 474" HPOS="105" VPOS="430" WIDTH="868" HEIGHT="62">
            <Shape><Polygon POINTS="726 430 722 430 710 430 698 430 686 430 674 430 662 430 650 430 642 430 640 430 640 430 630 434 609 440 596 434 590 430 588 430 578 430 566 430 554 430 542 430 530 430 518 430 506 430 495 430 489 432 465 438 450 432 446 430 444 430 438 430 435 432 423 438 410 432 406 430 399 430 396 432 382 440 330 440 322 430 312 430 300 430 288 430 279 430 272 436 153 438 141 430 130 430 118 430 106 430 106 468 105 480 123 488 124 488 126 488 314 482 388 489 388 489 537 483 579 490 580 490 684 484 702 490 704 490 704 490 802 486 900 492 900 492 902 492 920 486 956 492 957 492 958 492 972 484 974 474 972 438 938 441 930 436 926 432 924 432 922 432 852 432 850 432 850 432 849 432 849 434 844 436 838 442 758 442 738 435 728 430 726 430"/></Shape>
            <String CONTENT="hæ voces Α'γαθοθγεῖν, &amp; Πιλετεῖν ἐν εφγοις καλοῖς. Ex¬" HPOS="105" VPOS="430" WIDTH="868" HEIGHT="62" WC="0.9799332104880234"/>
          </TextLine>
          <TextLine ID="line_9" TAGREFS="LT8" BASELINE="108 520 579 518" HPOS="106" VPOS="477" WIDTH="472" HEIGHT="64">
            <Shape><Polygon POINTS="108 520 108 542 150 531 246 537 246 537 296 531 351 537 352 537 354 537 356 537 356 536 363 530 460 537 488 538 489 538 579 536 579 518 579 489 543 477 542 477 540 477 538 477 510 484 498 477 496 477 495 477 436 477 435 477 434 477 432 477 432 478 423 488 422 489 358 489 357 486 346 478 345 478 345 478 344 478 342 478 340 478 340 480 333 486 330 490 296 490 292 486 284 478 282 478 280 478 279 478 242 486 226 489 208 486 195 483 194 483 192 483 190 483 189 486 184 489 176 486 158 478 156 478 154 478 106 484 108 520"/></Shape>
            <String CONTENT="plicant iſtx αμεταδότοςτθ)." HPOS="106" VPOS="477" WIDTH="472" HEIGHT="64" WC="0.9602161007268089"/>
          </TextLine>
        </TextBlock>
        <TextBlock HPOS="109" VPOS="536" WIDTH="875" HEIGHT="1263" ID="block_5" TAGREFS="BT3408">
          <Shape><Polygon POINTS="109 536 984 536 984 1799 109 1799 109 536"/></Shape>
          <TextLine ID="line_10" TAGREFS="LT8" BASELINE="153 567 972 572" HPOS="153" VPOS="524" WIDTH="819" HEIGHT="64">
            <Shape><Polygon POINTS="153 567 153 578 213 585 214 585 260 579 278 578 302 579 344 584 345 584 411 580 462 579 468 580 480 585 482 585 483 585 514 582 531 579 556 582 604 586 606 586 608 586 618 582 624 580 645 584 682 586 684 586 684 586 692 584 700 579 747 585 794 588 795 588 840 585 897 580 969 585 972 572 972 538 942 530 940 530 939 530 938 530 938 530 926 537 915 528 914 528 914 528 912 528 824 531 822 531 820 531 813 537 808 540 784 538 783 537 772 528 771 528 771 528 770 528 768 528 766 528 756 537 753 540 670 540 666 536 657 528 657 526 656 526 654 526 608 526 606 526 604 526 585 536 578 538 454 538 450 536 447 531 446 531 444 531 444 531 416 536 393 537 382 536 350 524 348 524 346 524 254 530 240 525 238 525 237 525 236 525 220 534 219 534 216 534 165 524 164 524 162 524 160 524 153 530 153 567"/></Shape>
            <String CONTENT="Itaque hîc bona opera deſignantur, non tam" HPOS="153" VPOS="524" WIDTH="819" HEIGHT="64" WC="0.9915183449900428"/>
          </TextLine>
          <TextLine ID="line_11" TAGREFS="LT8" BASELINE="110 614 970 618" HPOS="108" VPOS="576" WIDTH="862" HEIGHT="63">
            <Shape><Polygon POINTS="110 614 108 630 156 634 158 634 159 634 170 632 178 628 248 628 284 632 320 634 320 634 354 632 388 628 399 632 411 636 412 636 412 638 477 638 477 636 478 636 480 636 484 632 488 628 500 632 514 634 516 634 518 634 525 632 538 628 604 633 680 638 681 638 706 633 726 628 746 633 777 639 777 639 814 633 826 632 831 633 844 638 844 638 846 638 848 638 858 633 864 630 870 633 882 638 884 638 885 638 886 638 903 633 916 630 969 633 970 618 969 590 940 590 939 588 927 579 926 579 926 579 878 579 876 579 876 579 874 579 864 588 862 590 842 586 754 579 753 579 704 585 688 588 616 588 615 585 608 579 608 579 606 579 604 579 573 579 572 579 570 579 568 579 560 585 552 588 466 588 462 584 454 578 453 578 452 578 450 578 450 578 428 584 412 588 382 588 376 584 370 579 369 579 369 579 368 579 366 579 364 579 360 584 354 586 333 586 327 582 320 576 320 576 318 576 316 576 276 582 249 585 231 582 210 576 208 576 208 576 110 579 110 614"/></Shape>
            <String CONTENT="quidem omnia in genere illa quæ ſcriptura Bo¬" HPOS="108" VPOS="576" WIDTH="862" HEIGHT="63" WC="0.990437720881568"/>
          </TextLine>
          <TextLine ID="line_12" TAGREFS="LT8" BASELINE="106 663 972 666" HPOS="105" VPOS="626" WIDTH="867" HEIGHT="62">
            <Shape><Polygon POINTS="105 672 152 675 166 684 166 684 168 684 170 686 206 686 206 684 207 684 225 675 322 675 334 681 336 681 338 681 393 675 453 686 454 686 507 678 602 686 603 686 604 686 622 678 642 686 644 686 645 686 704 680 729 687 730 687 732 687 832 678 856 684 858 684 858 684 970 676 972 666 969 628 704 639 669 633 668 633 628 638 609 628 608 628 546 628 544 628 543 628 543 628 530 639 490 639 477 630 476 630 474 630 474 630 472 630 444 638 412 628 411 628 410 628 408 628 380 636 369 627 368 627 366 627 364 627 363 627 339 636 318 627 316 627 315 627 314 627 284 636 254 630 252 630 148 636 108 626 106 663 105 672"/></Shape>
            <String CONTENT="na opera vocat, &amp; præcipit: quanquam diuites" HPOS="105" VPOS="626" WIDTH="867" HEIGHT="62" WC="0.9909138571132313"/>
          </TextLine>
          <TextLine ID="line_13" TAGREFS="LT8" BASELINE="108 710 974 716" HPOS="106" VPOS="672" WIDTH="867" HEIGHT="62">
            <Shape><Polygon POINTS="108 710 106 720 174 728 176 728 236 722 240 722 246 722 308 729 308 729 386 724 405 723 420 724 471 730 472 730 543 728 579 724 586 728 596 730 597 730 598 730 630 728 654 726 669 728 690 732 690 734 972 734 974 716 974 687 945 678 944 678 866 678 864 678 864 678 844 686 840 688 806 688 801 684 778 676 777 676 777 676 738 684 734 686 628 686 470 686 462 680 454 674 453 674 452 674 450 674 424 675 423 675 422 675 422 676 417 680 412 684 351 682 345 678 336 674 334 674 208 672 208 672 207 672 206 672 206 674 202 676 195 682 168 675 154 672 153 672 108 674 108 710"/></Shape>
            <String CONTENT="Chriſtiani ijs omnibus animum applicare debẽt:" HPOS="106" VPOS="672" WIDTH="867" HEIGHT="62" WC="0.997295099370023"/>
          </TextLine>
          <TextLine ID="line_14" TAGREFS="LT8" BASELINE="108 760 972 765" HPOS="106" VPOS="722" WIDTH="866" HEIGHT="66">
            <Shape><Polygon POINTS="108 760 106 772 122 783 123 783 123 783 124 783 126 783 159 774 228 783 228 783 261 783 261 783 262 783 264 783 276 774 286 774 345 774 366 783 368 783 369 783 369 783 370 783 382 776 384 776 496 776 506 777 540 783 542 783 602 777 618 777 621 777 634 784 636 784 638 786 740 786 740 784 741 784 742 784 748 778 753 777 756 778 765 786 766 786 768 786 770 788 800 788 800 786 801 786 801 786 810 780 814 777 837 777 842 780 849 786 850 786 850 786 852 786 970 782 972 765 969 730 915 734 908 730 903 726 902 726 900 726 874 726 873 726 872 726 861 730 854 734 808 735 798 730 796 729 795 729 795 729 789 730 756 735 710 730 660 724 660 724 658 724 657 724 648 730 640 735 600 735 592 730 584 724 582 724 580 724 579 724 476 729 464 723 462 723 462 723 460 723 459 723 450 730 444 734 381 734 363 730 321 722 320 722 320 722 300 730 294 734 189 734 186 730 178 723 178 722 177 722 176 722 153 722 153 722 152 722 150 722 141 730 136 732 108 730 108 760"/></Shape>
            <String CONTENT="quàm quæ Charitatis &amp; Elemoſynæ opera ſunt," HPOS="106" VPOS="722" WIDTH="866" HEIGHT="66" WC="0.994387535886331"/>
          </TextLine>
          <TextLine ID="line_15" TAGREFS="LT8" BASELINE="106 807 969 810" HPOS="105" VPOS="774" WIDTH="864" HEIGHT="58">
            <Shape><Polygon POINTS="106 807 105 824 112 828 114 828 116 828 117 828 159 822 170 820 172 822 184 828 184 828 186 828 237 822 250 820 254 822 272 831 273 831 274 832 312 832 312 831 314 831 338 822 344 820 528 820 549 824 600 828 602 828 654 824 654 824 672 832 672 832 674 832 712 824 714 822 765 822 770 824 789 832 790 832 792 832 858 832 858 832 858 832 860 832 867 826 948 832 950 832 950 832 968 824 969 810 968 783 850 776 850 776 818 782 808 783 796 782 765 776 765 776 710 780 687 783 678 780 663 776 662 776 660 776 634 780 618 783 484 783 480 778 474 774 474 774 472 774 471 774 418 778 388 782 376 778 357 774 357 774 356 774 354 774 340 778 332 783 234 783 228 777 224 774 222 774 222 774 156 774 154 774 153 774 153 774 148 777 142 782 106 777 106 807"/></Shape>
            <String CONTENT="&amp; huic argumento conueniunt: quòd ea ſint prę¬" HPOS="105" VPOS="774" WIDTH="864" HEIGHT="58" WC="0.9855372880895933"/>
          </TextLine>
          <TextLine ID="line_16" TAGREFS="LT8" BASELINE="105 856 974 862" HPOS="104" VPOS="819" WIDTH="870" HEIGHT="58">
            <Shape><Polygon POINTS="105 856 104 873 970 878 974 862 974 832 942 824 940 824 939 824 938 824 938 824 924 832 924 832 858 832 858 832 849 826 848 826 846 826 844 826 844 826 828 831 819 824 818 824 816 824 814 824 814 824 796 832 795 832 740 832 738 832 710 820 708 820 706 820 705 820 686 826 675 820 674 820 672 820 624 820 622 820 622 820 621 820 606 831 594 820 592 820 592 820 591 820 532 825 524 819 522 819 520 819 418 819 417 819 416 819 414 819 402 830 400 831 358 831 357 830 345 819 345 819 344 819 342 819 279 828 278 828 105 828 105 856"/></Shape>
            <String CONTENT="cipua, in quibus diuites ſeſe debent exercere, &amp;" HPOS="104" VPOS="819" WIDTH="870" HEIGHT="58" WC="0.9903041260937849"/>
          </TextLine>
          <TextLine ID="line_17" TAGREFS="LT8" BASELINE="110 904 972 909" HPOS="110" VPOS="866" WIDTH="862" HEIGHT="64">
            <Shape><Polygon POINTS="110 904 110 926 232 918 248 926 252 926 252 926 254 927 320 927 320 926 339 926 400 918 410 924 412 927 414 927 416 927 417 928 442 928 442 927 460 924 494 918 560 924 615 928 616 928 616 928 628 924 640 918 688 918 694 922 696 926 698 926 698 926 699 926 720 922 756 918 782 922 796 926 798 926 820 922 842 920 850 922 876 930 876 930 878 930 879 930 900 922 970 922 972 909 968 870 954 878 912 870 909 870 908 870 906 870 906 870 898 876 879 870 878 870 876 870 876 870 850 878 843 870 843 870 842 870 840 870 778 870 777 870 777 870 756 878 722 878 712 870 712 868 711 868 710 868 710 868 708 868 704 870 682 874 652 870 646 868 645 868 644 868 642 868 632 876 609 868 606 868 604 868 604 868 603 868 600 868 574 876 518 876 506 868 501 867 500 867 474 867 472 867 471 867 470 867 468 868 459 876 441 868 438 867 436 867 411 867 410 867 408 867 406 867 406 868 396 876 366 876 357 868 356 867 354 867 352 867 351 867 344 868 308 876 267 876 260 868 258 867 258 866 256 866 255 866 232 866 231 866 230 866 228 866 226 868 218 874 110 868 110 904"/></Shape>
            <String CONTENT="quorum præſtandorum cauſa diuitias à Domino" HPOS="110" VPOS="866" WIDTH="862" HEIGHT="64" WC="0.9988363466479562"/>
          </TextLine>
          <TextLine ID="line_18" TAGREFS="LT8" BASELINE="110 954 974 958" HPOS="108" VPOS="915" WIDTH="866" HEIGHT="58">
            <Shape><Polygon POINTS="110 954 108 962 141 970 142 970 292 966 326 964 970 974 974 958 972 922 898 918 897 918 896 918 885 922 880 924 873 922 855 918 854 918 852 918 850 918 850 918 844 922 834 928 814 928 802 922 795 918 794 918 666 916 664 916 663 916 642 922 628 926 615 922 606 920 604 920 604 920 603 920 594 922 580 926 554 922 500 915 498 915 465 922 453 926 424 926 423 922 414 915 412 915 412 915 411 915 410 915 408 915 399 922 390 916 390 915 388 915 388 915 327 915 327 915 326 915 324 915 314 922 312 924 110 924 110 954"/></Shape>
            <String CONTENT="acceperunt. Omne autem proximi ſubleuandi &amp;" HPOS="108" VPOS="915" WIDTH="866" HEIGHT="58" WC="0.9985677156337472"/>
          </TextLine>
          <TextLine ID="line_19" TAGREFS="LT8" BASELINE="111 1004 972 1008" HPOS="110" VPOS="962" WIDTH="862" HEIGHT="62">
            <Shape><Polygon POINTS="111 1004 110 1011 279 1012 280 1014 296 1020 296 1020 297 1020 298 1020 320 1014 324 1014 327 1016 351 1022 351 1022 352 1023 411 1023 411 1022 412 1022 412 1022 420 1016 423 1016 507 1016 516 1017 542 1023 543 1023 582 1017 594 1017 614 1017 664 1023 666 1023 704 1018 728 1017 740 1018 756 1023 758 1023 759 1023 794 1020 816 1017 825 1020 836 1023 837 1023 838 1023 970 1022 972 1008 970 976 928 966 909 966 908 966 906 966 906 966 906 968 896 974 894 975 888 974 849 969 848 969 846 969 832 974 825 975 824 974 816 968 816 968 814 968 814 968 813 968 777 974 772 974 771 974 758 964 756 964 754 964 753 964 735 972 728 974 692 970 622 964 621 964 620 964 618 964 612 969 610 972 602 969 592 968 591 968 590 968 574 969 543 974 507 968 484 963 483 963 456 968 412 974 374 966 372 966 370 966 369 966 362 974 261 974 244 963 244 962 243 962 242 962 240 962 234 962 166 972 153 962 152 962 150 962 111 962 111 1004"/></Shape>
            <String CONTENT="beneficentiæ genus complectitur Paulus, cùm" HPOS="110" VPOS="962" WIDTH="862" HEIGHT="62" WC="0.990058118646795"/>
          </TextLine>
          <TextLine ID="line_20" TAGREFS="LT8" BASELINE="111 1048 969 1056" HPOS="111" VPOS="1008" WIDTH="858" HEIGHT="64">
            <Shape><Polygon POINTS="111 1059 129 1066 130 1066 132 1066 212 1060 213 1060 314 1068 314 1068 315 1068 316 1068 327 1062 342 1068 344 1068 345 1068 386 1064 398 1062 471 1062 474 1065 478 1070 480 1070 480 1070 482 1070 518 1066 537 1064 576 1066 634 1071 634 1071 678 1068 712 1066 724 1068 738 1072 740 1072 740 1072 969 1072 969 1056 969 1026 920 1026 918 1024 906 1016 904 1016 903 1016 902 1016 850 1022 826 1014 826 1014 789 1014 788 1014 786 1014 784 1014 776 1022 774 1023 768 1022 735 1014 734 1014 734 1014 732 1014 723 1020 717 1023 628 1023 624 1018 618 1014 618 1012 616 1012 616 1012 580 1012 579 1012 579 1012 578 1012 572 1017 562 1023 548 1017 542 1016 540 1016 538 1016 530 1017 502 1022 495 1017 490 1011 489 1011 488 1011 488 1011 462 1016 423 1022 406 1014 398 1011 396 1011 394 1011 394 1011 386 1014 370 1022 296 1022 284 1011 284 1011 282 1011 280 1011 279 1011 278 1011 276 1011 255 1020 231 1020 212 1011 208 1010 208 1010 207 1010 206 1010 202 1011 180 1018 170 1011 168 1011 166 1011 166 1011 129 1018 114 1008 111 1048 111 1059"/></Shape>
            <String CONTENT="vult ita diuites ſuas opes collocare &amp; diſpenſare," HPOS="111" VPOS="1008" WIDTH="858" HEIGHT="64" WC="0.9906670272350311"/>
          </TextLine>
          <TextLine ID="line_21" TAGREFS="LT8" BASELINE="112 1098 975 1104" HPOS="111" VPOS="1059" WIDTH="864" HEIGHT="64">
            <Shape><Polygon POINTS="112 1098 111 1110 130 1118 132 1118 134 1118 135 1118 153 1112 172 1118 172 1118 174 1118 272 1112 282 1112 320 1112 830 1122 831 1124 888 1124 888 1122 890 1122 891 1122 898 1116 956 1122 956 1122 957 1122 974 1116 975 1104 974 1074 945 1074 944 1072 926 1064 926 1064 904 1064 903 1064 902 1064 900 1064 888 1072 888 1072 882 1072 801 1066 800 1066 704 1072 693 1072 692 1072 672 1062 672 1062 670 1062 669 1062 636 1072 634 1072 633 1072 610 1060 610 1060 609 1060 608 1060 579 1071 578 1071 548 1065 546 1065 544 1065 525 1071 524 1071 520 1071 459 1060 458 1060 393 1066 358 1060 357 1060 357 1060 356 1060 342 1070 322 1060 321 1060 320 1060 320 1060 298 1070 297 1070 272 1070 272 1068 258 1059 258 1059 256 1059 255 1059 254 1059 222 1068 207 1059 206 1059 204 1059 202 1059 176 1060 174 1060 172 1060 172 1060 165 1068 164 1068 146 1062 144 1062 142 1062 112 1066 112 1098"/></Shape>
            <String CONTENT="vt diteſcant abundéntque in omni genere bo¬" HPOS="111" VPOS="1059" WIDTH="864" HEIGHT="64" WC="0.999162873083895"/>
          </TextLine>
          <TextLine ID="line_22" TAGREFS="LT8" BASELINE="110 1148 975 1154" HPOS="110" VPOS="1110" WIDTH="866" HEIGHT="56">
            <Shape><Polygon POINTS="110 1148 110 1166 974 1166 975 1154 974 1116 147 1116 110 1110 110 1148"/></Shape>
            <String CONTENT="norum operum, non vt vnius aut alterius tantùm" HPOS="110" VPOS="1110" WIDTH="866" HEIGHT="56" WC="0.9916035799269981"/>
          </TextLine>
          <TextLine ID="line_23" TAGREFS="LT8" BASELINE="111 1197 970 1198" HPOS="111" VPOS="1158" WIDTH="860" HEIGHT="60">
            <Shape><Polygon POINTS="111 1209 172 1209 180 1216 182 1216 183 1216 184 1216 540 1210 570 1218 572 1218 573 1218 614 1212 622 1218 622 1218 624 1218 626 1218 714 1212 722 1218 723 1218 724 1218 726 1218 849 1212 921 1218 922 1218 969 1210 970 1198 969 1172 927 1160 926 1160 808 1166 772 1160 771 1160 771 1160 753 1167 752 1167 748 1167 726 1162 724 1162 723 1162 722 1162 717 1166 712 1172 658 1172 652 1166 645 1160 644 1160 642 1160 600 1160 598 1160 573 1166 543 1170 526 1164 518 1160 518 1160 516 1160 483 1162 428 1168 416 1162 410 1160 408 1160 406 1160 406 1160 396 1161 375 1170 268 1170 260 1161 258 1161 258 1161 256 1161 255 1161 240 1166 232 1160 231 1160 230 1160 183 1160 182 1160 180 1160 153 1168 112 1158 111 1197 111 1209"/></Shape>
            <String CONTENT="beneficij in proximum exhibitione ſibi ſatisfa¬" HPOS="111" VPOS="1158" WIDTH="860" HEIGHT="60" WC="0.9912224488055452"/>
          </TextLine>
          <TextLine ID="line_24" TAGREFS="LT8" BASELINE="110 1245 974 1251" HPOS="108" VPOS="1204" WIDTH="866" HEIGHT="66">
            <Shape><Polygon POINTS="110 1245 108 1256 136 1264 138 1264 140 1266 288 1266 288 1264 290 1264 320 1258 508 1266 510 1266 512 1266 528 1258 598 1264 600 1264 688 1262 699 1268 700 1268 702 1268 704 1268 704 1268 728 1262 758 1269 759 1269 759 1269 760 1269 762 1269 771 1262 806 1269 807 1270 894 1270 894 1269 894 1269 909 1262 958 1268 960 1268 962 1268 962 1268 972 1260 974 1251 972 1220 778 1220 777 1218 771 1212 770 1212 768 1212 766 1212 765 1212 748 1216 740 1209 740 1209 740 1209 738 1209 736 1209 735 1209 712 1215 704 1209 702 1209 700 1209 612 1208 610 1208 610 1208 586 1216 585 1216 582 1216 542 1206 540 1206 538 1206 489 1215 488 1215 488 1215 394 1206 394 1206 354 1215 351 1215 350 1215 326 1204 324 1204 280 1204 279 1204 278 1204 278 1204 264 1215 262 1215 174 1215 172 1215 147 1208 146 1208 144 1208 110 1214 110 1245"/></Shape>
            <String CONTENT="ciant, quaſi ſint ſatis officio functi; ſed congerere" HPOS="108" VPOS="1204" WIDTH="866" HEIGHT="66" WC="0.9911309908021171"/>
          </TextLine>
          <TextLine ID="line_25" TAGREFS="LT8" BASELINE="108 1293 974 1298" HPOS="106" VPOS="1254" WIDTH="867" HEIGHT="62">
            <Shape><Polygon POINTS="108 1293 106 1304 130 1312 132 1312 134 1312 322 1306 376 1314 376 1314 531 1308 549 1314 549 1314 550 1314 657 1308 664 1314 666 1314 666 1314 762 1316 764 1316 972 1308 974 1298 972 1269 879 1269 878 1268 868 1262 867 1262 866 1262 864 1262 864 1262 850 1268 836 1258 834 1258 832 1258 753 1257 753 1257 752 1257 716 1266 690 1257 690 1257 688 1257 687 1257 662 1266 660 1266 640 1257 639 1257 576 1257 574 1257 573 1257 573 1257 561 1266 561 1268 543 1268 540 1266 525 1256 524 1256 524 1256 522 1256 520 1256 502 1264 501 1266 432 1266 432 1264 411 1256 410 1256 408 1256 336 1263 327 1256 327 1254 326 1254 324 1254 322 1254 272 1264 249 1264 238 1264 218 1254 216 1254 216 1254 214 1254 213 1254 200 1264 108 1264 108 1293"/></Shape>
            <String CONTENT="cumulare, &amp; addere eos oportet beneficia bene¬" HPOS="106" VPOS="1254" WIDTH="867" HEIGHT="62" WC="0.987238487471705"/>
          </TextLine>
          <TextLine ID="line_26" TAGREFS="LT8" BASELINE="112 1344 964 1346" HPOS="112" VPOS="1302" WIDTH="852" HEIGHT="64">
            <Shape><Polygon POINTS="112 1344 114 1364 129 1358 160 1364 171 1365 172 1365 220 1364 342 1358 354 1362 362 1365 363 1365 363 1366 471 1366 471 1365 472 1365 484 1360 492 1358 510 1360 548 1365 549 1365 549 1365 550 1365 558 1360 561 1358 630 1358 639 1359 656 1364 657 1364 658 1364 718 1358 728 1358 729 1358 753 1365 754 1365 756 1365 800 1359 933 1365 934 1365 936 1365 963 1356 964 1346 963 1306 914 1302 914 1302 912 1302 903 1306 888 1312 874 1306 864 1302 864 1302 862 1302 861 1302 860 1302 855 1306 849 1311 836 1306 826 1304 825 1304 824 1304 822 1304 810 1308 789 1314 716 1314 663 1308 597 1302 596 1302 594 1302 592 1302 585 1308 582 1312 573 1308 558 1304 556 1304 555 1304 555 1304 554 1304 546 1308 538 1314 468 1314 454 1310 420 1302 418 1302 363 1310 357 1311 354 1311 345 1302 344 1302 342 1302 288 1302 286 1302 285 1302 264 1311 261 1314 210 1314 208 1312 184 1302 184 1302 128 1302 126 1302 124 1302 123 1302 112 1310 112 1344"/></Shape>
            <String CONTENT="ficijs minimè propterea fathiſcẽtes, quia pluribs" HPOS="112" VPOS="1302" WIDTH="852" HEIGHT="64" WC="0.9931608274871228"/>
          </TextLine>
          <TextLine ID="line_27" TAGREFS="LT8" BASELINE="111 1390 975 1394" HPOS="111" VPOS="1353" WIDTH="864" HEIGHT="57">
            <Shape><Polygon POINTS="111 1390 111 1402 972 1410 975 1394 975 1365 952 1365 952 1364 942 1356 940 1356 939 1356 938 1356 938 1356 920 1364 891 1356 890 1356 888 1356 846 1364 844 1364 844 1364 812 1358 810 1358 770 1364 766 1364 765 1364 729 1356 728 1356 648 1364 639 1356 639 1354 638 1354 636 1354 606 1354 604 1354 604 1354 603 1354 590 1364 534 1356 532 1356 531 1356 507 1364 506 1364 486 1358 484 1358 483 1358 429 1364 424 1364 423 1364 400 1353 399 1353 398 1353 208 1362 204 1362 202 1362 126 1353 124 1353 123 1353 123 1353 111 1359 111 1390"/></Shape>
            <String CONTENT="ſubueniant: vel quia vni &amp; eidem ſæpius iam cõ¬" HPOS="111" VPOS="1353" WIDTH="864" HEIGHT="57" WC="0.9804531782865524"/>
          </TextLine>
          <TextLine ID="line_28" TAGREFS="LT8" BASELINE="110 1440 975 1443" HPOS="108" VPOS="1404" WIDTH="867" HEIGHT="62">
            <Shape><Polygon POINTS="110 1440 108 1450 124 1458 126 1458 128 1458 248 1455 267 1462 268 1462 270 1462 272 1462 302 1454 315 1460 316 1460 318 1460 386 1454 396 1461 398 1461 399 1461 400 1461 432 1455 442 1462 444 1462 444 1462 446 1462 546 1455 561 1464 562 1464 564 1464 566 1466 602 1466 602 1464 603 1464 622 1455 687 1455 704 1464 705 1464 706 1466 746 1466 746 1464 747 1464 748 1464 760 1455 824 1464 825 1464 826 1464 861 1455 894 1464 896 1464 897 1464 898 1464 900 1464 906 1456 920 1461 920 1461 921 1461 975 1454 975 1443 975 1414 806 1406 804 1406 802 1406 784 1413 783 1414 662 1414 660 1413 640 1406 639 1406 638 1406 636 1406 634 1406 624 1413 622 1414 574 1414 573 1413 544 1404 543 1404 543 1404 542 1404 524 1413 524 1413 474 1413 474 1413 462 1404 462 1404 460 1404 459 1404 418 1413 418 1413 384 1413 382 1413 374 1404 372 1404 370 1404 369 1404 240 1412 228 1404 228 1404 226 1404 153 1404 152 1404 150 1404 148 1404 138 1413 135 1413 110 1413 110 1440"/></Shape>
            <String CONTENT="tulerunt donarúntque aliquid: in quo ipſo præ¬" HPOS="108" VPOS="1404" WIDTH="867" HEIGHT="62" WC="0.9849458235375425"/>
          </TextLine>
          <TextLine ID="line_29" TAGREFS="LT8" BASELINE="110 1488 976 1491" HPOS="108" VPOS="1452" WIDTH="868" HEIGHT="56">
            <Shape><Polygon POINTS="110 1488 108 1502 765 1508 766 1508 768 1508 770 1508 777 1502 778 1502 842 1502 861 1508 862 1508 864 1508 864 1508 866 1508 873 1502 975 1502 976 1491 975 1461 915 1455 914 1455 914 1455 912 1455 904 1461 900 1464 783 1464 777 1460 772 1455 771 1455 771 1455 770 1455 768 1455 758 1460 741 1464 548 1464 528 1455 519 1454 518 1454 518 1454 516 1454 507 1455 488 1461 429 1455 428 1455 382 1461 369 1455 366 1454 364 1454 236 1454 234 1454 234 1454 208 1461 110 1452 110 1488"/></Shape>
            <String CONTENT="clara eſt annominatio, &amp; argumen tum à coniu¬" HPOS="108" VPOS="1452" WIDTH="868" HEIGHT="56" WC="0.996350699144861"/>
          </TextLine>
          <TextLine ID="line_30" TAGREFS="LT8" BASELINE="111 1538 978 1538" HPOS="111" VPOS="1497" WIDTH="867" HEIGHT="64">
            <Shape><Polygon POINTS="111 1538 111 1562 165 1562 165 1560 166 1560 166 1560 188 1551 304 1551 316 1558 318 1560 320 1560 320 1560 321 1560 322 1560 327 1558 345 1552 354 1558 357 1560 358 1560 360 1560 362 1560 380 1558 418 1551 477 1551 484 1556 484 1557 486 1557 488 1557 488 1557 502 1556 562 1551 573 1556 586 1560 588 1560 590 1562 678 1562 678 1560 724 1554 741 1551 766 1552 862 1560 864 1560 864 1560 897 1551 900 1551 902 1551 950 1560 950 1560 951 1560 978 1550 978 1538 975 1500 952 1504 936 1500 924 1497 922 1497 921 1497 920 1497 910 1500 892 1508 884 1500 882 1498 882 1498 880 1498 849 1497 848 1497 846 1497 844 1497 838 1502 826 1509 765 1509 746 1502 734 1498 734 1498 732 1498 712 1502 688 1509 610 1509 600 1503 592 1498 591 1498 590 1498 588 1498 579 1503 570 1509 531 1509 516 1504 490 1497 489 1497 488 1497 444 1503 399 1497 398 1497 362 1504 350 1508 342 1504 322 1497 321 1497 320 1497 320 1497 285 1504 268 1497 267 1497 172 1497 171 1497 170 1497 152 1506 148 1508 111 1508 111 1538"/></Shape>
            <String CONTENT="gatis à Paulo perſtrictum. Oportet enim Πλυσίος" HPOS="111" VPOS="1497" WIDTH="867" HEIGHT="64" WC="0.9831076629307806"/>
          </TextLine>
          <TextLine ID="line_31" TAGREFS="LT8" BASELINE="112 1581 975 1586" HPOS="111" VPOS="1546" WIDTH="864" HEIGHT="58">
            <Shape><Polygon POINTS="112 1581 111 1598 333 1604 333 1604 386 1598 399 1598 406 1598 432 1604 434 1604 435 1604 446 1598 450 1598 462 1598 504 1604 506 1604 536 1598 543 1598 554 1598 585 1604 586 1604 716 1598 730 1598 740 1598 808 1605 810 1605 975 1598 975 1586 975 1558 962 1550 960 1550 958 1550 957 1550 956 1550 956 1550 940 1560 864 1560 843 1560 842 1558 758 1548 716 1548 714 1548 712 1548 711 1548 704 1556 694 1550 694 1548 693 1548 692 1548 690 1548 690 1548 666 1556 640 1548 639 1548 638 1548 636 1548 634 1548 624 1557 622 1558 574 1558 573 1557 562 1550 561 1550 561 1550 560 1550 558 1550 544 1557 543 1557 508 1557 506 1557 492 1548 490 1548 489 1548 488 1548 488 1548 466 1556 400 1548 400 1548 363 1556 362 1556 351 1548 351 1548 350 1548 302 1546 267 1546 266 1546 264 1546 264 1546 252 1554 240 1546 238 1546 237 1546 236 1546 201 1554 112 1554 112 1581"/></Shape>
            <String CONTENT="πλυτεῖν, id eſt, diuites congerere: ſed in acerui" HPOS="111" VPOS="1546" WIDTH="864" HEIGHT="58" WC="0.9894203007221222"/>
          </TextLine>
          <TextLine ID="line_32" TAGREFS="LT8" BASELINE="116 1632 975 1636" HPOS="116" VPOS="1593" WIDTH="860" HEIGHT="64">
            <Shape><Polygon POINTS="116 1632 116 1652 364 1647 376 1653 376 1653 378 1653 380 1653 384 1653 416 1647 426 1653 428 1653 429 1653 430 1653 432 1653 432 1653 456 1647 531 1647 561 1653 562 1653 564 1653 728 1647 746 1653 746 1653 747 1653 850 1648 872 1656 873 1656 874 1658 975 1658 975 1636 974 1604 954 1604 950 1604 940 1596 939 1596 938 1596 938 1596 936 1596 910 1602 898 1605 890 1602 873 1596 872 1596 870 1596 870 1596 850 1602 840 1605 834 1602 822 1596 820 1596 752 1594 750 1594 748 1594 720 1602 710 1604 699 1602 672 1596 672 1596 670 1596 669 1596 660 1602 656 1604 648 1602 632 1598 630 1598 628 1598 628 1598 610 1602 604 1604 597 1602 578 1594 576 1594 574 1594 573 1594 555 1602 549 1604 546 1602 542 1598 540 1598 538 1598 537 1598 537 1598 520 1602 518 1604 514 1602 502 1593 501 1593 500 1593 438 1593 438 1593 436 1593 420 1602 417 1604 414 1602 394 1593 394 1593 393 1593 333 1602 327 1602 321 1602 280 1596 279 1596 250 1602 246 1602 246 1602 228 1593 228 1593 226 1593 225 1593 208 1602 208 1602 116 1602 116 1632"/></Shape>
            <String CONTENT="genere, quem fieri iubet Paulus, differentia eſta" HPOS="116" VPOS="1593" WIDTH="860" HEIGHT="64" WC="0.9973427616820043"/>
          </TextLine>
          <TextLine ID="line_33" TAGREFS="LT8" BASELINE="112 1682 974 1688" HPOS="111" VPOS="1641" WIDTH="862" HEIGHT="63">
            <Shape><Polygon POINTS="112 1682 111 1690 147 1700 147 1700 228 1695 357 1701 357 1701 387 1695 456 1702 458 1702 459 1702 478 1696 519 1702 520 1702 627 1696 684 1702 686 1702 789 1696 800 1704 801 1704 801 1704 802 1704 804 1704 826 1698 888 1704 890 1704 972 1696 974 1688 970 1654 927 1656 924 1653 906 1646 906 1646 717 1644 716 1644 716 1644 714 1644 700 1653 698 1656 676 1656 672 1653 660 1646 660 1646 658 1646 657 1646 656 1646 654 1646 645 1653 640 1654 603 1654 600 1653 592 1647 591 1647 590 1647 588 1647 586 1647 585 1647 578 1653 574 1654 518 1654 514 1653 504 1644 502 1644 501 1644 500 1644 500 1644 498 1644 498 1646 489 1653 488 1654 462 1654 459 1653 450 1644 450 1642 448 1642 447 1642 400 1641 400 1641 300 1652 286 1653 282 1652 246 1641 246 1641 244 1641 208 1641 207 1641 188 1652 186 1652 164 1641 162 1641 160 1641 112 1650 112 1682"/></Shape>
            <String CONTENT="Illi enim vt plurimum congerunt ſcelera ſceleri¬" HPOS="111" VPOS="1641" WIDTH="862" HEIGHT="63" WC="0.9912093132734299"/>
          </TextLine>
          <TextLine ID="line_34" TAGREFS="LT8" BASELINE="114 1731 975 1732" HPOS="112" VPOS="1690" WIDTH="862" HEIGHT="62">
            <Shape><Polygon POINTS="114 1731 112 1743 182 1750 183 1750 470 1744 488 1744 492 1744 543 1752 544 1752 710 1746 942 1752 944 1752 974 1744 975 1732 974 1706 765 1706 748 1701 712 1694 711 1694 710 1694 710 1694 710 1695 702 1701 699 1702 660 1704 648 1700 636 1694 634 1694 634 1694 633 1694 612 1698 592 1704 584 1698 578 1694 576 1694 574 1694 543 1692 543 1692 477 1696 384 1702 334 1695 321 1692 256 1692 255 1692 254 1692 252 1692 231 1702 213 1692 212 1692 210 1692 208 1692 182 1702 159 1694 159 1694 114 1690 114 1731"/></Shape>
            <String CONTENT="bus, vt diteſcant: at Dei ſpiritus vult eos congere¬" HPOS="112" VPOS="1690" WIDTH="862" HEIGHT="62" WC="0.986019457762058"/>
          </TextLine>
          <TextLine ID="line_35" TAGREFS="LT8" BASELINE="116 1780 957 1786 980 1782" HPOS="116" VPOS="1740" WIDTH="864" HEIGHT="82">
            <Shape><Polygon POINTS="116 1780 116 1814 147 1808 164 1815 170 1818 171 1818 208 1820 210 1820 212 1820 213 1820 219 1815 224 1810 255 1809 302 1815 346 1821 348 1821 350 1821 351 1821 357 1815 363 1810 390 1810 408 1815 424 1821 426 1821 568 1822 570 1822 594 1821 596 1821 597 1821 603 1816 616 1808 648 1814 650 1814 651 1814 652 1814 664 1806 806 1806 921 1808 938 1818 944 1821 944 1821 945 1821 946 1821 978 1818 980 1782 975 1752 909 1746 908 1746 906 1746 894 1750 878 1755 872 1749 870 1749 870 1749 774 1744 772 1744 771 1744 759 1748 735 1755 644 1755 600 1746 585 1743 584 1743 582 1743 580 1743 579 1746 568 1754 471 1754 416 1752 387 1743 382 1742 382 1742 381 1742 380 1742 378 1742 378 1743 363 1752 324 1752 308 1742 306 1742 304 1742 303 1742 302 1742 302 1742 290 1750 240 1744 240 1744 238 1744 225 1750 200 1740 198 1740 116 1740 116 1780"/></Shape>
            <String CONTENT="re &amp; cumulare bona opera bonis operibus, vt illis" HPOS="116" VPOS="1740" WIDTH="864" HEIGHT="82" WC="0.9950674419500389"/>
          </TextLine>
        </TextBlock>
        <TextBlock HPOS="723" VPOS="1801" WIDTH="85" HEIGHT="51" ID="block_6" TAGREFS="BT17">
          <Shape><Polygon POINTS="723 1801 808 1801 808 1852 723 1852 723 1801"/></Shape>
          <TextLine ID="line_36" TAGREFS="LT8" BASELINE="722 1833 808 1832" HPOS="718" VPOS="1790" WIDTH="90" HEIGHT="78">
            <Shape><Polygon POINTS="722 1833 722 1866 808 1868 808 1832 806 1798 736 1790 735 1790 734 1790 734 1790 718 1797 722 1833"/></Shape>
            <String CONTENT="Liij." HPOS="718" VPOS="1790" WIDTH="90" HEIGHT="78" WC="0.9999446153640748"/>
          </TextLine>
        </TextBlock>
      </PrintSpace>
    </Page>
  </Layout>
</alto>
