1500 2172
542 146 57 39 828

684 117 556 57 AD l. IACL. ADTIM.

576 158 819 80 Neque tamen propter tumultum popularem,

528 213 866 72 aut votum populi temerarium in vnum aliquem,

530 258 866 80 qui erit indignus, debet ille à Preſbyterio deſi¬

530 308 867 75 gnari & eligi. Oſtendit enim hoc loco Paulus

526 357 868 75 nullo modo eſſe cum alienis peccatis communi¬

525 406 876 70 candum. Quod etiam à Leone Epiſcopo Roma.

525 453 870 75 reſponſum eſt, & refertur in cano. Miramur. di¬

526 500 872 74 ſtinctione 61. Sed aliud eſt denegare plebi iuſtũ

526 554 870 74 ſuúmque ſuffragium: aliud autem illius temerita¬

530 603 866 74 ti obſequi, & obtemperare. Ac quidem hæc ſunt

528 657 542 66 iura totius populi & Eccleſiæ.

579 694 819 75 Presbyterorum autem eſt, primùm perſonam

525 746 867 75 ipſam, quæ idonea ad munus vacuum videri po¬

525 795 872 75 teſt, inquirere ex toto populo, eamque deſigna¬

524 843 868 72 re oculis, & de ea inter ſe agere atque conferre.

524 888 878 72 Præire enim debent toti Eccleſiæ Presbyteri. I¬

524 938 873 78 taque non tantùm eum agnoſcere de vultu vel

524 987 880 74 facie debent, quem deſignant: ſed etiam de qua¬

522 1036 873 74 litate. Vnde fit vt primum examen ipſius eligen¬

525 1083 873 80 di ad eoſdem Presbyteros pertineat, ne indignũ

524 1134 868 76 proponant populo. Nam parum eſt perſonam i¬

524 1182 872 76 pſam noſſe, niſi ingenij vires noueris. It aque do¬

522 1233 879 70 ctrinam ordinandi debent Presbyteri tentare, tũ

522 1287 868 69 quæſtionibus iln propontis, tun periculum fa¬

519 1329 870 72 cientes de illius dexteritate in tractanda propo¬

520 1377 796 72 heirdáque & interpretanda Sacra ſcriptura.

570 1425 820 72 Cur autem hoc primum ſuffragium ad Pres¬

522 1473 885 74 byteros pertineat, non autem ad vniuerſam Ec.

522 1516 892 80 cleſiam & populum, quemadmodum tamen qui¬

524 1568 885 70 dam cenſent, & contentioſè diſputant, ratio eſt:

568 1617 826 70 Prima, Quòd Presbyteri & Paſtores dicuntur

524 1665 872 75 ποιμένες & ηγέμενοι Eccleſiæ. Hebr.13.verſ.7.id eſt,

526 1714 864 90 Præpoſiti (vt loquitur Tertull. in Apolog cap.

1316 1764 62 74 89.
