1500 2172
354 178 333 34 CAPVT IIII.

888 138 60 84 356

80 206 870 68 cinium quærant. Ex hoc etiam ipſo oſtenditur,

86 262 864 62 quàm ſit difficile & arduum hoc miniſterij opus,

84 314 866 57 quocirca diligenter eſt in illud iincumbendum.

129 363 820 56 Profectus tuus) Eſt finis quem in munere ſuo

80 406 870 62 faciendo ſpectare debet paſtor Euangelicus, nẽ¬

80 459 867 64 pe propagatio Dei gloriæ, & ipſiuſmet Eccleſiæ

81 518 872 50 mnalor in dies prorectus & incrementum. Itaque

86 558 864 62 vocem, Profectus, non refero ad perſonam Timo¬

82 604 526 60 thei:ſed ad Eccleſiam potius,

123 650 831 69 Manifestus ſit) Quid ſi nullus profectus, nul¬

80 702 873 63 Ium incrementum Eccleſiæ appareat, éſtne pro¬

82 748 867 64 pterea paſtori deſperandum. Eſtne etiam ipſe

80 801 873 62 ſemper propterea, vt deſes & negligens damnan¬

80 848 874 60 dus? Reſpond. Hoc quidem lugendum eſſe, ſine

84 896 866 63 vllo profectu prædicari Dei verbum:ſi tamen pa¬

80 950 868 56 ſtor quantum in ſe eſt, ſyncerè paſcat gregem

80 993 864 62 ſuum, vigilet, in eo ſit totus, & officium faciat,

78 1041 866 57 neque illi deſperandum eſſe:neque eum, vt negli¬

86 1112 646 42 gentem, damnandum l Pet.5.verl.2.

135 1180 808 80 16 Attende tibiipſi & doctrinæ: perſi¬

78 1245 867 76 ste in istis, id enim ſi feceris, & teipſum ſer¬

78 1305 561 69 uabis & eos qui te audierint.

147 1372 800 66 Quarta exhortatio à fructu huiuſmodi labo¬

74 1425 873 58 ris, & eo quidem vberrimo. Eſt autem is fructus,

74 1474 873 62 ſalus animarum, tum in Paſtore ipſo, tum in Gre¬

76 1524 868 58 ge & Eccleſia. Quod vt fiat vult Paulus vt quili¬

74 1570 873 56 bet paſtor Euangelicus, Attendat ſibi, & Perſiſtat

72 1620 873 58 in officio. Attendat autem, id eſt, diligenter vi¬

70 1671 870 54 deat, & non perfunctoriè conſideret, & Qualis i¬

72 1719 872 63 pſe ſit in ſeſe & moribus, & Qualis ſit ea doctri¬

69 1768 874 72 na, quam docet gregem Domini: vt ſi quæ vitia
