1500 2172
338 148 268 28 CARVTV.

906 111 62 75 46

153 168 814 74 Mirum autem eſt prætermiſſam hîc eſſe confir

104 228 861 62 mationem huius ſententiæ, quæ fieri potuit exẽ¬

105 274 862 64 plo Leuitarũ, qui à reliquo populo Iſraelitico ale

104 326 858 62 bãtur Dei iuſſu ex decimis, & aliis oblationibus:

104 386 858 54 ſed ab eodem Paulo in 1.Corinth.9. verſ 13. hæc

102 423 411 64 ratio non eſt neglecta.

154 468 808 68 Vnde errant, qui ſtipendia Miniſtris tribui pu¬

100 524 862 60 tant tanquam meras & gratuitas tantum eleemo

100 567 866 62 ſynas putántq; liberum eſſe ea perſoluere vel nõ:

100 615 864 64 debẽtur enim vti iuſtiſſima merces, etſi nulla eſt

99 672 868 57 tanto eorum labori æqualis, quemadmodum ait

99 714 866 66 Chryſoſto. Scholaſtici & Canoniſtæ in cano. Qui

100 765 866 62 pro pecunia 1.q.1.cano. Altare.1. q.3. diſtinguunt

98 813 868 57 inter illud quod accipitur tanquam Pretium ope

98 860 866 62 ræ & Suſtẽtatio vitæ, Illud quidẽ accipi à Paſtore

98 926 861 39 hejdiit ponemue cutem concedun nec eſt ſanè

96 957 867 60 inutilis vel incommoda.iſta diſtinctio. Vide Du¬

98 1005 676 64 rand.in lib.4. Sent. diſt.25.queſt.3. & 4.

166 1053 795 74 19 Aduerſus presbyterũ accuſationẽ ne

96 1110 866 74 admittito, niſi ſub duobus aut tribus teſtibus:

147 1179 814 68 Tranſito eſt: iã enim agit de|ſecunda huius ar

94 1234 867 63 gumenti parte nimirum ecquod ſit ipſorum Pres

94 1282 867 60 byterorum aduerſus ſeipſos & collegas ſuos offr

93 1332 866 62 ciũ, ne quid ex ea parte offẽdiculi naſcatur. Impri¬

93 1378 868 62 mis enim cauendum eſt, ne illi ſe miutuò excuſent

93 1426 868 64 & ſibi parcant, dum tamen alios caſtigant ſeuerè:

92 1476 872 60 atque ne in illis locũ habeat prouerbiũvetus, Mu

94 1524 868 56 tuo muli ſcabunt. Potius illis in mentẽ veniat illa

94 1572 866 66 Chriſti ſentẽtia, vos eſtis ſal terræ ſi ſal éuanueritin

94 1622 862 63 quo ſalietur? vos estis lux mundi. Math.5.verf. 13.14.

94 1672 864 62 Itẽ illa, ſint lumbi veſtri præcincti & lucernæ ardentes

92 1722 858 76 in manibus vestris. Luc.12.ver.35. Sed & illa quoqs

726 1773 106 68 u-nij.
