1500 2172
906 106 64 81 786

342 138 273 34 CABVT. V.

92 165 874 66 cto, indici debet. Publicũ autem delictũ duobus

90 219 874 64 modis dicitur, vel quod Pluribus, vel quod Omni¬

92 268 870 63 bus notum eſt: ídque, vel ex ipſius facti perpe¬

90 318 867 64 trandi ratione vt quod in publico loco, vel corã

87 368 873 63 magno cœtu hominũ committitur: ex & ſparſo

90 416 868 57 poſtea illius facti rumore, & pluribus communi¬

86 464 872 64 cato, vti multa peccata priuatim & clàm primum

86 512 867 64 admiſſa poſtea ex fama innoteſcunt, & diuulgã,

82 562 873 62 tur. Ergo quæ delicta omnibus innotuerunt, ea

84 612 872 60 coram omnibus agnoſciep huprouum eſt, & de

82 660 873 60 ijs publicam in totius Eccleſiæ cœtu exomolo¬

86 712 867 63 geſin fieri oportet, ſi verum remedium morbo

81 760 344 54 adhibere velimus.

130 804 819 66 Quæ pluribus tantùm & non toti Eccleſię nec

76 856 873 62 maiori parti innotuerunt peccata, illa in ſenatu

74 906 872 60 tantùm Eccleſiaſtico:non autem coram vniuerſa

74 951 868 69 Eccleſia confiteri oportet, ne latiùs illud pate¬

75 1000 573 56 fiat, quod occultum eſſe debuit.

122 1046 818 66 Illa verò delicti noſtri, quo offendebatur Ec¬

70 1095 870 68 cleſia, confeſſio publicè præſentéque tota Eccle¬

68 1148 870 63 ſia facta, exomologeſis ſpeciali & antiquo nomi¬

68 1196 870 64 ne dicta eſt, quemadmodum ex Latino Cypria¬

68 1248 630 60 no, & Græcis ſcriptoribus apparet.

111 1288 825 66 Hæc in vſu fuit etiã primis Eccleſiæ vetuſtiſſi¬

62 1342 873 64 míſq; temporibus, vti ex hoc loco ſatis probari

66 1392 866 60 quoq; poteſt: & ex Eccleſiaſtica hiſtoria penè to¬

63 1442 870 63 ta Philippus imperator qui poſt Decium Romę

62 1492 868 56 regnauit, ſic pœnituit, atq; confeſſus eſt, vt teſta¬

62 1536 866 63 tur Euſeb. lib.6.Hiſtor. cap. 34. Ecebolius quidã,

60 1588 870 58 etiam ex conſuetudine iam recepta, ſic peccata

56 1636 873 60 ſua agnouit Socrat. lib.3.cap.13. Theodoſius im¬

56 1683 868 64 perator, qui Maior dictus eſt, ſic ſuum delictum,

56 1732 870 78 quod erat publicum in Eccleſia Mediolanenſi a¬

694 1788 64 64 *.j.
