1500 2172
882 123 69 63 554

378 136 258 36 CAPVT V.

86 159 864 81 hoc ſuum præceptum atque doctrinã Euangelij

84 213 867 70 ab omni calumnia vindicaret. Nã videri poterat

86 258 864 75 ex hac Pauli iuſſione euangelium incitare, ac im¬

84 310 866 74 pellere homines ad vinum hauriendum, ſeſéque

82 360 867 74 ingurgitandum, niſi hoc tempera mentũ atque

81 411 868 69 hanc velut exceptionem ſubtexuiſſet Paulus. Id

82 458 864 70 quod ſobrij homines inter Ethnicos vituperaſ¬

81 504 867 75 ſent, & meritò quidem. Nam & Oſ.7. verſ.5. &

81 552 868 74 Prouerb.31. quanta, quámque grauia Dei iudicia

80 602 868 72 in ὀινοπότας id eſt, vinolentos & inſobrios homi¬

80 652 864 72 nes denuntientur, apparet. Denique Luc.21. verſ.

81 702 867 70 34. Chriſtus & crapulam & ebrietatem damnat.

81 752 862 70 Quare meritò moderationem at queſobrietatem

78 807 864 62 hac voce ὀλίγον præſcripſit Paulus, etiam Timo¬

75 843 868 76 theo ſua iam ſponte ſobrio & temperanti, nedũ

76 898 868 69 vt præceptum de ſobrietate ſeruanda cuiquam

76 944 693 68 graue aut intempeſtiuum videri poſſit.

123 993 812 72 Cur autem præſcripſerit vſum vini Timo¬

76 1038 860 76 theo, ratio eſt, non quòd medicum agat Paulus:

74 1086 861 78 ſed quòd in ſuæ ipſius valetudinis detrimentum

72 1138 862 66 & virium corporis debilitationem nimiam ab¬

70 1185 861 75 ſtemius eſſet, ídque ſponte, hac ſibi lege impoſi¬

74 1236 861 72 ta, ad domandos carnis impetus & libidinoſos

70 1287 862 70 motus, qui in iuuenili illa ætate magni & feruẽ¬

70 1335 861 72 tes eſſe potuerunt, niſi hac tanquam frigida ſuf¬

68 1378 864 75 fuſa, id eſt, vini detractione, temperarẽtur & ex¬

68 1436 868 68 tinguerentur. Itaque Timotheus habita tũ ſuæ

68 1480 864 68 Ætatis, tũ Vocationis ratione, vino ſponte abſti¬

68 1528 864 70 nebat: non ſuperſtitione aliqua, quaſi vini vſu

68 1575 861 75 Deus offenderetur: nõ hęreſi, quaſi hãc Dei crea

68 1626 858 75 turam damnarer, quòd poſtea fecerunt Aquarij

68 1672 862 80 & Seueriani: Non voto aliquo ſuſcepto, quale

72 1726 854 80 fuit veterum Nazaræorum votum. Non denique

730 1788 87 75 A.j.
