1500 2172
405 150 255 26 CANVIV.

892 98 72 90 514

104 166 866 75 pſit in eccleſia Dei. Ergo nemo ſibi honorem tri

106 228 861 62 buere meccienla Derjeitra legitimam vocationẽ

108 280 132 58 debet.

156 314 808 75 4. Dominus Deus eſt eccleſiæ tanquam pe¬

106 369 862 69 culiaris ſuæ domus & proprij peculij ſolus pater¬

106 418 862 68 familiâs & legiſlator, & diſpenſator. Ergo qui a¬

108 478 861 56 nquiu mea citra iprius voruritatem tiarpat, fur

106 516 862 69 eſt, & latro: non autẽ legitimus illius adminiſtra¬

110 570 243 60 tor & geſtor.

162 608 808 74 5 Qui, præter legitimam vocationem eccleſia¬

108 666 866 62 ſticam dignitatem adit, perinde facit, atque qui

106 712 870 63 domum alienam alio’aditu & modo, quàm per o¬

105 759 870 68 ſtium ingreditur. Hoc autem furum eſt, & latro¬

108 813 862 58 num, non autem legitimè ingredientium. ergo

110 855 861 64 qui hac ratione, id eſt, ſine legitima vocatione ec

108 903 866 64 cleſiaſticum munus gerunt, ſunt fures, non Paſto¬

110 956 231 57 res eccleſiæ.

159 993 813 72 Quod autem nobis obiicitur de Prophetis, éos

110 1050 864 60 ſine vocatione ſæpe fuiſſe, & munus illud ſuum in

111 1098 860 60 eccleſia Dei exercuiſſe, falſiſſimum eſt, vt ſuo exẽ

111 1150 850 63 plo docet Amos, cap.7.verſ.15. Item Hier.1.ver.

111 1197 861 62 5.Sed vocatio illa prophetarum vt plurimum fuit

110 1248 864 58 extraordinaria. Eos enim Dominus ipſe vocabat

106 1296 864 57 & excitabat, ex qua tribu volebat, quo tempore

110 1342 861 58 volebat, ſed vocabat tamẽ. Deinde eorũ vocatio¬

108 1392 862 56 nẽ Deus vel ipſo rerũ ab iis prædictarum euẽtu:

111 1442 861 58 vel aliis modis apertè confirmabat, adeò, vt illi

110 1488 856 58 ab eo miſſi eſſe ſatis ab omnibus ad eorum pro¬

111 1534 864 66 phetias attendentibus intelligerentur. Idem eſt

111 1584 860 63 reſpondẽdũ de Chriſto cuius vocatio & à Deo

110 1635 861 63 ipſo in ipſo baptiſmo fuit patefacta, etiam olim à

118 1684 770 64 prophetis prædicta, etſi non fuit ordinaria.

158 1732 824 69 Aeriani hæretici damnati ſunt: & nũc Anabs¬

723 1788 106 68 y.fiij.
