1500 2172
548 142 94 38 570

710 117 573 58 AD I. FAVL. AN TIM.

543 158 868 80 effectus ceſſaret. Dominus igitur vult aliorum

542 213 867 64 ſtatum & animum nobis occultum eſſe, vt cum

544 260 868 70 ijs & lubẽtius verſemur: & magis ſollicitè nobis

543 314 870 69 ipſis caueamus. Sed etiam illis ipſis, qui peccarũt,

544 363 868 72 hæc dilatio datur à Deo, tanquam occaſio matu¬

543 410 780 74 rius reſipiſcendi, atque ad Deum redeundi.

594 456 820 76 Denique Dominus ipſe, qui rerum omnium

549 510 864 69 maturitates & tempora nouit, atque etiam con¬

546 556 867 72 ſtituit videt quando & quæ manifeſtari tum

546 604 868 72 ad ipſius gloriam, tum etiam ad noſtram ædifica¬

548 657 868 70 tionem oporteat. Neque vult nos omnia illa ſci¬

550 716 322 63 re quæ ſcit ipſe.

596 752 824 69 Huc pertinet quod Eccleſia Dei comparatur

549 801 870 70 à Chriſto ipſo ſagenæ ſiue reti, quo boni & mali

549 850 870 70 piſces capiuntur Matth.13.verſ.47. Areæ, in qua

549 900 870 68 bonum granum & paleæ promiſcuè conduntur.

550 948 872 68 Matth.3.verſ.12. Item agro, in quo bonum ſemen

549 994 870 72 & lolium quoque naſcitur Matth.13.verſ.25. De¬

549 1044 873 72 nique domui amplæ, in qua ſunt quædam vaſa

550 1104 870 57 honeſta, quæ dam fordida 2. Iimtoth. 2. verſ. 20.

555 1144 866 70 Nam quos domi ſuæ adhuc tolerat Dominus

550 1192 870 68 ipſe, non eſt noſtrum eos expellere vel arcere:ne¬

555 1242 870 64 que Deo ipſo vel ſapientiores, vel iuſtiores, vel

549 1288 873 74 ardentiores ſumus ad ipſius gloriam promouen¬

558 1350 114 56 dam.

598 1382 826 74 Hoc etiam ipſum pertinet tum ad Paſtorum

549 1437 876 60 ipſorum excuſationem, tum ad Bonorum con¬

549 1484 880 70 ſolationem. Ac quidem excuſantur paſtores, qui

550 1536 874 64 quanquam diligentiam, quam potuerunt, ſum¬

555 1584 873 58 mam adhibuerunt, vident & animaduertunt ta¬

548 1629 878 69 men in Eccleſia Dei adhuc latere quoſdam im¬

549 1678 878 68 probos & hypocritas, qui paulatim detegũtur, & à

544 1728 885 80 Deo ex ſuis tenebris in lucem pertrahuntur, pa¬

1276 1779 150 64 tefactis
