1500 2172
585 150 38 36 135

740 123 540 57 AD I. PAVL. AD TIM

543 172 870 64 fieri in ædificationem Eccleſiæ duobus modis,

546 224 866 63 vel Per ſe, vel Per conſequens. Per ſe, cùm ali¬

543 274 867 63 quid in ea plantatur: per conſequens, cùm quod

540 322 872 58 illi noxium eſt, euellitur. Eſt enim ſimilis agro

543 370 867 58 Eccleſia Dei, vt eſt apud Matth.13. At in agro ſi¬

542 429 870 51 ue quid noxiarum herbarum (quæ bonas & vtiles

540 468 872 63 ſuffocant) extirpemus: ſiue quod vtile ſemen ſera¬

543 524 868 57 mus, agro proſumus. Ergo eodem modo de Ec¬

543 568 870 64 cleſia ſtatuẽdum, qui ex ea eiicit improbos mul¬

542 618 544 60 tum iuuat & prodeſt Eccleſiæ.

592 664 816 64 Quod autem obiicitur ſæpe quoſdam ea abu¬

542 714 867 63 ſos eſſe ad priuatam animi ſui vindictam: ſæpe

540 764 867 57 bonos ex Eccleſia Dei depulſos ea ratione, non

538 812 868 63 oppugnat noſtram ſententiam. Ea enim ſunt vi¬

536 864 873 54 tia perſouarum malè ſua poteſtate vtentium, non

537 906 872 63 autem rei ipſius. Sed diſtinguũt ſic quidam, nimi¬

537 956 872 58 rum, vt velint quibus in locis & Eccleſijs fidelis

536 1005 873 62 eſt Magiſtratus, in ijs nullum excommunicatio¬

537 1054 873 57 nis vſum eſſe debere: in quibus autem non eſt

536 1104 872 62 Magiſtratus fidelis, in ijs tantùm debere: quia fi¬

537 1154 870 62 delis Magiſtratus ſi fungitur officio, punit ſcelera,

537 1203 870 56 quæ contra Dei verbum admittuntur. Nemo

534 1252 873 57 autem vnius criminis & peccati ratione duplicẽ

534 1300 872 63 pœnam ferre & pati debet. Quod tamen accide¬

534 1350 872 60 ret, ſi idem etiam ab Eccleſia excommunicare¬

536 1398 872 58 tur. Reſ. Peccatum omne quod contra Dei præ¬

532 1446 870 63 cepta fit, eſſe huiuſmodi, vt ex Dei ipſius defini¬

531 1498 872 60 tione & corporis & animi pœnã mereatur, quia

536 1544 864 60 vtriuſque partis noſtræ creator eſt Deus. Et cùm

530 1592 872 62 dupliciilla pœna afficitur peccator, vna tantùm

530 1640 872 58 pœna afficitur, id eſt, ea, quæ debetur, & indicta

530 1686 868 62 eſt à Deo ipſo: etſi in diuerſis partibus à nobis

528 1736 866 76 vna illa pœna ſentitur. Itaque Eſdræ cap. 1o.

1296 1788 100 57 verſ.
