1500 2172
375 164 196 38 CAPVT

574 164 60 39 V.

92 190 878 72 firmandi diſtinct.5o. qui planè & apertiſsimè cũ

92 248 537 66 hoc Pauli præcepto pugnant.

142 297 826 66 Quæſitum eſt quoque, quoties in vita fieri pu¬

92 345 878 66 blica hæc exomologe ſis poſsit. Reſpond. Augu¬

93 393 876 68 ſtinus in epiſtola ad Macedoniam ſemel tantùm

92 444 876 62 in vita, ne vileſcat Eccleſiæ authoritàs: aut ne

96 490 870 68 fiant audaciores homines ad peccandũ, ſi ſæpius

92 542 873 64 in vita cuiquam liceat publicè pœnitere canou.

94 590 876 66 Quanuis cautè diſtinct. 50. Sed cùm nulli pecca¬

94 639 874 63 tori pœnitenti ſit ſpes veniæ, & remiſsionis pec¬

92 692 878 60 catorum deneganda: toties in vita fieri hæc pu¬

90 735 879 63 blica cõfeſsio poteſt, quoties quis eo modo deli¬

93 784 876 64 quit, quo iuſtè publica confeſsio indici atque im¬

93 836 874 60 poni debet. Et iſte fuit certè nimius Patrum ri¬

94 882 872 60 gor, & penè Nouatianorum error, nimiáque au¬

90 930 874 63 ſteritas, quæ homines ad deſperationem tandem

88 980 878 58 adducebat, quaſi denegata peccatorum remiſsio¬

93 1029 873 63 nis impetrandæ ſpe. Quoties igitur vocat ad ſe

92 1077 876 60 peccatorem Dominus, toties ille eſt ab Eccleſia

88 1124 878 63 admittendus!, etiã in die ſeptuageſies ſepties, vti

92 1172 868 70 docet Chriſtus ipſe Matth. 18.niſi (vti diximus)

88 1222 438 58 velimus eſſe Nouatiani.

130 1270 830 66 Præclarè verò Bernard. quatuor eſſe docet,

90 1320 872 68 quæ nos à publica hac exomologeſi deterrent,

92 1372 872 60 quæ ſunt omnino nobis & cauenda & debellan¬

88 1420 876 60 da, ſi peccauerimus Sunt autem illa quatuor, Pu¬

87 1464 876 68 dor, Timor, Spes, Deſperatio. Itaque rectè idem

88 1516 873 63 Ad milit. Templi cap.12. Et quidem verbum in cor¬

86 1566 876 63 de pectoris operatur ſalutiferam contritionem. Ver¬

87 1616 873 62 bum verò in ore noxiam tollit confuſionem, ne impe¬

86 1660 879 69 diat neceſſariam confeſſionem. Ait enim ſcriptura. Eſt

86 1713 874 63 pudor adducens peccatum, & est pudor adducens

88 1764 868 74 g loriam. Bonus pudor est, quo peccaſſe, aut certè pec¬

704 1814 96 81 x.iij.
