1500 2172
878 104 74 69 746

357 130 282 33 CAEVT VI

98 153 860 66 credãtur & ita Deo opũ ipſarũ creatori vitium

98 207 858 62 impiè aſcribatur, ſed vt noſtræ corruptionis &

96 272 861 46 reuemonis næ reuitarie en iſdamo vis & ma¬

98 306 648 62 gnitudo intelligatur, damnetúrque.

140 352 818 63 Superbiam igitur ex animi ſuperbi cogitatio¬

93 400 868 62 ne deſcribit Paulus dum eam ὐαηλοφρονίαν eſſe

96 447 866 64 declarat idem Paulus Rom.12.verſ.16. Rectè igi¬

93 500 870 60 tur quidam dixit, Vt vter, inflati ſunt ſuperbi. Si

94 555 867 54 attendis eos, falleris: ſi appendis, vanos & vacuos

98 596 864 63 reperies, elatos tamen ſemper, & magnificè de ſe

98 645 402 60 ſentientes comperies.

144 688 816 64 Alterum vitium eſt vana ſpes, cuius cauſa eſt,

98 740 862 63 quia diuitiæ ſunt incertæ, imò fallaces, & decep¬

96 789 866 57 trices, vt ait Chriſtus, Matth.13.verſ.22. Mar.4.v.

98 838 862 57 19. Neque enim cùm haberi creduntur, tenentur

96 886 867 52 ſed ſtatim effluunt. Neque cùm tenentur ſtabiles

96 944 866 51 Iunt, vt eripr nobis ab alijs non pofſint, aut apud

96 984 866 60 nos ipſæ per ſe perire, & conſumi nequeant Luc

99 1032 862 60 12. De quo argumento infiniti ſunt tum in Pro¬

100 1084 861 51 uerbiorum lib. 11.verſ.28.13.verſ.8. tum etiam in

98 1128 816 56 Eccleſiaſte loci, qui ſunt cum hoc conferendi.

141 1178 816 62 Nec obſtat huic loco Prouerbiorum cap. 14.

99 1234 864 51 verneie voriten diuitia dicuntur eſſe diuitum

96 1275 866 60 corona. & Eccleſiaſtic.7.verſ.12. In vmbra argen¬

96 1322 866 64 ti requieſcet homo. Reſpond. Additum eſt Sa¬

99 1371 862 62 pientum, id eſt, horum eſſe coronam qui rectè

98 1420 866 62 diuitijs vtuntur. Non ſunt autem ſtultorum di¬

99 1468 868 62 uitiæ ijs ipſis corona, quia vt eſt Eccleſ. 4.verſ.13.

104 1515 796 70 præſtat pauper ſapiens rege & diuite ſtulto.

147 1566 822 62 Cæterum his vitijs contrarias virtutes iam vi¬

105 1610 864 68 deamus, quas diuitibus conſectandas eſſe docet

106 1659 864 66 Paulus. Sunt autem hæ tres. I Spes ſiue fiducia

105 1708 868 74 in Deo viuo. 2 Benignitas. 3 Facilitas ſiue

740 1754 62 94 Li¬
