1500 2172
858 123 75 74 1318

376 147 186 36 CAPVT

598 147 42 42 V.

72 177 866 75 ea creuit ſuperſtitio, & hæc initia latius poſtea

70 237 866 60 ſunt propagata, adeò vt poſtea, & iam tempore

72 284 862 63 Gangrenſis Synodi, quæ fuit ſub Conſtantino

72 332 862 63 Magno, Sagimen omne & pinguedo, & non tan¬

70 380 867 62 tùm caro ipſa Monachis & abſtinẽtibus interdice

70 430 867 54 retur. Demum acceſſit decretum Gregorij Ma¬

75 477 860 63 gni, quod abſtinere cupientibus prohibet & in¬

72 530 864 52 terdicit eſu omnis rei, quæ ſementinam carnis

72 574 866 54 originem habeat, adeò, vt iam non ſolum caro i¬

74 622 866 62 pſa ſit prohibita: ſed & caſeus, & ouum, & lac, &

74 675 864 51 butyrum, quia ſementinam carnis, id eſt, à carne

72 724 878 57 originem habent. Hoc iam ſequuntur omnes

70 768 868 62 Papiſtæ, & eſt in canon. Denique diſtinct.4. tan¬

72 819 866 57 quam hoc ſit perfectiſsimum abſtinentiæ genus.

70 868 867 57 Bernardus tamen ſermo 66. Cantic. videtur ſen¬

68 915 867 58 tire hane ſententiam eſſe ex Manichęorum hæ¬

68 962 870 66 reſi deriuatam. Cæterum, ait, quid ſibi vult, quod

68 1017 872 58 ita generaliter omne, quod ex coitu generatur,

72 1060 864 64 vitatur? Nempe horrent lac, & quicquid ex eo

68 1110 864 62 conficitur, vt in eo Bernardo neque cum Grego¬

66 1156 868 64 rio Magno, neque cum ſuperſtitioſis noſtri tem¬

69 1209 866 62 poris Papiſtis conueniat, qui generaliter omnes

68 1257 870 57 cibos iſtos prohibent. Mirum tamen cùm & vo¬

68 1306 870 57 tum Nazaræorum vini interdictionem contine¬

66 1352 868 60 ret, & Timotheus vino potius, quàm alijs reli¬

72 1398 860 58 quis cibis ad carnem domãdam abſtinuiſſe dica¬

68 1452 868 54 tur: & veteres Monachi vino potiſsimum non v¬

68 1498 870 58 terentur. Præterea cùm tota diſtinct. 35. vini in¬

66 1548 870 57 commoda atque pericula varia enumerentur,

66 1598 872 52 maximéque Epiſcopis, & ſanctioribus viris ca¬

68 1644 870 60 uendum prædicetur. Denique cùm Prouerb.31.

66 1692 866 62 ſerium aliquid acturis vinũ interdicatur, mirum,

68 1740 870 60 inquam, eſt, nullos tamẽ Monachos etiã abſtinẽ¬

63 1788 870 76 tiſsimos & rigidiſsimæ vitæ regulam profeſſos.
