1500 2172
556 152 78 39 144

690 123 585 62 AD I. PAVL. ADI TIM.

546 172 867 76 biti ſunt, qui Preſbyteros Epiſcopis adæquarunt,

548 228 866 64 quales Herianrre docet Epiphan. & Auguſtinus

546 272 868 69 in lib. deHæreſib. ad Quoduultd. vbi nos diximus

594 321 822 68 Secundum, Quòd præter Preſbyteros habẽt

546 375 870 66 Epiſcopi apicem Pontificatus & præeminentiæ.

549 418 866 70 Itaque multa licent Epiſcopis in Preſbyteros ho¬

549 468 864 70 die, quæ non item Presbyteris in Epiſcopos. So¬

549 518 866 68 lus enim Epiſcopus creat Presbyteros: nulli autẽ

549 567 864 66 Presbyteri ſoli creant Epiſcopum, vt eſt in cano.

549 615 867 66 Cleros & clericos 5 Presbyter diſtinct. 21. & tota

549 663 866 69 diſtinct. 67. Nan in Epiſcopo omnium ordina¬

549 716 678 68 tionum poteſtas ineſt, ait Ambroſius.

604 758 810 70 Tertium Quòd vt libro 1.cap.6.refert Ruffin.

549 810 868 69 Synodo Nycena cap. Io. vetitum eſt, ne in vna ci¬

548 860 867 68 uitate duo eſſent Epiſcopi. Itaque ex vetere con¬

549 912 867 63 ſuetudine Eccleliæ vnus e toto Presbyterorum

549 952 870 70 collegio cæteris præficiebatur, ad quem velut

549 1002 870 70 cæterorum præſidem & præpoſitum Eccleſiæ ne¬

550 1060 868 62 gotla reſerrentur; quei ee lνειdτα & ωροε͂δρωυτα

552 1102 694 69 Iuſtinus Martyr in 2. Apolog.nominat.

598 1148 820 74 Quartum, denique quòd æquiſſimũ videatur

550 1196 868 70 vti in politia ciuili & humana: ita in politia Ec¬

550 1244 868 72 cleſiaſtica vnum aliquem præeſſe cæteris, qui ve¬

552 1296 867 68 lut totius chori dux ſit & moderator perpetuus.

597 1342 822 64 Reſpond. Et quidem ad prima tria argumentas

550 1389 868 72 idq;, ex Hieronymo in Epiſtola Pauli ad Titum

552 1437 867 68 vbi ſic ait, Sicut Presbyteri ſciunt ſe ex Eccleſiæ

550 1486 870 70 conſuetudine ei, qui ſibi præpoſitus fuerit, eſſe

550 1536 870 68 ſubiectos: ita Epiſcopi nouerint ſe magis con¬

549 1586 872 69 ſuetudine, quàm diſpoſitionis dominicæ veritate

552 1634 872 69 Presbyteris eſſe maiores, & in commune debere

554 1682 870 70 Eccleſiã regere. Nec enim hoc προεδρίας & præ¬

550 1731 874 81 eminentiæ perpetuæ ius, quod vni tributum eſt,

1294 1773 135 84 ex Dei
