1500 2172
582 154 82 30 555

724 129 582 56 AD I. TAVE. AD TIM.

573 177 867 63 ſtola ad Galatas. Denique neque etiam aliquis

570 228 870 63 nobis obtrudat illud, quod eſt Leuitic. 1o.verſ.9.

573 285 867 58 quia & not ipluin plane antiquatum eſt à Chri¬

573 330 566 58 ſto, vti & altare & Sacerdotium.

620 375 819 64 Fuerunt tamen certa quædam cibortim gene¬

573 426 868 58 ra, quibus maximè ἐγκρατέυοντες & μονάζοντες Chri

570 474 870 62 ſtiani abſtinere ſolebant, partim ex nimia iam

573 526 868 58 ſuperſtitione, partim ex inepta virorum piorum

572 573 868 60 imitatione. Ac quidem imitatione, quòd antiqui¬

573 621 868 57 ſſimi Chriſtiani propter perſecutiones in deſerta

572 669 866 62 ac vaſtas ſolitudines fugere coacti, ſæpe herbis

570 718 870 58 tantùm, aqua pura, ſecundo pane, & ſiliquis, ſimi¬

570 765 867 57 libúſque rebus illîc vixerunt, cùm neque caro,

568 828 870 45 neque vman, neque alij cior propter incultum

568 862 867 62 locum ſuppeterent illis, neque illîc reperirentur.

568 910 872 54 Horum vitam imitari ſe putauerunt, qui tam vi¬

568 958 870 58 libus cibis poſtea, etiam ſine neceſſitate, & in me¬

570 1008 441 52 dijs vrbibus victitarunt.

616 1054 824 64 Superſtitione verò quidam impellebantur,

570 1107 867 57 quòd iam plus ſatis externæ iſti vitæ auſteritati,

567 1154 873 58 & curioſitati quadam veræ ſanctitatis ignoratio¬

568 1204 874 60 ne homines tribuebant. Ergo qui ſe reliquis pu¬

567 1252 876 60 riores atque mundiores eſſe inter Chriſtianos

572 1300 867 64 volebant, vt ex Euſebio lib.2.cap.17 lib. 6. cap.3.

570 1348 870 63 Socrate lib. 4. cap.23. aliíſque veterum locis col¬

568 1396 872 64 ligitur, primum ferè aſtinuerunt his cibis (quan¬

572 1446 870 60 quam tamen, vt ait Paulus Tit. I.omnia ſunt mun¬

572 1494 866 60 da mundis) abſtinuerunt, inquam, Carne, Oleo,

576 1542 867 63 Vino: Oleribus interim, & reliquis rebus indi¬

570 1592 873 60 ſcriminatim veſcentes, puram etiam aquam po¬

573 1641 867 57 tantes, non condîtam, non miſtam, non ſaccaro,

573 1689 868 60 non herbis vim illius augentibus, aut vſum gu¬

572 1736 870 78 ſtúmq; gratiorem faciẽtibus temperatam. Poſt¬

1395 1785 48 68 ea
