1500 2172
702 123 579 74 AD I. PAVL. AD TIM.

544 154 78 42 168

542 172 874 88 ſtoria extat apud Sozom. lib. 1. cap.23 quicquid

550 228 862 75 Torrenſis contrà debacchetur. Nam Theodorus

543 284 870 74 Beza in lib. de Polygamia ipſa Synodi Nicenæ

544 332 870 70 verba Græca recitauit ex veteri codice Græco ex

546 375 872 81 cerpta, & illius ipſius rei fit mentio in ipſo De¬

546 424 873 75 dereto cano Nicena diſtinct.31. vt mirum ſit fuiſ¬

544 472 873 81 ſe tam impudentes quoſdam vt id negent. Et no¬

546 524 872 76 ſtro ſeculo ad fratrum Boemorum interrogatio¬

546 570 873 82 nes de eà re (obſeruant enim illi in ſuis Miniſtris

548 620 873 82 cœlibatum) quod eſſet ſuum iudicium ſcripſit re¬

549 680 536 70 ſponditque D. Cal. epiſt. 339.

600 716 825 80 Cogi quidem vxores ducere non debent ex

549 766 878 78 hoc Pauli loco Epiſcopi, ſed neque prohiberi

554 824 872 70 ponunt. Pibe emm cotuin eit planè liberum &

549 864 876 76 ἐδίάφορον. Vnde neceſſitas aut lex in neutrã par¬

554 912 872 74 tem ſtatui debet & induci. Nam etiam Eunu¬

554 962 870 80 chus Epiſcopus eligi poteſt: Euſebius lib. 7. cap¬

556 1014 722 74 32.qui certè vxorem ducere non poteſt.

608 1056 819 81 Quibus verò gradibus ad hanc tandem Con¬

556 1104 873 84 iugij prohibitionem, vel potius profanationẽ in

561 1164 663 69 Eccleſia ventum ſit, iam explicemus.

604 1203 826 74 Primùm igitur coniugatos Miniſtros æquè &

560 1252 872 80 promiſcuè, atque cœlibes habuit vetus Dei Ec¬

560 1300 872 75 cleſia, & benè inſtituta. Id quod durauit diutiſſi¬

562 1348 868 76 mè, quãdo etiam Gregorius Nyſſenus, vt ait Ni¬

564 1414 426 54 cephorus, fuit vxoratus.

612 1444 824 78 Poſtea verò aliud, tum in Ordinandis in mini¬

566 1497 872 75 ſterium, tum in Ordinatis receptum eſt. Ac Or¬

566 1548 873 72 dinati iam Epiſcopi, qui erant coniuges, vxores

566 1594 876 76 ſuas retinebant, iiſque vti poterant, neque id etiã

567 1641 876 75 obſtabat eorum miniſterio exercendo & muneri

568 1690 874 75 Socrat. lib.5. cap. 22. cano. de Syracuſanæ 5 Siue

568 1736 874 90 ergo diſtinct.28. cano. Apoſtolorum 5 & ita Gã¬

1323 1786 122 69 grenſi
