1500 2172
336 147 267 27 CAPVT. V.

64 176 867 69 cæt. Vtranque tamẽ non niſi propter rem & deli

64 230 861 60 ctum iam notorium, fieri debere. Hęc illi. Alij

64 279 866 63 aliter diſtinguunt. Volunt.n ex iis tantùm cauſſis

66 328 866 60 & criminibus excommunicationem iaci poſſe in

62 375 870 64 aliquẽ, ex quibus quis dãnatus lege Dei lapidaba

66 426 864 60 tur & moriebatur. Ex quibus autem cauſſis dãna¬

63 474 866 63 tus neque lapidaretur, neque vltimo capitis ſup¬

64 524 864 62 plicio afficeretur, non poſſe quenquam excom¬

63 570 868 62 municari. Vtraque diſtinctio non nititur autho¬

62 618 868 63 ritate ſcripturæ. Ac quidem proxima ciuilem

62 674 866 54 Iudæorum politiam cum Eccleſiaſtica planè cõ¬

62 716 870 62 fundit: illa autem altera Scholaſticorum diſtin¬

62 765 867 56 ctio cauſas excommunicationis veras non ani¬

60 814 872 58 maduertit, quas in 2. Theſſaloni.3. vno verbo tra¬

58 861 867 63 dit Paulus, dum ait, ὠτις ὀυχ ὐπακόει. Ergo & in

62 910 862 56 peceato, & in crimine contumacia animi & ob¬

58 957 868 62 ſtinatio in perſeuerando vel nõ pœnitẽdo eſt ve¬

60 1005 867 57 riſſima excommunicationis cauſa: vti reſipiſcen¬

60 1056 868 62 tia & dolor peccati eſt cauſa abſolutionis aut re¬

60 1110 867 52 uocationis in Dei cœtũ & Eccleſiã. Confirmatur

58 1154 867 56 noſtra ſententia dicto Chriſti Matth. 18.verſ.17.

57 1204 873 60 Si te nõ auditdic Eccleſię, ſi nõ audit Eccleſiã, ſit

56 1252 873 62 tibi Ethnicus. Ergo contumaciã, & pertinaciam

56 1302 873 62 animi damnat Chriſtus, quia qui corrigi non vult

56 1350 873 63 etiã in re leui, per quam tamẽ offendiculũ præbet

56 1400 870 60 Eccleſiæ, ſed in ea perſeuerat, monitus ſæpe

58 1443 868 68 ſæpiùs, poterit tandem excõmunicari ſi ædifica¬

62 1494 441 60 tio Eccleſiæ id requirat.

102 1536 828 69 Notorium autem eſſe delictum oportet, quia

56 1592 874 62 propter ſcandalum fit excommunicatio. Quod

52 1641 876 63 autem eſt ignotum, offẽ diculum præbere cuiquã

51 1690 876 62 non poteſt. Ergo ignotum peccatum, vel crimen

52 1737 868 75 quantumuis magnum, nõ eſt excommunicabil e¬
