1500 2172
548 150 84 50 510

710 117 567 70 AD I. PAVL. IAD TIM.

543 166 860 86 crudeles & nimium ſeueros. Sed valeat potius

543 218 864 86 apud nos hæc tutiſsima conſolatio, quòd purã

543 270 858 80 conſcientiam ſeruare volumus ac ſtudemus. Ne¬

543 326 864 74 que tamen, ſi à maiori ſuffragiorum parte vinca¬

543 364 864 80 mur, ſolíque diſſentimus, ſeditionem in ſenatu,

543 416 866 80 aut cœtu aut eccleſia Dei mouere debemus: aut

548 466 858 80 quicquam perturbatè agere, vt vincat noſtra v¬

543 512 866 82 nius vox: ſedliberauerimus animas noſtras atque

543 562 867 74 officio functi erimus abundè, ſi primùm noſtrã

544 608 858 84 ſententiã illiúſque rationes expoſuerimus: dein¬

546 654 866 80 de, ſi res ſit tanti momenti, eo ordine vtamur ad

546 705 861 80 huiuſmodi electionem impediendam, vel retar¬

549 756 861 81 dãdã, qui & legitimus eſt, & in eceleſia Dei con¬

543 802 868 82 ſtitutus & receptus, qualis eſt nimirum prouoca¬

546 855 867 81 tio à lenatu ecelenlartieo au maiorem Miniſtro¬

546 897 867 84 rum vicinorum cœtum, quem Claſſem vocant: à

546 944 867 88 Claſſe ad Synodum ipſam prouincialẽ: à Synodo

548 999 864 87 prouinciali ad ſynodum Generalem & Nationa¬

552 1066 350 63 lem quam vocant.

574 1094 844 82 Ait Paulus, Citò. Fit autem Citò ex Pauli mente,

555 1142 861 88 quando vel non legitimum: vel non ſatis exactũ

554 1190 864 88 & certum examen de eligendo ſiue promouẽdo

554 1245 866 80 paſtore præceſſit: ſed vel nullum omnino, vel le¬

552 1292 866 84 ue tantum & perfunctorium, quale fit in Papatu,

554 1335 866 86 & in multis etiam mediis ipſis Dei viui eccle¬

556 1386 868 87 liontque de omnibus iis rebus, quæ ad tale mi¬

555 1431 864 81 niſterium obeundum ritè deſiderantur. Ergo quẽ

555 1480 872 84 admodum ſunt diuerſæ vocationes in eccleſia

556 1534 868 81 Dei: & aliæ alijs ſunt digniores & grauiores: ita

556 1580 872 86 ſerius & maius in his, quàm illis examen eſſe &

556 1628 870 86 fieri debet, veluti in Paſtore ipſo, quàm in ſolo

560 1677 870 84 Presbytero vel Diacono plura inquirantur ne¬

561 1730 864 99 ceſſe eſt, quia maius eſt paſtoris quã Diaconio¬

1348 1776 76 75 nus
