<?xml version='1.0' encoding='UTF-8'?>
<alto xmlns:xsi="http://www.w3.org/2001/XMLSchema-instance" xmlns="http://www.loc.gov/standards/alto/ns-v4#" xsi:schemaLocation="http://www.loc.gov/standards/alto/ns-v4# http://www.loc.gov/standards/alto/v4/alto-4-2.xsd">
  <Description>
    <MeasurementUnit>pixel</MeasurementUnit>
    <sourceImageInformation>
      <fileName>2013070.jpeg</fileName>
    </sourceImageInformation>
  </Description>
  <Tags>
    <OtherTag ID="BT7" LABEL="CustomZone" DESCRIPTION="block type CustomZone"/><OtherTag ID="BT8" LABEL="DamageZone" DESCRIPTION="block type DamageZone"/><OtherTag ID="BT9" LABEL="DigitizationArtefactZone" DESCRIPTION="block type DigitizationArtefactZone"/><OtherTag ID="BT10" LABEL="DropCapitalZone" DESCRIPTION="block type DropCapitalZone"/><OtherTag ID="BT11" LABEL="GraphicZone" DESCRIPTION="block type GraphicZone"/><OtherTag ID="BT12" LABEL="MainZone" DESCRIPTION="block type MainZone"/><OtherTag ID="BT13" LABEL="MarginTextZone" DESCRIPTION="block type MarginTextZone"/><OtherTag ID="BT14" LABEL="MusicZone" DESCRIPTION="block type MusicZone"/><OtherTag ID="BT15" LABEL="NumberingZone" DESCRIPTION="block type NumberingZone"/><OtherTag ID="BT17" LABEL="QuireMarksZone" DESCRIPTION="block type QuireMarksZone"/><OtherTag ID="BT18" LABEL="RunningTitleZone" DESCRIPTION="block type RunningTitleZone"/><OtherTag ID="BT19" LABEL="SealZone" DESCRIPTION="block type SealZone"/><OtherTag ID="BT20" LABEL="StampZone" DESCRIPTION="block type StampZone"/><OtherTag ID="BT21" LABEL="TableZone" DESCRIPTION="block type TableZone"/><OtherTag ID="BT22" LABEL="TitlePageZone" DESCRIPTION="block type TitlePageZone"/><OtherTag ID="BT3407" LABEL="MainZone-Continued" DESCRIPTION="block type MainZone-Continued"/><OtherTag ID="BT3408" LABEL="MainZone-P" DESCRIPTION="block type MainZone-P"/><OtherTag ID="BT3409" LABEL="MainZone-Head" DESCRIPTION="block type MainZone-Head"/><OtherTag ID="BT3410" LABEL="MainZone-Other" DESCRIPTION="block type MainZone-Other"/><OtherTag ID="BT3411" LABEL="MainZone-Sp" DESCRIPTION="block type MainZone-Sp"/><OtherTag ID="BT3417" LABEL="MainZone-Sp-Continued" DESCRIPTION="block type MainZone-Sp-Continued"/><OtherTag ID="BT3418" LABEL="GraphicZone-Decoration" DESCRIPTION="block type GraphicZone-Decoration"/><OtherTag ID="BT3419" LABEL="MainZone-Entry" DESCRIPTION="block type MainZone-Entry"/><OtherTag ID="BT3420" LABEL="MainZone-Lg" DESCRIPTION="block type MainZone-Lg"/><OtherTag ID="BT3421" LABEL="MainZone-Entry-Continued" DESCRIPTION="block type MainZone-Entry-Continued"/><OtherTag ID="BT3422" LABEL="MarginTextZone-ManuscriptAddendum" DESCRIPTION="block type MarginTextZone-ManuscriptAddendum"/><OtherTag ID="BT3423" LABEL="MainZone-List" DESCRIPTION="block type MainZone-List"/>
    <OtherTag ID="LT7" LABEL="CustomLine" DESCRIPTION="line type CustomLine"/><OtherTag ID="LT8" LABEL="DefaultLine" DESCRIPTION="line type DefaultLine"/><OtherTag ID="LT9" LABEL="DropCapitalLine" DESCRIPTION="line type DropCapitalLine"/><OtherTag ID="LT10" LABEL="HeadingLine" DESCRIPTION="line type HeadingLine"/><OtherTag ID="LT11" LABEL="InterlinearLine" DESCRIPTION="line type InterlinearLine"/><OtherTag ID="LT12" LABEL="MusicLine" DESCRIPTION="line type MusicLine"/>
  </Tags>
  <Layout>
    <Page WIDTH="1500" HEIGHT="2172" PHYSICAL_IMG_NR="66" ID="eSc_dummypage_">
      <PrintSpace HPOS="0" VPOS="0" WIDTH="1500" HEIGHT="2172">
        <TextBlock HPOS="738" VPOS="131" WIDTH="558" HEIGHT="63" ID="block_1" TAGREFS="BT18">
          <Shape><Polygon POINTS="738 131 1296 131 1296 194 738 194 738 131"/></Shape>
          <TextLine ID="line_1" TAGREFS="LT8" BASELINE="732 184 1300 176" HPOS="730" VPOS="132" WIDTH="570" HEIGHT="70">
            <Shape><Polygon POINTS="1166 156 1154 156 1142 156 1130 156 1116 156 1104 156 1092 156 1086 156 1083 159 1066 156 1056 156 1044 156 1032 156 1020 156 1008 156 996 156 984 156 981 156 972 156 960 156 950 156 940 162 904 162 897 156 888 156 876 156 872 156 864 156 850 156 843 156 836 162 807 156 802 156 790 156 778 156 766 156 765 156 754 156 742 156 734 156 730 158 732 184 732 192 780 202 782 202 820 195 870 200 870 200 872 200 890 192 891 192 910 200 912 200 914 200 1048 196 1048 196 1050 196 1058 192 1062 189 1074 192 1082 195 1083 195 1084 195 1110 192 1160 186 1185 186 1192 192 1196 194 1196 195 1197 195 1197 195 1198 195 1200 195 1208 192 1221 186 1240 192 1246 194 1248 194 1250 194 1300 190 1300 176 1296 132 1190 134 1188 134 1186 134 1186 135 1184 136 1166 152 1166 156"/></Shape>
            <String CONTENT="AD I. PAVL. AD TiM." HPOS="730" VPOS="132" WIDTH="570" HEIGHT="70" WC="0.9997685928093759"/>
          </TextLine>
        </TextBlock>
        <TextBlock HPOS="570" VPOS="152" WIDTH="65" HEIGHT="53" ID="block_2" TAGREFS="BT15">
          <Shape><Polygon POINTS="570 152 635 152 635 205 570 205 570 152"/></Shape>
          <TextLine ID="line_2" TAGREFS="LT8" BASELINE="573 186 648 186" HPOS="573" VPOS="156" WIDTH="75" HEIGHT="52">
            <Shape><Polygon POINTS="609 156 597 156 586 156 573 159 573 186 573 206 609 208 610 208 610 208 612 208 612 208 622 198 648 195 648 186 648 160 614 156 609 156"/></Shape>
            <String CONTENT="237" HPOS="573" VPOS="156" WIDTH="75" HEIGHT="52" WC="0.9999993642171224"/>
          </TextLine>
        </TextBlock>
        <TextBlock HPOS="564" VPOS="194" WIDTH="889" HEIGHT="1617" ID="block_3" TAGREFS="BT3407">
          <Shape><Polygon POINTS="564 194 1453 194 1453 1810 564 1810 564 194"/></Shape>
          <TextLine ID="line_3" TAGREFS="LT8" BASELINE="567 246 1437 231" HPOS="567" VPOS="183" WIDTH="870" HEIGHT="75">
            <Shape><Polygon POINTS="567 246 567 255 783 258 783 258 932 250 999 255 1000 255 1002 255 1020 249 1074 254 1074 254 1437 240 1437 231 1436 183 1377 183 1376 183 1376 183 1374 183 1372 184 1356 198 1306 190 1305 190 1304 190 1287 201 1264 201 1246 190 1246 190 1245 190 1244 190 1242 190 1203 202 1125 202 1059 202 1052 196 1044 189 1042 189 1042 189 1041 189 1040 189 1018 196 1012 198 1010 196 987 190 986 190 984 190 876 190 874 190 858 198 832 192 831 192 830 192 828 192 790 204 782 208 714 208 711 208 660 195 658 195 657 195 656 195 614 210 579 202 578 202 576 202 574 202 567 208 567 246"/></Shape>
            <String CONTENT="verba ſunt, vt ſi diſtinctio locorũ creditur in mũ¬" HPOS="567" VPOS="183" WIDTH="870" HEIGHT="75" WC="0.9922588692521149"/>
          </TextLine>
          <TextLine ID="line_4" TAGREFS="LT8" BASELINE="568 294 1437 282" HPOS="567" VPOS="238" WIDTH="870" HEIGHT="70">
            <Shape><Polygon POINTS="568 294 568 304 726 309 728 309 760 302 764 302 765 302 807 309 808 309 872 302 873 302 876 302 1010 306 1011 306 1011 306 1012 306 1023 298 1032 306 1034 306 1035 306 1036 306 1036 306 1038 306 1047 300 1054 306 1054 306 1056 306 1058 308 1089 308 1089 306 1186 298 1256 303 1257 303 1258 303 1258 303 1270 296 1342 302 1344 302 1346 302 1364 294 1390 302 1392 302 1394 302 1395 302 1395 302 1404 292 1437 291 1437 282 1434 238 1326 240 1324 240 1320 240 1294 248 1258 242 1254 242 1252 242 1252 242 1251 242 1233 249 1209 243 1198 240 1197 240 1197 240 1196 240 1186 244 1173 249 1142 246 1116 242 1116 242 1080 246 1048 250 1040 248 1024 243 1024 243 1023 243 998 249 978 254 927 254 922 250 915 246 914 246 914 246 912 246 831 252 825 252 822 252 752 246 750 246 710 256 704 258 567 258 568 294"/></Shape>
            <String CONTENT="do etiam in altari Dei videant ſibi Epiſcopi, qui" HPOS="567" VPOS="238" WIDTH="870" HEIGHT="70" WC="0.9904872276345078"/>
          </TextLine>
          <TextLine ID="line_5" TAGREFS="LT8" BASELINE="568 345 1438 328" HPOS="567" VPOS="288" WIDTH="872" HEIGHT="74">
            <Shape><Polygon POINTS="568 345 568 356 624 362 626 362 627 362 628 362 639 354 640 354 650 358 651 358 652 358 748 352 771 351 807 351 1035 354 1036 354 1185 345 1197 345 1202 345 1236 351 1238 351 1437 339 1438 328 1437 297 1388 297 1370 288 1368 288 1366 288 1300 298 1298 298 1276 290 1276 290 1275 290 1274 290 1254 300 1198 300 1197 300 1172 290 1170 290 1168 290 1110 302 1101 303 1062 303 1060 302 1050 296 1048 296 1048 296 1047 296 1046 296 1020 302 1017 303 1014 302 998 294 996 294 994 294 993 294 969 303 962 304 956 303 921 296 920 296 920 296 897 303 892 306 882 304 837 296 836 296 783 304 776 298 774 298 772 298 702 298 700 298 603 306 579 302 578 302 576 302 574 302 567 304 568 345"/></Shape>
            <String CONTENT="ſuperbi ſunt, Diaconos anteponi. Deinde viden¬" HPOS="567" VPOS="288" WIDTH="872" HEIGHT="74" WC="0.9952247699965602"/>
          </TextLine>
          <TextLine ID="line_6" TAGREFS="LT8" BASELINE="567 392 1437 378" HPOS="567" VPOS="339" WIDTH="870" HEIGHT="68">
            <Shape><Polygon POINTS="567 392 567 400 580 406 582 406 584 406 648 400 780 405 782 405 822 399 826 399 830 399 882 404 882 404 1437 392 1437 378 1436 348 1370 339 1368 339 1366 339 1365 339 1352 348 1350 350 1342 350 1276 339 1276 339 1275 339 1240 348 1198 340 1197 340 1197 340 1168 350 1128 344 1126 344 1125 344 1124 344 1114 351 1092 345 1092 345 1090 345 1089 345 1072 351 1054 344 1053 344 1052 344 1050 344 1020 351 987 345 987 345 945 352 882 345 880 345 819 346 818 346 816 346 804 356 800 358 615 360 610 357 600 351 598 351 598 351 597 351 567 357 567 392"/></Shape>
            <String CONTENT="tur ex veteri diſciplina Eccleſiæ etiã ad honeſtio" HPOS="567" VPOS="339" WIDTH="870" HEIGHT="68" WC="0.9994930402905333"/>
          </TextLine>
          <TextLine ID="line_7" TAGREFS="LT8" BASELINE="568 440 1442 429" HPOS="567" VPOS="386" WIDTH="874" HEIGHT="70">
            <Shape><Polygon POINTS="568 440 568 456 696 450 810 454 824 454 825 454 828 454 864 447 1024 452 1052 452 1053 452 1054 452 1056 450 1074 444 1206 450 1222 450 1224 450 1226 450 1227 450 1250 442 1270 448 1270 448 1272 448 1274 448 1305 442 1360 447 1364 447 1364 447 1365 447 1366 447 1376 441 1440 446 1442 429 1438 386 1401 386 1401 386 1400 386 1398 386 1380 394 1334 388 1326 387 1324 387 1323 387 1322 387 1320 388 1308 396 1266 388 1246 387 1246 387 1245 387 1233 390 1212 396 1197 392 1185 388 1185 388 1184 388 1182 388 1180 388 1180 388 1178 392 1170 399 1142 399 1082 394 1029 390 1028 390 1026 390 1024 390 1018 396 1017 398 1010 396 996 394 994 394 976 398 954 402 882 402 879 400 866 392 864 392 864 392 862 392 819 393 818 393 795 402 794 402 783 402 666 394 664 394 663 394 662 394 648 406 600 406 579 396 579 396 578 396 576 396 574 396 574 398 567 404 568 440"/></Shape>
            <String CONTENT="ra quædam officia &amp; mimſteria quàm Preſbyteri" HPOS="567" VPOS="386" WIDTH="874" HEIGHT="70" WC="0.9960681135239808"/>
          </TextLine>
          <TextLine ID="line_8" TAGREFS="LT8" BASELINE="570 488 1440 476" HPOS="568" VPOS="436" WIDTH="872" HEIGHT="72">
            <Shape><Polygon POINTS="570 488 570 508 680 500 730 506 732 506 734 506 734 506 735 506 748 498 822 506 828 506 830 506 831 506 832 506 850 496 975 502 990 502 992 502 993 502 994 502 1024 494 1048 500 1050 500 1052 500 1100 494 1179 500 1185 500 1185 500 1186 500 1188 500 1209 492 1221 500 1221 500 1222 500 1224 500 1306 496 1308 496 1308 496 1316 490 1340 496 1348 498 1350 498 1352 498 1354 496 1368 490 1438 494 1440 476 1437 446 1366 438 1365 438 1364 438 1341 446 1320 436 1320 436 1318 436 1317 436 1302 442 1287 436 1286 436 1284 436 1227 447 1227 447 1224 447 1042 440 1042 440 1041 440 1006 450 1002 452 927 452 926 450 920 444 920 444 918 444 916 444 915 444 890 450 886 452 885 450 876 444 876 444 876 444 874 444 832 442 832 442 798 448 660 446 658 446 657 446 656 446 645 453 640 456 639 453 626 447 624 447 622 447 597 452 584 446 582 446 580 446 579 446 579 446 568 450 570 488"/></Shape>
            <String CONTENT="ipſi admitti. Ipſi enim (vt ibidem tradit Hieron." HPOS="568" VPOS="436" WIDTH="872" HEIGHT="72" WC="0.9973839265959603"/>
          </TextLine>
          <TextLine ID="line_9" TAGREFS="LT8" BASELINE="572 536 1443 524" HPOS="570" VPOS="486" WIDTH="873" HEIGHT="72">
            <Shape><Polygon POINTS="572 536 572 558 634 558 634 556 636 556 639 555 656 549 692 555 702 555 704 555 710 555 746 546 759 554 765 555 765 555 766 556 808 556 808 555 810 555 826 552 854 544 904 549 915 550 916 550 918 550 920 549 932 543 945 549 948 549 950 549 950 549 957 549 981 544 992 549 1005 554 1005 554 1006 554 1048 548 1062 544 1066 546 1078 550 1080 550 1080 550 1202 549 1203 549 1221 543 1228 540 1234 543 1244 548 1245 548 1246 548 1292 542 1314 538 1318 542 1324 544 1326 544 1326 544 1328 544 1329 544 1346 540 1358 537 1442 537 1443 524 1442 495 1356 486 1354 486 1270 496 1266 496 1264 496 1191 488 1191 488 1190 488 1188 488 1176 498 1155 489 1154 489 1102 489 1101 489 1016 500 1005 500 999 500 946 492 945 492 944 492 928 500 906 494 906 494 904 494 843 501 830 502 818 501 746 494 744 494 742 494 724 502 722 504 712 502 660 495 660 495 658 495 633 504 628 506 570 506 572 536"/></Shape>
            <String CONTENT="quanuis cõquerens) Sacerdotibus de menſa Do¬" HPOS="570" VPOS="486" WIDTH="873" HEIGHT="72" WC="0.9975536081526014"/>
          </TextLine>
          <TextLine ID="line_10" TAGREFS="LT8" BASELINE="570 586 1440 573" HPOS="570" VPOS="532" WIDTH="870" HEIGHT="70">
            <Shape><Polygon POINTS="570 603 886 594 902 596 930 598 932 598 954 594 964 592 996 594 1076 597 1077 597 1078 597 1098 591 1104 591 1136 591 1290 592 1290 592 1366 585 1370 585 1370 585 1408 591 1410 591 1440 584 1440 573 1437 532 1395 543 1380 534 1378 534 1377 534 1341 536 1340 536 1340 536 1324 544 1302 536 1300 536 1299 536 1298 536 1281 543 1101 538 1100 538 1098 538 1064 550 930 552 906 543 904 543 903 543 783 555 764 546 762 546 720 544 712 544 711 544 710 544 682 556 638 558 598 558 570 548 570 586 570 603"/></Shape>
            <String CONTENT="mini calicem tradunt: non autem Diaconis Pre¬" HPOS="570" VPOS="532" WIDTH="870" HEIGHT="70" WC="0.9966602060529921"/>
          </TextLine>
          <TextLine ID="line_11" TAGREFS="LT8" BASELINE="572 634 1442 622" HPOS="570" VPOS="582" WIDTH="872" HEIGHT="70">
            <Shape><Polygon POINTS="572 634 572 651 724 645 734 648 741 652 742 652 744 652 771 646 794 644 808 646 830 651 831 651 879 646 920 640 970 644 1042 646 1042 646 1101 640 1125 639 1138 640 1173 646 1174 646 1246 639 1269 636 1296 638 1395 642 1395 642 1442 634 1442 622 1438 582 1353 582 1352 582 1346 584 1300 591 1270 585 1269 585 1268 585 1238 592 1200 585 1196 585 1194 585 1188 585 1146 594 1023 588 1017 588 1016 588 1014 588 1002 594 980 590 978 590 844 598 816 591 812 591 810 591 808 591 807 591 788 598 760 591 754 591 753 591 753 591 752 591 750 591 748 591 741 597 712 592 704 591 704 591 702 591 700 591 699 592 688 600 612 602 600 594 598 592 598 592 597 592 596 592 570 594 572 634"/></Shape>
            <String CONTENT="ſbyteri. Id etiam tranſcriptum eſt in cano. Dia¬" HPOS="570" VPOS="582" WIDTH="872" HEIGHT="70" WC="0.9975928887724876"/>
          </TextLine>
          <TextLine ID="line_12" TAGREFS="LT8" BASELINE="573 684 1440 672" HPOS="572" VPOS="632" WIDTH="868" HEIGHT="66">
            <Shape><Polygon POINTS="573 684 573 698 1040 696 1041 696 1042 696 1048 690 1053 690 1122 696 1124 696 1200 688 1203 688 1206 688 1280 693 1281 693 1440 684 1440 672 1437 640 1292 632 1290 632 1210 642 1200 644 1180 642 1060 634 1059 634 1058 634 1056 634 1042 644 1038 646 1024 645 970 636 969 636 852 639 850 639 822 646 808 650 795 646 777 640 776 640 774 640 746 646 728 651 710 646 684 640 652 640 651 640 650 640 648 640 639 646 630 654 604 654 597 648 585 642 585 642 584 642 582 642 572 646 573 684"/></Shape>
            <String CONTENT="coni ſunt quos diſtinct.93. Sed etiam videntur a¬" HPOS="572" VPOS="632" WIDTH="868" HEIGHT="66" WC="0.9714710663776008"/>
          </TextLine>
          <TextLine ID="line_13" TAGREFS="LT8" BASELINE="570 732 1442 720" HPOS="568" VPOS="682" WIDTH="873" HEIGHT="69">
            <Shape><Polygon POINTS="570 732 570 746 602 746 603 746 614 752 615 752 616 752 616 752 652 744 657 744 663 744 710 750 711 750 825 748 826 748 826 748 826 747 832 744 838 748 838 748 840 748 842 750 916 750 916 748 918 748 920 748 928 741 951 746 952 746 1029 740 1030 740 1060 746 1060 746 1062 746 1064 746 1084 740 1150 746 1152 746 1154 746 1180 736 1182 736 1184 736 1251 744 1252 744 1252 744 1286 735 1407 740 1408 740 1442 732 1442 720 1438 686 1276 682 1275 682 1274 682 1272 682 1266 687 1258 693 1221 693 1203 687 1185 682 1185 682 1184 682 1182 682 1172 688 1164 692 1131 688 1118 687 1116 687 1098 688 1041 694 975 690 920 686 918 686 916 686 900 690 876 696 854 690 838 687 837 687 836 687 834 687 825 690 810 699 736 699 718 692 711 690 710 690 710 690 708 690 698 692 686 696 681 693 676 690 675 690 674 690 672 690 672 690 660 693 638 700 628 693 628 693 627 693 626 693 568 693 570 732"/></Shape>
            <String CONTENT="liquando prædicaſſe, abſente Epiſcopo, &amp; admi¬" HPOS="568" VPOS="682" WIDTH="873" HEIGHT="69" WC="0.9982470429461935"/>
          </TextLine>
          <TextLine ID="line_14" TAGREFS="LT8" BASELINE="572 782 1442 768" HPOS="570" VPOS="730" WIDTH="872" HEIGHT="70">
            <Shape><Polygon POINTS="572 782 572 794 648 801 650 801 722 792 730 790 740 790 807 798 808 798 808 798 834 790 886 796 888 796 932 789 934 789 938 789 1008 795 1010 795 1059 786 1065 786 1070 786 1122 794 1122 794 1124 794 1138 784 1140 784 1142 784 1154 790 1155 790 1156 790 1158 790 1174 784 1176 784 1179 784 1280 790 1281 790 1282 790 1282 790 1293 783 1347 789 1348 789 1442 780 1442 768 1438 734 1340 730 1340 730 1338 730 1318 735 1298 741 1196 742 1185 740 1174 734 1173 734 1172 734 1142 740 1122 746 1023 746 1020 742 1011 735 1010 735 1008 735 970 735 969 735 969 735 968 735 957 741 897 738 896 738 894 738 880 746 876 747 864 746 831 742 830 742 790 747 783 748 780 748 754 740 753 740 753 740 752 740 734 746 648 740 648 740 594 742 592 742 570 752 572 782"/></Shape>
            <String CONTENT="niſtraſſe Sacramenta Diaconi, etiam præſenti¬" HPOS="570" VPOS="730" WIDTH="872" HEIGHT="70" WC="0.9993222541279263"/>
          </TextLine>
          <TextLine ID="line_15" TAGREFS="LT8" BASELINE="573 828 1443 818" HPOS="573" VPOS="777" WIDTH="870" HEIGHT="69">
            <Shape><Polygon POINTS="573 828 573 846 766 844 776 844 807 838 832 843 840 844 842 844 843 844 846 843 862 837 873 843 874 843 876 843 876 843 878 843 879 843 888 837 938 842 957 843 958 843 1054 840 1054 840 1056 840 1056 838 1064 834 1443 834 1443 818 1440 783 1380 777 1378 777 1344 783 1310 788 1296 783 1288 780 1287 780 1286 780 1284 780 1276 783 1263 788 1204 783 1152 780 1150 780 1114 783 1086 788 1076 784 1065 782 1064 782 1062 782 1060 782 1060 782 1056 784 1047 790 1023 784 1018 783 1017 783 1016 783 1005 784 956 792 872 786 868 786 867 786 866 786 844 795 765 795 747 788 746 788 698 788 698 788 694 788 639 795 573 789 573 828"/></Shape>
            <String CONTENT="bus Preſbyteris in cano. In ſancta diſtinct.92. qui" HPOS="573" VPOS="777" WIDTH="870" HEIGHT="69" WC="0.984464237502977"/>
          </TextLine>
          <TextLine ID="line_16" TAGREFS="LT8" BASELINE="572 878 1442 862" HPOS="570" VPOS="826" WIDTH="872" HEIGHT="66">
            <Shape><Polygon POINTS="572 878 572 891 854 892 855 892 856 892 870 886 872 885 882 885 932 891 932 891 933 891 960 884 963 884 975 884 1077 888 1078 888 1256 879 1366 884 1368 884 1442 874 1442 862 1438 834 1358 828 1356 828 1354 828 1329 836 1326 836 1323 836 1308 828 1306 828 1221 826 1220 826 1148 830 1146 830 1144 830 1144 831 1136 837 1134 838 1104 838 1000 831 999 831 948 838 924 844 828 844 822 840 813 834 812 834 810 834 808 834 808 834 783 842 765 844 756 842 741 836 740 836 740 836 738 836 736 836 728 842 728 842 722 842 663 838 662 838 660 838 660 838 656 843 651 846 636 843 618 838 616 838 616 838 570 843 572 878"/></Shape>
            <String CONTENT="canones à nobis non vt doctrinæ Chriſtianæ fir¬" HPOS="570" VPOS="826" WIDTH="872" HEIGHT="66" WC="0.9957012149194876"/>
          </TextLine>
          <TextLine ID="line_17" TAGREFS="LT8" BASELINE="573 926 1443 914" HPOS="572" VPOS="876" WIDTH="872" HEIGHT="64">
            <Shape><Polygon POINTS="573 926 573 938 832 940 832 940 999 932 1011 932 1018 932 1092 938 1094 938 1443 926 1443 914 1442 886 1362 886 1326 876 1326 876 1324 876 1323 876 1305 886 1270 876 1269 876 1268 876 1216 878 1215 878 1215 878 1200 888 1149 879 1148 879 1066 890 1006 880 1005 880 813 894 783 884 783 884 782 884 698 894 669 886 668 886 666 886 666 886 664 886 652 896 632 891 630 891 628 891 572 897 573 926"/></Shape>
            <String CONTENT="mamenta citantur: ſed vt rei geſtæ hiſtoriæ tan¬" HPOS="572" VPOS="876" WIDTH="872" HEIGHT="64" WC="0.9944657360514005"/>
          </TextLine>
          <TextLine ID="line_18" TAGREFS="LT8" BASELINE="572 975 1443 962" HPOS="570" VPOS="921" WIDTH="873" HEIGHT="72">
            <Shape><Polygon POINTS="572 975 572 987 634 993 636 993 638 993 639 993 651 986 654 984 716 984 723 984 788 993 789 993 831 982 832 982 832 982 872 990 873 990 874 990 876 990 885 981 903 990 904 990 906 990 980 984 1005 988 1006 988 1065 981 1092 986 1092 986 1094 986 1095 986 1102 978 1104 978 1138 986 1140 986 1142 986 1160 976 1161 976 1166 976 1224 986 1226 986 1227 986 1227 986 1242 975 1248 975 1330 982 1332 982 1400 974 1401 974 1416 981 1418 981 1419 981 1419 981 1443 972 1443 962 1440 932 1395 932 1392 932 1364 921 1364 921 1362 921 1360 921 1336 932 1332 932 1326 932 1282 924 1281 924 1238 932 1227 933 1214 932 1155 926 1154 926 1154 926 1137 933 1130 936 1090 933 1006 927 1005 927 1005 927 982 934 969 938 951 934 932 930 854 930 852 930 850 930 837 936 824 942 782 942 772 936 768 932 766 932 765 932 765 932 744 936 728 939 723 936 717 932 716 932 716 932 714 932 646 936 645 936 640 938 622 944 608 938 600 934 598 934 598 934 570 938 572 975"/></Shape>
            <String CONTENT="tùm. Denique videntur Diaconi ſæpius, quàm i¬" HPOS="570" VPOS="921" WIDTH="873" HEIGHT="72" WC="0.9966075458425157"/>
          </TextLine>
          <TextLine ID="line_19" TAGREFS="LT8" BASELINE="576 1024 1444 1012" HPOS="574" VPOS="972" WIDTH="870" HEIGHT="69">
            <Shape><Polygon POINTS="1166 1006 1160 984 1131 980 1116 975 1116 975 1098 980 1066 987 1011 981 976 978 975 978 954 981 921 988 894 982 878 981 876 981 876 981 866 984 860 987 855 984 848 980 846 980 844 980 844 980 816 986 789 990 764 986 736 981 704 981 704 981 702 981 700 981 693 987 688 992 672 987 652 982 616 982 616 982 615 982 614 982 606 988 600 993 574 990 576 1024 576 1036 636 1041 638 1041 639 1041 657 1036 670 1034 696 1036 747 1041 748 1041 780 1035 784 1034 789 1035 814 1040 816 1040 818 1040 831 1034 837 1030 879 1032 980 1036 981 1036 981 1036 1004 1030 1010 1029 1012 1029 1022 1036 1023 1036 1024 1036 1024 1036 1092 1036 1092 1036 1166 1028 1184 1026 1185 1028 1191 1032 1192 1032 1194 1032 1196 1032 1197 1032 1215 1028 1258 1034 1258 1034 1260 1034 1262 1034 1270 1026 1270 1024 1276 1026 1300 1030 1302 1030 1444 1023 1444 1012 1443 974 1395 972 1395 972 1394 972 1388 974 1354 984 1318 984 1299 975 1293 974 1292 974 1290 974 1290 974 1281 975 1254 986 1172 986 1166 1006"/></Shape>
            <String CONTENT="pſi Preſbyteri locum &amp; vicem Metropolitanorũ" HPOS="574" VPOS="972" WIDTH="870" HEIGHT="69" WC="0.998361082871755"/>
          </TextLine>
          <TextLine ID="line_20" TAGREFS="LT8" BASELINE="572 1072 1443 1060" HPOS="570" VPOS="1018" WIDTH="873" HEIGHT="68">
            <Shape><Polygon POINTS="572 1072 572 1086 1005 1086 1005 1084 1269 1074 1270 1074 1323 1078 1324 1078 1359 1072 1422 1078 1424 1078 1425 1078 1443 1071 1443 1060 1440 1018 1365 1020 1364 1020 1364 1020 1346 1034 1244 1034 1230 1023 1228 1023 1227 1023 1227 1023 1174 1023 1173 1023 1172 1023 1161 1026 1137 1035 1118 1028 1110 1023 1108 1023 1107 1023 1106 1023 1098 1028 1090 1030 1064 1029 1035 1026 1034 1026 1032 1026 1018 1029 990 1036 960 1032 927 1026 926 1026 926 1026 924 1026 914 1034 908 1036 880 1034 828 1028 826 1028 826 1028 795 1036 783 1040 759 1036 706 1032 705 1032 704 1032 688 1040 684 1042 570 1042 572 1072"/></Shape>
            <String CONTENT="ſuorum repræſentaſſe, &amp; obtinuiſſe in veteribus" HPOS="570" VPOS="1018" WIDTH="873" HEIGHT="68" WC="0.995225634980709"/>
          </TextLine>
          <TextLine ID="line_21" TAGREFS="LT8" BASELINE="573 1122 1444 1108" HPOS="572" VPOS="1068" WIDTH="873" HEIGHT="74">
            <Shape><Polygon POINTS="573 1122 573 1134 610 1142 612 1142 614 1142 642 1134 646 1134 650 1134 680 1140 681 1140 741 1132 746 1132 747 1132 762 1140 764 1140 765 1140 765 1140 766 1140 776 1132 776 1131 844 1131 861 1138 862 1138 864 1138 999 1128 1016 1128 1030 1128 1154 1134 1154 1134 1443 1120 1444 1108 1443 1078 1406 1068 1404 1068 1402 1068 1332 1078 1332 1078 1252 1071 1252 1071 1251 1071 1236 1078 1186 1074 1185 1074 1185 1074 1167 1080 1160 1072 1160 1072 1158 1072 1156 1072 1155 1072 1082 1072 1080 1072 1056 1082 1048 1084 1022 1082 938 1076 936 1076 900 1077 898 1077 897 1077 888 1083 884 1086 572 1086 573 1122"/></Shape>
            <String CONTENT="Synodis, ex eo quòd Rom. Epiſcopi ſuas partes" HPOS="572" VPOS="1068" WIDTH="873" HEIGHT="74" WC="0.9803179256294084"/>
          </TextLine>
          <TextLine ID="line_22" TAGREFS="LT8" BASELINE="574 1170 1444 1160" HPOS="573" VPOS="1120" WIDTH="872" HEIGHT="69">
            <Shape><Polygon POINTS="574 1170 574 1190 672 1180 744 1186 758 1188 759 1188 759 1188 764 1186 777 1180 789 1186 792 1186 794 1186 795 1186 801 1185 832 1179 906 1184 946 1185 948 1185 950 1185 956 1182 969 1178 1060 1180 1154 1184 1154 1184 1155 1184 1167 1178 1174 1174 1198 1178 1242 1182 1244 1182 1245 1182 1264 1176 1272 1173 1293 1174 1332 1178 1334 1178 1335 1178 1346 1173 1348 1172 1443 1172 1444 1160 1440 1122 1422 1130 1407 1122 1401 1120 1400 1120 1354 1120 1353 1120 1329 1124 1284 1131 1268 1125 1260 1122 1258 1122 1258 1122 1257 1122 1256 1122 1252 1125 1242 1134 1198 1134 1190 1125 1185 1122 1185 1122 1184 1122 1182 1122 1148 1126 1108 1130 1102 1126 1098 1124 1098 1124 1096 1124 1095 1124 1078 1126 1062 1130 1048 1128 1036 1125 1036 1125 1035 1125 1030 1128 1017 1134 980 1128 962 1125 960 1125 958 1125 950 1128 930 1136 888 1128 882 1128 882 1128 880 1128 879 1128 864 1137 850 1130 849 1128 848 1128 846 1128 844 1128 831 1130 800 1136 780 1130 770 1128 768 1128 766 1128 765 1128 765 1128 765 1128 762 1131 753 1138 573 1134 574 1170"/></Shape>
            <String CONTENT="Diaconis ſæpiùs, quàm Preſbyteris demanda¬" HPOS="573" VPOS="1120" WIDTH="872" HEIGHT="69" WC="0.9975111145864833"/>
          </TextLine>
          <TextLine ID="line_23" TAGREFS="LT8" BASELINE="573 1221 1446 1204" HPOS="572" VPOS="1166" WIDTH="874" HEIGHT="72">
            <Shape><Polygon POINTS="573 1221 573 1232 688 1238 690 1238 690 1238 706 1230 753 1236 753 1236 754 1236 777 1228 1176 1228 1178 1228 1446 1215 1446 1204 1444 1173 1426 1166 1425 1166 1425 1166 1424 1166 1410 1173 1408 1174 1407 1173 1396 1167 1395 1167 1395 1167 1394 1167 1358 1174 1352 1176 1346 1174 1312 1166 1311 1166 1310 1166 1308 1166 1274 1176 1269 1178 1260 1178 1190 1168 1188 1168 1186 1168 1160 1178 1154 1179 1142 1178 1106 1174 1104 1174 1104 1174 1102 1174 1096 1179 1095 1180 1089 1179 1054 1172 1053 1172 1006 1180 1000 1184 921 1184 920 1184 898 1173 897 1173 896 1173 830 1174 828 1174 826 1174 813 1184 810 1186 788 1186 784 1185 768 1176 766 1176 765 1176 704 1178 702 1178 700 1178 700 1178 690 1186 688 1188 675 1186 597 1179 596 1179 594 1179 572 1186 573 1221"/></Shape>
            <String CONTENT="rint: quòd his facile carere non poſſent: illis autẽ" HPOS="572" VPOS="1166" WIDTH="874" HEIGHT="72" WC="0.9841530786620246"/>
          </TextLine>
          <TextLine ID="line_24" TAGREFS="LT8" BASELINE="573 1269 1449 1257" HPOS="573" VPOS="1212" WIDTH="876" HEIGHT="69">
            <Shape><Polygon POINTS="573 1269 573 1281 1180 1278 1182 1278 1184 1278 1191 1272 1192 1272 1270 1276 1272 1276 1308 1270 1359 1276 1360 1276 1449 1268 1449 1257 1446 1212 1370 1212 1370 1212 1368 1212 1365 1212 1340 1221 1290 1214 1286 1214 1284 1214 1282 1214 1282 1214 1254 1227 1221 1227 1196 1216 1194 1216 1192 1216 1191 1216 1170 1227 1088 1220 1086 1220 1086 1220 1084 1220 1070 1228 1048 1216 1047 1216 1046 1216 1044 1216 1042 1216 1042 1216 1010 1232 981 1232 966 1218 964 1218 963 1218 962 1218 962 1218 960 1218 921 1233 852 1233 828 1221 826 1221 826 1221 825 1221 806 1228 789 1221 788 1221 786 1221 784 1221 778 1221 654 1234 630 1224 628 1224 628 1224 627 1224 626 1224 616 1230 573 1224 573 1269"/></Shape>
            <String CONTENT="Diaconis facilius poſſent Et hunc morem poſtea" HPOS="573" VPOS="1212" WIDTH="876" HEIGHT="69" WC="0.9952943687853606"/>
          </TextLine>
          <TextLine ID="line_25" TAGREFS="LT8" BASELINE="573 1317 1446 1302" HPOS="572" VPOS="1269" WIDTH="874" HEIGHT="68">
            <Shape><Polygon POINTS="573 1317 573 1336 789 1326 798 1332 800 1332 801 1332 801 1332 802 1332 806 1330 818 1326 876 1329 924 1332 926 1332 926 1332 927 1332 932 1328 938 1323 951 1326 963 1330 964 1330 966 1330 1197 1326 1197 1326 1198 1326 1206 1320 1224 1326 1226 1326 1227 1326 1290 1318 1300 1317 1308 1317 1371 1324 1372 1324 1374 1324 1390 1316 1416 1323 1418 1323 1419 1323 1419 1323 1446 1314 1446 1302 1443 1270 1074 1269 1072 1269 1071 1269 1053 1275 933 1270 932 1270 894 1278 892 1278 891 1278 864 1272 862 1272 861 1272 848 1280 846 1280 842 1280 796 1274 795 1274 744 1281 742 1281 741 1281 714 1275 712 1275 711 1275 710 1275 704 1282 702 1282 678 1276 678 1276 676 1276 675 1276 674 1276 666 1282 664 1282 592 1276 592 1276 591 1276 572 1282 573 1317"/></Shape>
            <String CONTENT="ſecuti ſunt alii Epiſcopi, imprimiſque Metro¬" HPOS="572" VPOS="1269" WIDTH="874" HEIGHT="68" WC="0.9966654631826612"/>
          </TextLine>
          <TextLine ID="line_26" TAGREFS="LT8" BASELINE="573 1366 1446 1352" HPOS="573" VPOS="1311" WIDTH="873" HEIGHT="74">
            <Shape><Polygon POINTS="573 1366 573 1384 652 1377 696 1382 705 1383 706 1383 714 1382 740 1376 772 1382 783 1382 784 1382 808 1380 874 1374 897 1378 906 1380 906 1380 916 1378 944 1372 1012 1376 1046 1377 1047 1377 1048 1377 1054 1376 1065 1371 1149 1374 1226 1376 1227 1376 1227 1376 1236 1371 1245 1368 1256 1371 1264 1374 1264 1374 1266 1374 1446 1366 1446 1352 1444 1318 1437 1311 1436 1311 1434 1311 1389 1311 1388 1311 1388 1311 1365 1322 1364 1323 1314 1323 1314 1322 1304 1314 1302 1314 1302 1314 1300 1314 1230 1324 1224 1324 1221 1324 1198 1317 1197 1317 1197 1317 1108 1323 1090 1316 1089 1316 1088 1316 1086 1316 1086 1316 1070 1326 1068 1328 999 1329 976 1329 976 1328 963 1318 962 1318 962 1318 960 1318 896 1326 870 1320 868 1320 867 1320 866 1320 864 1320 850 1328 806 1320 804 1320 802 1320 772 1332 728 1322 728 1322 726 1322 690 1330 646 1323 645 1323 644 1323 621 1334 573 1335 573 1366"/></Shape>
            <String CONTENT="politani, vt ſe ad Roman. Eccleſiæ exemplar" HPOS="573" VPOS="1311" WIDTH="873" HEIGHT="74" WC="0.9846954013026038"/>
          </TextLine>
          <TextLine ID="line_27" TAGREFS="LT8" BASELINE="573 1413 1448 1400" HPOS="573" VPOS="1360" WIDTH="874" HEIGHT="70">
            <Shape><Polygon POINTS="573 1413 573 1431 645 1431 645 1431 646 1431 648 1431 648 1430 657 1425 694 1428 708 1430 710 1430 722 1428 753 1422 784 1425 801 1428 802 1428 864 1425 938 1419 1032 1420 1206 1422 1208 1422 1209 1422 1222 1416 1227 1413 1299 1413 1308 1413 1365 1419 1366 1419 1368 1419 1370 1419 1377 1413 1377 1412 1448 1410 1448 1400 1444 1360 1407 1360 1407 1360 1406 1360 1404 1360 1394 1370 1358 1362 1352 1362 1305 1362 1304 1362 1302 1362 1296 1364 1280 1370 1220 1365 1191 1364 1190 1364 1188 1364 1186 1364 1184 1366 1174 1372 1149 1368 1130 1364 1128 1364 1126 1364 1125 1364 1125 1365 1122 1370 1116 1374 1096 1370 1080 1365 1078 1365 982 1366 981 1366 968 1372 957 1376 944 1372 924 1368 922 1368 921 1368 870 1370 870 1370 868 1370 861 1376 858 1378 810 1378 798 1377 764 1370 762 1370 700 1380 696 1380 692 1380 654 1371 654 1371 652 1371 633 1382 632 1382 573 1382 573 1413"/></Shape>
            <String CONTENT="conformarent, adeò vt ex iſtis cauſis Preſbyteris" HPOS="573" VPOS="1360" WIDTH="874" HEIGHT="70" WC="0.9964094078540802"/>
          </TextLine>
          <TextLine ID="line_28" TAGREFS="LT8" BASELINE="572 1464 1449 1449" HPOS="570" VPOS="1406" WIDTH="879" HEIGHT="75">
            <Shape><Polygon POINTS="572 1464 572 1474 669 1474 680 1474 704 1480 704 1480 790 1474 852 1470 912 1473 970 1474 972 1474 974 1474 981 1472 990 1468 1014 1472 1041 1474 1042 1474 1068 1470 1110 1466 1256 1468 1308 1468 1308 1468 1324 1468 1382 1461 1448 1466 1449 1449 1444 1406 1398 1406 1396 1406 1365 1419 1304 1407 1300 1407 1299 1407 1298 1407 1296 1407 1270 1420 1252 1420 1234 1408 1234 1408 1233 1408 1232 1408 1226 1410 1185 1418 1168 1412 1166 1410 1166 1410 1164 1410 1162 1410 1160 1412 1143 1416 1084 1413 1083 1413 1082 1413 1080 1413 1068 1424 1018 1413 1014 1413 1012 1413 1008 1413 960 1426 874 1426 862 1418 861 1416 860 1416 858 1416 858 1416 804 1418 802 1418 795 1419 758 1430 570 1425 572 1464"/></Shape>
            <String CONTENT="Diaconi cenſeri cœperint præferendi, &amp; ijs eſſe" HPOS="570" VPOS="1406" WIDTH="879" HEIGHT="75" WC="0.9917196289021918"/>
          </TextLine>
          <TextLine ID="line_29" TAGREFS="LT8" BASELINE="576 1510 1449 1498" HPOS="574" VPOS="1460" WIDTH="874" HEIGHT="70">
            <Shape><Polygon POINTS="576 1510 576 1526 660 1530 662 1530 663 1530 684 1524 698 1521 716 1524 748 1530 750 1530 752 1530 771 1522 777 1520 924 1516 932 1520 946 1524 948 1524 950 1524 974 1518 981 1516 986 1518 1010 1526 1011 1526 1011 1526 1012 1526 1042 1516 1048 1516 1054 1516 1098 1524 1098 1524 1137 1515 1142 1515 1148 1515 1191 1522 1192 1522 1332 1521 1334 1521 1335 1521 1344 1515 1358 1521 1359 1521 1360 1521 1362 1521 1382 1512 1407 1518 1407 1518 1408 1518 1449 1509 1449 1498 1446 1460 1412 1460 1410 1460 1408 1460 1407 1460 1395 1468 1329 1461 1324 1461 1323 1461 1318 1461 1272 1468 1264 1461 1263 1461 1262 1461 1260 1461 1116 1462 1114 1462 1113 1462 1112 1464 1102 1470 1072 1464 1068 1464 1066 1464 1066 1464 1065 1464 1054 1474 1011 1474 988 1466 987 1466 987 1466 986 1466 980 1466 921 1476 831 1476 816 1468 814 1468 814 1468 813 1468 804 1468 750 1478 740 1468 738 1468 736 1468 735 1468 734 1468 732 1470 712 1479 680 1479 670 1470 669 1468 668 1468 666 1468 666 1468 664 1468 658 1470 632 1479 574 1473 576 1510"/></Shape>
            <String CONTENT="gradu ſuperiores maioréſque. Quid igitur de" HPOS="574" VPOS="1460" WIDTH="874" HEIGHT="70" WC="0.9916641414165497"/>
          </TextLine>
          <TextLine ID="line_30" TAGREFS="LT8" BASELINE="576 1560 1450 1548" HPOS="574" VPOS="1510" WIDTH="876" HEIGHT="66">
            <Shape><Polygon POINTS="576 1560 576 1570 662 1576 663 1576 740 1570 765 1568 783 1569 826 1574 826 1574 828 1574 830 1574 836 1569 838 1566 982 1566 994 1568 1010 1572 1011 1572 1011 1572 1036 1568 1060 1564 1449 1564 1450 1548 1448 1520 1366 1510 1365 1510 1364 1510 1364 1510 1352 1520 1290 1510 1288 1510 1287 1510 1286 1510 1276 1518 1258 1512 1257 1512 1256 1512 1254 1512 1221 1521 1188 1512 1186 1512 1185 1512 1142 1524 962 1524 927 1516 926 1516 926 1516 924 1516 898 1526 888 1516 886 1516 885 1516 838 1516 837 1516 836 1516 810 1528 750 1528 740 1520 738 1520 736 1520 735 1520 684 1527 666 1520 666 1520 664 1520 663 1520 640 1528 604 1522 604 1522 603 1522 574 1530 576 1560"/></Shape>
            <String CONTENT="hac re ſtatuendum ſit, quæritur. Repo. Primùm" HPOS="574" VPOS="1510" WIDTH="876" HEIGHT="66" WC="0.9854395480259605"/>
          </TextLine>
          <TextLine ID="line_31" TAGREFS="LT8" BASELINE="576 1610 1450 1598" HPOS="574" VPOS="1557" WIDTH="876" HEIGHT="70">
            <Shape><Polygon POINTS="576 1610 578 1628 597 1622 708 1624 734 1624 734 1624 756 1623 837 1616 844 1622 846 1622 848 1622 849 1622 850 1622 873 1622 933 1616 1011 1617 1094 1620 1095 1620 1128 1616 1143 1612 1154 1614 1185 1618 1186 1618 1256 1611 1275 1610 1290 1611 1360 1616 1362 1616 1450 1606 1450 1598 1448 1563 1388 1558 1388 1558 1386 1558 1365 1564 1362 1564 1358 1564 1314 1557 1314 1557 1312 1557 1296 1566 1290 1569 1210 1569 1208 1566 1190 1560 1188 1560 1186 1560 1185 1560 1185 1560 1173 1568 1167 1572 1110 1572 1104 1569 1088 1562 1086 1562 1086 1562 1084 1562 1059 1569 1052 1572 1048 1570 1035 1560 1034 1560 1032 1560 1030 1560 1030 1560 1005 1569 927 1562 926 1562 926 1562 897 1572 892 1574 846 1574 840 1574 816 1564 814 1564 814 1564 764 1572 753 1564 753 1564 752 1564 750 1564 698 1576 640 1578 608 1578 594 1572 592 1572 592 1572 591 1572 574 1578 576 1610"/></Shape>
            <String CONTENT="omnes iſtas de proëdria &amp; præeminẽtia diſputa¬" HPOS="574" VPOS="1557" WIDTH="876" HEIGHT="70" WC="0.9942825436592102"/>
          </TextLine>
          <TextLine ID="line_32" TAGREFS="LT8" BASELINE="578 1658 1450 1647" HPOS="576" VPOS="1604" WIDTH="874" HEIGHT="66">
            <Shape><Polygon POINTS="578 1658 578 1670 1060 1670 1060 1668 1062 1668 1074 1662 1074 1662 1080 1662 1110 1666 1110 1666 1155 1662 1166 1660 1179 1660 1256 1665 1257 1665 1450 1658 1450 1647 1449 1611 1382 1604 1382 1604 1346 1612 1335 1616 1332 1612 1320 1605 1320 1605 1318 1605 1317 1605 1316 1605 1314 1605 1304 1612 1300 1616 1290 1614 1257 1608 1256 1608 1215 1616 1202 1616 1196 1616 1168 1606 1167 1606 1166 1606 1110 1614 1083 1610 1082 1610 1080 1610 1080 1610 1080 1610 1071 1616 1070 1618 1042 1618 1036 1617 1011 1610 1011 1610 968 1610 966 1610 964 1610 932 1618 927 1620 924 1618 902 1610 900 1610 900 1610 852 1620 846 1622 844 1620 828 1611 826 1611 795 1611 794 1611 792 1611 771 1622 766 1623 730 1623 729 1622 710 1612 708 1612 706 1612 705 1612 676 1622 610 1614 610 1614 609 1614 576 1623 578 1658"/></Shape>
            <String CONTENT="tiones (quæ ſunt veriſsima diſsidiorum ſemina," HPOS="576" VPOS="1604" WIDTH="874" HEIGHT="66" WC="0.9939529079457988"/>
          </TextLine>
          <TextLine ID="line_33" TAGREFS="LT8" BASELINE="579 1707 1454 1695" HPOS="578" VPOS="1652" WIDTH="876" HEIGHT="72">
            <Shape><Polygon POINTS="579 1707 579 1724 684 1716 716 1720 717 1720 753 1714 826 1720 838 1720 840 1720 926 1719 927 1719 928 1719 928 1718 934 1713 993 1716 1011 1718 1011 1718 1020 1716 1044 1712 1078 1714 1092 1716 1094 1716 1124 1714 1194 1708 1454 1708 1454 1695 1450 1659 1371 1652 1370 1652 1370 1652 1352 1659 1330 1653 1329 1653 1328 1653 1245 1659 1210 1653 1209 1653 1209 1653 1191 1662 1188 1662 1185 1662 1162 1654 1161 1654 1114 1654 1113 1654 1112 1654 1110 1654 1104 1662 1092 1656 1092 1656 1090 1656 1089 1656 1088 1656 1076 1664 1074 1664 1042 1656 1041 1656 1040 1656 1018 1665 1016 1665 903 1665 900 1665 860 1659 858 1659 858 1659 836 1666 834 1666 832 1666 808 1660 808 1660 807 1660 694 1668 594 1662 592 1662 592 1662 578 1668 579 1707"/></Shape>
            <String CONTENT="&amp; dãnabilis ambitionis effecta) de Eccleſia Dei," HPOS="578" VPOS="1652" WIDTH="876" HEIGHT="72" WC="0.9923119046250168"/>
          </TextLine>
          <TextLine ID="line_34" TAGREFS="LT8" BASELINE="579 1756 1455 1743" HPOS="578" VPOS="1702" WIDTH="878" HEIGHT="68">
            <Shape><Polygon POINTS="579 1756 579 1768 866 1770 867 1770 900 1764 909 1762 938 1764 1050 1767 1052 1767 1053 1767 1054 1767 1054 1766 1060 1761 1060 1760 1071 1761 1118 1766 1119 1766 1120 1766 1122 1766 1128 1760 1130 1760 1131 1760 1178 1764 1179 1764 1210 1758 1218 1758 1227 1758 1268 1764 1269 1764 1308 1756 1314 1756 1322 1756 1372 1762 1374 1762 1455 1754 1455 1743 1452 1708 1380 1702 1378 1702 1377 1702 1347 1708 1218 1704 1216 1704 1215 1704 1198 1710 1152 1706 1150 1706 1149 1706 1132 1713 1128 1713 986 1708 984 1708 932 1714 900 1708 898 1708 897 1708 896 1708 888 1716 880 1716 736 1712 735 1712 702 1719 700 1719 660 1713 658 1713 657 1713 656 1713 656 1714 648 1720 646 1720 597 1714 596 1714 594 1714 578 1720 579 1756"/></Shape>
            <String CONTENT="imprimis autem de eœtu præpoſitorum Eccleſiæ" HPOS="578" VPOS="1702" WIDTH="878" HEIGHT="68" WC="0.9991421889175068"/>
          </TextLine>
          <TextLine ID="line_35" TAGREFS="LT8" BASELINE="584 1808 1454 1790" HPOS="582" VPOS="1746" WIDTH="872" HEIGHT="94">
            <Shape><Polygon POINTS="584 1808 584 1840 630 1840 630 1839 632 1839 633 1839 634 1838 654 1826 699 1826 720 1834 724 1838 726 1838 728 1838 759 1838 759 1838 759 1838 760 1838 765 1833 777 1824 789 1830 789 1830 790 1830 792 1830 813 1824 854 1830 882 1834 882 1834 956 1833 957 1833 974 1826 975 1826 981 1826 1011 1832 1011 1832 1050 1832 1052 1832 1066 1822 1070 1821 1074 1822 1094 1827 1095 1827 1096 1827 1098 1827 1098 1827 1108 1821 1114 1818 1130 1820 1149 1824 1150 1824 1191 1818 1197 1818 1198 1818 1232 1827 1233 1827 1234 1827 1281 1824 1282 1824 1282 1824 1298 1814 1300 1814 1308 1814 1364 1824 1364 1824 1365 1824 1395 1810 1395 1809 1454 1808 1454 1790 1450 1758 1401 1746 1400 1746 1342 1758 1329 1752 1328 1752 1326 1752 1258 1758 1215 1750 1214 1750 1212 1750 1180 1760 1173 1761 1167 1760 1143 1754 1142 1754 1142 1754 1140 1754 1138 1754 1138 1755 1132 1760 1130 1764 1040 1764 1036 1761 1018 1754 1018 1754 1017 1754 1016 1754 996 1760 906 1756 904 1756 903 1756 902 1756 894 1762 888 1767 872 1762 854 1758 852 1758 850 1758 812 1764 766 1770 582 1766 584 1808"/></Shape>
            <String CONTENT="(inter quos ſunt &amp; Preſbyteri &amp; Diaconi) tollẽ¬" HPOS="582" VPOS="1746" WIDTH="872" HEIGHT="94" WC="0.9918486836055914"/>
          </TextLine>
        </TextBlock>
        <TextBlock HPOS="1388" VPOS="1806" WIDTH="70" HEIGHT="50" ID="block_4" TAGREFS="BT17">
          <Shape><Polygon POINTS="1388 1806 1458 1806 1458 1856 1388 1856 1388 1806"/></Shape>
          <TextLine ID="line_36" TAGREFS="LT8" BASELINE="1386 1844 1458 1840" HPOS="1383" VPOS="1792" WIDTH="75" HEIGHT="75">
            <Shape><Polygon POINTS="1386 1844 1386 1868 1458 1857 1458 1840 1455 1792 1383 1802 1386 1844"/></Shape>
            <String CONTENT="das" HPOS="1383" VPOS="1792" WIDTH="75" HEIGHT="75" WC="0.9997912049293518"/>
          </TextLine>
        </TextBlock>
      </PrintSpace>
    </Page>
  </Layout>
</alto>
