1500 2172
573 123 99 18 P

710 84 566 63 AD I. PAVL. AD TIM

564 159 604 50 giſſimè aberrmus, & diuertamus.

610 192 813 62 Ergo non taxat Paulus hoc loco apertas &

561 243 858 62 manifeſtas hæreſes: ſed quid minus, nimirum,

561 292 856 63 quæſtiones tantũ ipſas & diſputationes, ex quib¬

561 339 861 66 nulla ædificatio, nulláque pietatis acceſſio nobis

560 390 861 62 fit: ſed quæ totæ in curioſa & inani rerum cogni¬

561 438 860 62 tione & inueſtigatione verſantur. Quales ſunt

558 483 864 68 Scholaſticorum hodie omnes ſcholæ, & qualis

558 534 861 64 omnis Theologia, quæ ab illis appellatur. Pingit

558 585 860 64 igitur graphicè Paulus illud malum, quod iam

556 633 860 58 regnat latiſſimè in Papatu, vtinam etiam in nul¬

558 678 860 68 lis Euangelicis Eccleſijs. Iſtorum methodum

558 728 855 68 docet verſari primùm in oppoſitionibus. Certè

556 777 858 64 de quolibet fidei articulo in vtranque partem

555 822 861 70 diſputandum eſt in eorum ſcholis. Neque poteſt

555 873 856 64 optimus & egregius doctor inter eos cenſeri,

554 926 860 63 qui non ſit Quod libetarius, & in vtranque par¬

552 980 862 56 tem, Academicorum more, de quolibet apice

558 1017 854 69 Theologico diſputare paratus pro & contrà, vt i¬

550 1071 860 63 pſi loquuntur, vt nihil ſit apud eos tam certum,

549 1128 864 56 & deimirum, quod non in dubium reuocari poſſit

550 1166 556 63 contrariàſque rationes habeat.

602 1210 812 72 Finem autem harum quæſtionum & oppoſi¬

548 1262 861 69 tionum docet eſſe vanam cognitionem & pror¬

544 1308 864 66 fus inutilem, imò verò etiam profanam, & in

546 1358 628 68 Deum ipſum tandem blaſphemam.

618 1407 790 68 Denique modum & rationem earundem

548 1455 861 66 quæſtionum habendarum & tractandarum ex¬

548 1503 864 70 plicat quam docet eſſe clamorem. Id quod ipſa

544 1557 864 58 experientia docet. Inde fit vt eorum alij ſint Rea¬

543 1598 864 70 les, alij Nominales, alij Scholaſtici Thomiſtæ,

542 1652 867 63 & ita ſe in varias ſectas & hæreſes quæ nunquam

542 1702 868 70 tamen inter ſe placari poterunt, diſſecent, atque

1134 1754 273 70 ambitioſiſſimè
