1500 2172
874 122 75 87 434

390 154 188 32 CAPVT

592 154 51 32 V.

80 176 864 84 diſciplina ipſa Eccleſiaſtica, diſtinguamus ea,

81 236 862 72 quæ ſunt Fundamentalia politiæ Eccleſiaſticæ,

80 285 862 70 ab Acceſſorijs & leuioribus. Fundamentalia ve¬

80 333 867 69 rò ſunt hæc in politia Eccleſiaſtica. Primùm vt

80 381 870 74 ſit aliqua politia Eccleſiaſtica, & quidam ordo

80 429 868 72 in Del domo, qui tollat confuſionem. Deinde, vt

80 480 870 70 legitimæ perſonarum vocationes, per quas Dei

80 542 864 60 verbum legitime adminiſtratur, charitáſque &

75 579 866 69 ſanctitas vitæ exercetur in Eccleſia, retineantur,

76 634 654 57 veluti Paſtorcomreiojteri, Diacom

129 674 814 72 Tertiò, vt ij electi legitimè & ex præſcripto

74 724 866 72 Dei verbo ſuo munere fungantur, vel deponan¬

74 777 380 57 tur, & remoueantur.

120 819 824 69 Acceſſoria dico, quæ, vt hæc fiant & obſeruen¬

74 868 870 74 tur, in Eccleſia quaque pro tempore, perſonis &

74 916 867 70 locis ſtatui poſſunt. Acceſſoria incolumi manen¬

94 966 843 72 t diſciplina in Eccleſia ipſa variari poſſunt. Ma¬

70 1016 870 70 neat enim ſemper diſciplinæ fundamentũ & pars

70 1070 867 64 præcipua, ſed tantùm ea mutentur, quæ commo¬

69 1112 867 72 dioris illius obſeruationis gratia tunc viſa ſunt

68 1162 867 68 neceſſaria: veluti vt futurus & eligendus Epiſco¬

68 1209 867 72 pus à tribus Epiſcopis, non à duobus tantùm eli¬

69 1262 866 69 geretur. Hoc mutari poteſt incolumi Eccleſia &

68 1308 864 72 diſciplina. Vt in vrbe Metropolit. electio fiat &

68 1358 867 70 examen futuri Epiſcopi, non alibi. Hoc etiam

68 1407 866 68 mutari poteſt. Itaque vetus Eccleſia in ijs rebus

66 1455 867 68 ſępe diuerſam formam habuit & ſecuta eſt, inco¬

64 1503 866 68 lumi nihilominus Dei verbo, ipſóque fundamẽ¬

64 1550 862 68 to Eccleſiaſticæ diſciplinæ retento. Ex quo fit,

66 1602 864 66 vt cùm hæ Diaconiſſę fuerint tantùm ſubſidiariæ

64 1652 867 68 Diaconorum manus & operæ (propter egenorũ

62 1700 870 68 & ægrotorum ingentem numerum & multitudi¬

62 1746 868 86 nem penè infinitam) quo tempore Noſodochijss

690 1809 54 70 t5
