<?xml version='1.0' encoding='UTF-8'?>
<alto xmlns:xsi="http://www.w3.org/2001/XMLSchema-instance" xmlns="http://www.loc.gov/standards/alto/ns-v4#" xsi:schemaLocation="http://www.loc.gov/standards/alto/ns-v4# http://www.loc.gov/standards/alto/v4/alto-4-2.xsd">
  <Description>
    <MeasurementUnit>pixel</MeasurementUnit>
    <sourceImageInformation>
      <fileName>2013325.jpeg</fileName>
    </sourceImageInformation>
  </Description>
  <Tags>
    <OtherTag ID="BT7" LABEL="CustomZone" DESCRIPTION="block type CustomZone"/><OtherTag ID="BT8" LABEL="DamageZone" DESCRIPTION="block type DamageZone"/><OtherTag ID="BT9" LABEL="DigitizationArtefactZone" DESCRIPTION="block type DigitizationArtefactZone"/><OtherTag ID="BT10" LABEL="DropCapitalZone" DESCRIPTION="block type DropCapitalZone"/><OtherTag ID="BT11" LABEL="GraphicZone" DESCRIPTION="block type GraphicZone"/><OtherTag ID="BT12" LABEL="MainZone" DESCRIPTION="block type MainZone"/><OtherTag ID="BT13" LABEL="MarginTextZone" DESCRIPTION="block type MarginTextZone"/><OtherTag ID="BT14" LABEL="MusicZone" DESCRIPTION="block type MusicZone"/><OtherTag ID="BT15" LABEL="NumberingZone" DESCRIPTION="block type NumberingZone"/><OtherTag ID="BT17" LABEL="QuireMarksZone" DESCRIPTION="block type QuireMarksZone"/><OtherTag ID="BT18" LABEL="RunningTitleZone" DESCRIPTION="block type RunningTitleZone"/><OtherTag ID="BT19" LABEL="SealZone" DESCRIPTION="block type SealZone"/><OtherTag ID="BT20" LABEL="StampZone" DESCRIPTION="block type StampZone"/><OtherTag ID="BT21" LABEL="TableZone" DESCRIPTION="block type TableZone"/><OtherTag ID="BT22" LABEL="TitlePageZone" DESCRIPTION="block type TitlePageZone"/><OtherTag ID="BT3407" LABEL="MainZone-Continued" DESCRIPTION="block type MainZone-Continued"/><OtherTag ID="BT3408" LABEL="MainZone-P" DESCRIPTION="block type MainZone-P"/><OtherTag ID="BT3409" LABEL="MainZone-Head" DESCRIPTION="block type MainZone-Head"/><OtherTag ID="BT3410" LABEL="MainZone-Other" DESCRIPTION="block type MainZone-Other"/><OtherTag ID="BT3411" LABEL="MainZone-Sp" DESCRIPTION="block type MainZone-Sp"/><OtherTag ID="BT3417" LABEL="MainZone-Sp-Continued" DESCRIPTION="block type MainZone-Sp-Continued"/><OtherTag ID="BT3418" LABEL="GraphicZone-Decoration" DESCRIPTION="block type GraphicZone-Decoration"/><OtherTag ID="BT3419" LABEL="MainZone-Entry" DESCRIPTION="block type MainZone-Entry"/><OtherTag ID="BT3420" LABEL="MainZone-Lg" DESCRIPTION="block type MainZone-Lg"/><OtherTag ID="BT3421" LABEL="MainZone-Entry-Continued" DESCRIPTION="block type MainZone-Entry-Continued"/><OtherTag ID="BT3422" LABEL="MarginTextZone-ManuscriptAddendum" DESCRIPTION="block type MarginTextZone-ManuscriptAddendum"/><OtherTag ID="BT3423" LABEL="MainZone-List" DESCRIPTION="block type MainZone-List"/>
    <OtherTag ID="LT7" LABEL="CustomLine" DESCRIPTION="line type CustomLine"/><OtherTag ID="LT8" LABEL="DefaultLine" DESCRIPTION="line type DefaultLine"/><OtherTag ID="LT9" LABEL="DropCapitalLine" DESCRIPTION="line type DropCapitalLine"/><OtherTag ID="LT10" LABEL="HeadingLine" DESCRIPTION="line type HeadingLine"/><OtherTag ID="LT11" LABEL="InterlinearLine" DESCRIPTION="line type InterlinearLine"/><OtherTag ID="LT12" LABEL="MusicLine" DESCRIPTION="line type MusicLine"/>
  </Tags>
  <Layout>
    <Page WIDTH="1500" HEIGHT="2172" PHYSICAL_IMG_NR="321" ID="eSc_dummypage_">
      <PrintSpace HPOS="0" VPOS="0" WIDTH="1500" HEIGHT="2172">
        <TextBlock HPOS="309" VPOS="130" WIDTH="302" HEIGHT="59" ID="block_1" TAGREFS="BT18">
          <Shape><Polygon POINTS="309 130 611 130 611 188 309 188 309 130"/></Shape>
          <TextLine ID="line_1" TAGREFS="LT8" BASELINE="309 172 609 172" HPOS="309" VPOS="159" WIDTH="300" HEIGHT="27">
            <Shape><Polygon POINTS="598 159 586 159 574 159 562 159 550 159 538 159 526 159 514 159 502 159 490 159 478 159 466 159 454 159 442 159 430 159 418 159 406 159 394 159 382 159 369 159 357 159 345 159 333 159 321 159 309 159 309 172 309 184 608 186 609 172 609 159 598 159"/></Shape>
            <String CONTENT="CAPVT VI." HPOS="309" VPOS="159" WIDTH="300" HEIGHT="27" WC="0.9805229107538859"/>
          </TextLine>
        </TextBlock>
        <TextBlock HPOS="838" VPOS="149" WIDTH="69" HEIGHT="49" ID="block_2" TAGREFS="BT15">
          <Shape><Polygon POINTS="838 149 908 149 908 198 838 198 838 149"/></Shape>
          <TextLine ID="line_2" TAGREFS="LT8" BASELINE="844 178 897 184" HPOS="842" VPOS="130" WIDTH="58" HEIGHT="68">
            <Shape><Polygon POINTS="844 178 842 194 894 198 897 184 900 130 848 132 844 178"/></Shape>
            <String CONTENT="62" HPOS="842" VPOS="130" WIDTH="58" HEIGHT="68" WC="0.9999749064445496"/>
          </TextLine>
        </TextBlock>
        <TextBlock HPOS="42" VPOS="198" WIDTH="875" HEIGHT="631" ID="block_3" TAGREFS="BT3407">
          <Shape><Polygon POINTS="42 198 918 198 918 829 42 829 42 198"/></Shape>
          <TextLine ID="line_3" TAGREFS="LT8" BASELINE="40 230 909 232" HPOS="39" VPOS="182" WIDTH="870" HEIGHT="62">
            <Shape><Polygon POINTS="40 230 39 243 908 243 909 232 904 183 890 192 836 184 834 184 796 190 782 184 777 183 777 183 776 183 774 183 768 184 740 192 706 184 696 183 633 183 632 183 630 183 628 183 626 184 616 192 592 184 582 183 580 183 579 183 579 183 567 186 543 194 476 194 386 192 378 188 372 183 370 183 369 183 369 183 345 188 334 190 328 188 314 182 312 182 310 182 309 182 308 182 298 188 280 182 279 182 140 182 138 182 40 190 40 230"/></Shape>
            <String CONTENT="rendum eſt, non idcirco tamen priuata authori¬" HPOS="39" VPOS="182" WIDTH="870" HEIGHT="62" WC="0.9960709952789805"/>
          </TextLine>
          <TextLine ID="line_4" TAGREFS="LT8" BASELINE="42 278 906 284" HPOS="42" VPOS="236" WIDTH="864" HEIGHT="60">
            <Shape><Polygon POINTS="42 278 42 286 186 296 188 296 906 294 906 284 906 252 798 252 795 249 788 242 786 242 784 242 783 242 783 242 768 249 765 250 740 250 738 249 728 240 728 240 726 240 724 240 723 240 704 248 699 249 692 248 654 240 654 240 652 240 628 246 620 249 615 246 598 240 598 240 597 240 495 246 480 246 480 246 465 238 464 238 462 238 462 238 460 238 450 244 447 246 432 244 394 238 393 238 392 238 390 238 384 243 380 248 334 248 320 243 300 237 298 237 270 237 268 237 267 237 266 237 260 242 255 246 216 242 164 236 162 236 138 240 114 244 42 240 42 278"/></Shape>
            <String CONTENT="tate ſibi ius dicere ſerui Chriſtiani conceduntur," HPOS="42" VPOS="236" WIDTH="864" HEIGHT="60" WC="0.9992557311058045"/>
          </TextLine>
          <TextLine ID="line_5" TAGREFS="LT8" BASELINE="42 327 914 332" HPOS="42" VPOS="285" WIDTH="872" HEIGHT="63">
            <Shape><Polygon POINTS="42 327 42 339 308 345 309 345 454 340 466 340 470 340 507 346 508 346 686 342 693 342 696 342 736 348 738 348 912 342 914 332 912 302 795 302 789 298 759 290 758 290 756 290 687 297 674 298 670 297 651 288 650 288 604 288 604 288 603 288 602 288 590 296 584 300 556 300 549 296 540 290 538 290 537 290 537 290 501 296 478 298 462 294 438 286 436 286 418 286 418 286 417 286 416 286 408 294 402 298 302 298 296 291 290 286 288 286 286 286 260 285 130 285 129 285 129 285 118 290 105 296 92 290 84 285 82 285 81 285 42 288 42 327"/></Shape>
            <String CONTENT="ſéque in libertatem aſſerere, iugũ dominorum ex¬" HPOS="42" VPOS="285" WIDTH="872" HEIGHT="63" WC="0.9937113964557648"/>
          </TextLine>
          <TextLine ID="line_6" TAGREFS="LT8" BASELINE="42 375 912 380" HPOS="42" VPOS="336" WIDTH="870" HEIGHT="60">
            <Shape><Polygon POINTS="42 375 42 384 75 392 76 392 218 387 222 387 222 387 261 394 262 394 384 388 390 388 399 388 528 394 530 394 530 394 543 388 746 388 748 390 759 396 760 396 762 396 910 392 912 380 909 339 850 351 816 351 802 340 801 340 801 340 800 340 798 340 796 340 783 350 558 350 524 340 518 339 516 339 514 339 512 340 489 348 386 342 384 342 382 342 364 346 357 342 352 338 351 338 351 338 350 338 320 342 286 346 274 342 260 336 258 336 258 336 141 338 111 342 92 345 82 344 68 336 66 336 64 336 63 336 42 342 42 375"/></Shape>
            <String CONTENT="cutere: ſed Magiſtratus authoritatem implorare" HPOS="42" VPOS="336" WIDTH="870" HEIGHT="60" WC="0.9770690746929335"/>
          </TextLine>
          <TextLine ID="line_7" TAGREFS="LT8" BASELINE="44 423 914 429" HPOS="44" VPOS="382" WIDTH="870" HEIGHT="63">
            <Shape><Polygon POINTS="44 423 44 436 226 436 230 436 258 442 260 442 648 438 654 438 668 444 669 444 670 444 729 438 734 438 736 438 802 446 804 446 912 438 914 429 912 388 810 388 808 388 800 388 746 398 712 390 711 390 633 396 626 390 622 388 622 387 621 387 620 387 564 386 562 386 561 386 552 390 543 396 424 396 414 392 400 386 399 386 398 386 364 392 348 394 344 392 334 386 333 386 333 386 332 386 330 386 328 386 320 392 316 394 232 394 228 392 219 382 218 382 216 382 156 382 154 382 153 382 135 392 116 382 114 382 62 382 60 382 58 382 44 390 44 423"/></Shape>
            <String CONTENT="debent, Deo prius inuocato. Eſt ergo, vt ad ſeriẽ" HPOS="44" VPOS="382" WIDTH="870" HEIGHT="63" WC="0.9963652622699738"/>
          </TextLine>
          <TextLine ID="line_8" TAGREFS="LT8" BASELINE="42 471 912 477" HPOS="42" VPOS="430" WIDTH="870" HEIGHT="63">
            <Shape><Polygon POINTS="42 471 42 482 909 494 912 477 910 436 832 436 832 436 831 436 807 446 747 436 736 435 735 435 734 435 730 436 710 446 642 446 632 436 630 435 628 435 628 435 627 435 616 436 586 442 573 438 564 434 562 434 561 434 561 434 549 438 528 444 477 444 470 438 466 435 466 434 465 434 464 434 424 434 424 434 423 434 414 438 400 444 384 438 372 434 370 434 369 434 369 434 368 434 363 438 354 444 238 444 234 438 228 434 228 432 226 432 225 432 224 432 222 432 204 438 196 441 188 438 170 430 168 430 105 430 104 430 104 430 86 438 81 440 78 438 54 430 52 430 51 430 50 430 48 430 42 435 42 471"/></Shape>
            <String CONTENT="huius loci veniamus, hic verſiculus μετάβοσις, id" HPOS="42" VPOS="430" WIDTH="870" HEIGHT="63" WC="0.9942822575569152"/>
          </TextLine>
          <TextLine ID="line_9" TAGREFS="LT8" BASELINE="44 520 910 525" HPOS="42" VPOS="482" WIDTH="868" HEIGHT="62">
            <Shape><Polygon POINTS="44 520 42 530 90 538 92 538 291 534 344 540 345 540 398 534 424 540 424 540 426 540 462 534 474 542 476 542 477 542 478 542 544 536 654 542 656 542 657 542 674 536 700 543 702 543 704 543 810 543 810 543 812 543 813 543 820 536 870 543 870 543 909 536 910 525 909 495 855 486 854 486 852 486 837 494 836 494 640 494 640 494 621 484 620 484 618 484 566 494 561 494 417 494 416 492 400 483 399 483 398 483 350 489 290 483 290 483 288 483 262 492 261 492 260 492 242 482 240 482 165 482 164 482 162 482 148 488 76 482 75 482 74 482 44 489 44 520"/></Shape>
            <String CONTENT="eſt, Tranſitio. Conſtituuntur enim canones duo" HPOS="42" VPOS="482" WIDTH="868" HEIGHT="62" WC="0.9906557150509047"/>
          </TextLine>
          <TextLine ID="line_10" TAGREFS="LT8" BASELINE="48 568 910 573" HPOS="48" VPOS="530" WIDTH="862" HEIGHT="63">
            <Shape><Polygon POINTS="48 568 48 579 171 588 172 588 172 588 195 582 333 582 351 591 351 591 352 591 472 591 472 591 474 591 474 591 486 584 543 591 544 591 546 591 561 584 622 591 624 591 626 591 648 585 672 591 672 591 674 592 710 592 710 591 711 591 712 591 723 585 783 591 784 591 909 584 910 573 909 543 819 542 792 532 790 532 789 532 718 542 712 542 710 542 678 531 678 531 676 531 632 542 627 542 621 540 576 531 574 531 573 531 560 538 549 530 548 530 546 530 506 530 506 530 504 530 502 530 490 540 489 540 456 530 454 530 453 530 452 530 450 530 440 540 438 542 366 542 363 540 351 530 351 530 350 530 348 530 308 536 298 530 297 530 296 530 296 530 294 530 266 538 238 530 237 530 93 530 92 530 92 530 90 530 76 538 74 538 48 538 48 568"/></Shape>
            <String CONTENT="vtiliſſimi de ſeruis, vti ſpectari poteſt eorum cõ¬" HPOS="48" VPOS="530" WIDTH="862" HEIGHT="63" WC="0.9908096572527518"/>
          </TextLine>
          <TextLine ID="line_11" TAGREFS="LT8" BASELINE="42 616 914 621" HPOS="42" VPOS="579" WIDTH="872" HEIGHT="62">
            <Shape><Polygon POINTS="42 616 42 634 254 638 255 638 256 638 268 634 280 632 322 634 390 639 392 639 417 634 424 633 432 634 456 639 456 639 526 634 548 633 549 634 555 639 556 639 558 639 642 640 644 640 645 640 662 634 664 634 732 640 734 640 760 634 774 640 776 640 777 640 912 633 914 621 914 591 848 580 846 580 798 586 770 580 768 580 716 591 712 591 704 591 604 584 604 584 603 584 602 584 594 590 561 582 560 582 502 590 501 590 482 579 480 579 480 579 478 579 459 590 459 591 428 591 428 590 408 579 406 579 406 579 405 579 374 590 370 590 248 590 243 590 226 579 225 579 224 579 222 579 182 586 171 579 170 579 168 579 166 579 117 585 110 579 108 579 106 579 62 579 62 579 60 579 42 586 42 616"/></Shape>
            <String CONTENT="ditio duplex ex perſona dominorum, quibus ſer¬" HPOS="42" VPOS="579" WIDTH="872" HEIGHT="62" WC="0.9984456197075222"/>
          </TextLine>
          <TextLine ID="line_12" TAGREFS="LT8" BASELINE="44 666 914 672" HPOS="42" VPOS="636" WIDTH="872" HEIGHT="51">
            <Shape><Polygon POINTS="730 668 718 668 706 668 694 668 682 668 670 668 658 668 646 668 634 668 622 668 610 668 598 668 585 668 573 668 561 668 549 668 537 668 525 668 513 668 501 668 489 668 477 668 466 666 454 666 442 666 430 666 418 666 406 666 394 666 382 666 369 666 357 666 345 666 333 666 321 666 309 666 297 666 285 666 273 666 261 666 248 666 236 666 224 666 212 666 200 666 188 666 176 666 164 666 152 666 140 666 128 666 123 646 108 638 106 638 105 638 44 636 44 666 42 678 392 687 393 687 912 684 914 672 909 644 897 648 888 644 888 642 888 642 886 642 752 642 750 642 748 642 747 642 734 652 730 668"/></Shape>
            <String CONTENT="uiunt. Ivam ade imidenbus yuue Piuelibus do¬" HPOS="42" VPOS="636" WIDTH="872" HEIGHT="51" WC="0.9806962365453894"/>
          </TextLine>
          <TextLine ID="line_13" TAGREFS="LT8" BASELINE="46 714 915 718" HPOS="45" VPOS="674" WIDTH="870" HEIGHT="63">
            <Shape><Polygon POINTS="46 714 45 726 278 734 279 734 666 730 704 736 704 736 914 730 915 718 915 690 852 690 850 688 836 678 834 678 832 678 832 678 831 678 802 688 801 688 800 688 768 682 766 682 610 686 585 676 585 676 584 676 582 676 561 684 540 678 538 678 537 678 537 678 520 687 519 687 518 687 489 678 488 678 488 678 486 678 468 686 428 680 426 680 351 686 346 686 328 676 327 676 264 674 146 674 144 674 142 674 118 682 80 674 80 674 78 674 46 684 46 714"/></Shape>
            <String CONTENT="minis illi ſubiiciuntur. Ac primus canon ad eos" HPOS="45" VPOS="674" WIDTH="870" HEIGHT="63" WC="0.9698699674707778"/>
          </TextLine>
          <TextLine ID="line_14" TAGREFS="LT8" BASELINE="44 765 914 770" HPOS="42" VPOS="726" WIDTH="872" HEIGHT="63">
            <Shape><Polygon POINTS="44 765 42 777 334 788 336 788 417 782 441 788 442 788 444 788 572 782 580 788 582 788 584 788 585 788 622 783 718 789 720 789 914 782 914 770 914 728 762 728 760 728 759 728 759 728 748 736 684 736 664 729 662 728 660 728 660 728 658 728 656 729 642 735 628 729 624 728 622 728 622 728 621 728 614 729 598 734 538 729 501 728 500 728 500 728 488 729 474 734 462 730 454 728 453 728 452 728 450 728 450 728 444 730 436 735 369 735 351 730 324 726 322 726 260 732 234 734 206 732 135 728 134 728 132 728 130 728 126 732 123 734 44 734 44 765"/></Shape>
            <String CONTENT="pertinet, qui dominos infideles habent. Eſt autẽ" HPOS="42" VPOS="726" WIDTH="872" HEIGHT="63" WC="0.9889565438640361"/>
          </TextLine>
          <TextLine ID="line_15" TAGREFS="LT8" BASELINE="44 814 260 813" HPOS="42" VPOS="777" WIDTH="218" HEIGHT="56">
            <Shape><Polygon POINTS="44 814 44 826 150 832 152 832 183 826 240 832 240 832 242 832 260 824 260 813 258 788 236 788 236 786 226 777 226 777 225 777 224 777 222 777 222 777 196 784 150 777 148 777 147 777 126 783 108 777 106 777 105 777 42 784 44 814"/></Shape>
            <String CONTENT="huiuſmodi." HPOS="42" VPOS="777" WIDTH="218" HEIGHT="56" WC="0.9969124972820282"/>
          </TextLine>
        </TextBlock>
        <TextBlock HPOS="47" VPOS="836" WIDTH="872" HEIGHT="435" ID="block_4" TAGREFS="BT3408">
          <Shape><Polygon POINTS="47 836 919 836 919 1271 47 1271 47 836"/></Shape>
          <TextLine ID="line_16" TAGREFS="LT8" BASELINE="92 862 912 864" HPOS="90" VPOS="814" WIDTH="822" HEIGHT="68">
            <Shape><Polygon POINTS="92 862 90 876 909 882 912 864 910 826 888 826 888 825 878 818 878 816 876 816 876 816 801 816 800 816 798 816 796 816 784 825 762 816 760 816 759 816 759 816 728 825 724 826 702 826 700 824 690 816 690 816 688 816 687 816 686 816 672 824 669 825 654 824 568 816 567 816 567 816 566 816 566 818 558 824 555 826 518 826 506 824 456 814 456 814 454 814 434 822 430 824 424 822 390 814 388 814 292 820 260 824 92 820 92 862"/></Shape>
            <String CONTENT="Serui Chriſtiani dominos ſuos etiam infideles" HPOS="90" VPOS="814" WIDTH="822" HEIGHT="68" WC="0.9939202070236206"/>
          </TextLine>
          <TextLine ID="line_17" TAGREFS="LT8" BASELINE="42 910 914 914" HPOS="42" VPOS="870" WIDTH="872" HEIGHT="62">
            <Shape><Polygon POINTS="42 910 42 921 76 930 78 930 148 924 168 930 170 930 333 932 334 932 336 932 352 926 406 932 406 932 408 932 432 926 495 932 496 932 562 926 622 932 624 932 626 932 651 926 912 926 914 914 912 882 810 873 808 873 808 873 782 880 778 880 777 880 759 873 758 873 756 873 666 878 556 872 555 872 555 872 554 872 544 878 543 880 394 880 388 876 376 872 376 872 375 872 315 876 284 878 273 876 252 870 252 870 250 870 249 870 238 876 231 878 201 876 158 870 156 870 154 870 141 874 126 878 42 874 42 910"/></Shape>
            <String CONTENT="omni honore proſequuntor, eíſque ſubiiciuntor." HPOS="42" VPOS="870" WIDTH="872" HEIGHT="62" WC="0.9968904903594483"/>
          </TextLine>
          <TextLine ID="line_18" TAGREFS="LT8" BASELINE="42 958 908 963" HPOS="42" VPOS="918" WIDTH="866" HEIGHT="57">
            <Shape><Polygon POINTS="42 958 42 969 906 975 908 963 906 932 789 921 788 921 786 921 770 930 768 930 765 930 742 924 741 924 740 924 700 928 692 930 690 928 674 920 672 920 636 920 634 920 634 920 633 920 622 928 604 920 603 920 510 920 508 920 507 920 483 927 482 927 462 918 460 918 459 918 408 926 348 918 346 918 345 918 345 918 334 926 333 928 274 928 270 926 252 920 252 920 250 920 249 920 228 926 225 926 42 926 42 958"/></Shape>
            <String CONTENT="ne &amp; nomen &amp; doctrina Dei blaſphemetur. Se¬" HPOS="42" VPOS="918" WIDTH="866" HEIGHT="57" WC="0.9993139754894168"/>
          </TextLine>
          <TextLine ID="line_19" TAGREFS="LT8" BASELINE="40 1006 903 1011" HPOS="39" VPOS="968" WIDTH="864" HEIGHT="57">
            <Shape><Polygon POINTS="40 1006 39 1024 902 1024 903 1011 903 981 806 981 804 980 794 970 792 970 790 970 789 970 704 980 692 980 690 980 672 970 670 970 669 970 668 970 650 978 636 969 634 969 634 969 633 969 532 978 524 978 519 978 472 968 408 968 406 968 406 968 384 976 382 976 382 976 346 969 345 969 345 969 330 976 328 978 274 978 268 976 218 968 216 968 216 968 189 975 188 975 159 968 158 968 156 968 40 974 40 1006"/></Shape>
            <String CONTENT="cundus autẽ canõ in ſequẽte verſiculo cõtinetur." HPOS="39" VPOS="968" WIDTH="864" HEIGHT="57" WC="0.9978645398066595"/>
          </TextLine>
          <TextLine ID="line_20" TAGREFS="LT8" BASELINE="92 1054 908 1060" HPOS="90" VPOS="1018" WIDTH="818" HEIGHT="54">
            <Shape><Polygon POINTS="730 1023 718 1023 706 1023 694 1023 682 1023 670 1023 658 1023 646 1023 644 1023 640 1024 640 1024 616 1023 610 1023 598 1023 585 1023 573 1023 561 1023 549 1023 537 1023 530 1023 510 1024 501 1024 500 1024 495 1023 489 1023 477 1023 468 1023 466 1023 462 1023 435 1023 429 1023 417 1023 405 1023 393 1023 381 1023 369 1023 357 1023 345 1023 333 1023 320 1023 308 1023 296 1023 284 1023 272 1023 260 1023 248 1023 237 1023 236 1023 224 1023 212 1023 200 1023 188 1023 176 1023 164 1023 152 1023 140 1023 128 1023 116 1023 104 1023 92 1023 92 1054 90 1066 906 1072 908 1060 906 1028 734 1018 730 1023"/></Shape>
            <String CONTENT="Similis eſt huic locus apud Petrũ 1.Pet.2.v.28." HPOS="90" VPOS="1018" WIDTH="818" HEIGHT="54" WC="0.9992585132519404"/>
          </TextLine>
        </TextBlock>
        <TextBlock HPOS="45" VPOS="1074" WIDTH="868" HEIGHT="196" ID="block_5" TAGREFS="BT3408">
          <Shape><Polygon POINTS="45 1074 913 1074 913 1270 45 1270 45 1074"/></Shape>
          <TextLine ID="line_21" TAGREFS="LT8" BASELINE="92 1104 910 1108" HPOS="92" VPOS="1064" WIDTH="819" HEIGHT="64">
            <Shape><Polygon POINTS="92 1104 92 1120 282 1119 296 1120 333 1125 334 1125 336 1125 345 1120 350 1118 500 1118 508 1120 528 1126 530 1126 530 1126 579 1120 579 1120 626 1126 627 1126 690 1119 700 1119 708 1119 754 1126 756 1126 758 1126 759 1126 765 1120 873 1120 890 1128 891 1128 892 1128 894 1128 909 1119 910 1108 910 1076 814 1066 813 1066 718 1074 706 1074 704 1074 684 1066 682 1066 681 1066 638 1072 618 1066 616 1066 616 1066 615 1066 596 1072 594 1072 590 1072 524 1066 522 1066 520 1066 507 1072 506 1072 500 1066 500 1065 498 1065 496 1065 495 1065 450 1071 392 1065 390 1065 388 1065 366 1072 364 1072 363 1072 322 1065 321 1065 320 1065 302 1072 302 1072 294 1065 294 1064 292 1064 291 1064 290 1064 214 1071 207 1065 207 1064 206 1064 204 1064 165 1064 164 1064 162 1064 134 1071 132 1071 130 1071 114 1064 112 1064 111 1064 111 1064 92 1070 92 1104"/></Shape>
            <String CONTENT="Sed ſingula Pauli verba perpendamus. Nam" HPOS="92" VPOS="1064" WIDTH="819" HEIGHT="64" WC="0.994247256219387"/>
          </TextLine>
          <TextLine ID="line_22" TAGREFS="LT8" BASELINE="42 1154 906 1158" HPOS="42" VPOS="1112" WIDTH="864" HEIGHT="66">
            <Shape><Polygon POINTS="42 1154 42 1168 190 1166 196 1170 202 1173 204 1173 206 1173 207 1174 260 1174 260 1173 296 1170 320 1167 338 1170 360 1173 362 1173 363 1173 369 1170 376 1167 393 1170 412 1173 414 1174 414 1173 435 1170 452 1167 459 1170 474 1176 474 1176 476 1176 522 1170 540 1168 555 1172 592 1176 592 1178 658 1178 658 1176 660 1176 660 1176 666 1172 670 1168 696 1172 738 1174 740 1174 812 1172 844 1170 855 1172 888 1178 888 1178 890 1178 906 1172 906 1158 906 1128 858 1128 858 1126 825 1116 824 1116 822 1116 820 1116 820 1116 807 1125 804 1128 759 1128 756 1125 746 1116 744 1116 742 1116 698 1116 698 1116 696 1116 694 1116 681 1124 678 1126 609 1126 603 1122 579 1114 578 1114 576 1114 574 1114 555 1122 549 1125 530 1122 508 1119 507 1119 506 1119 495 1122 483 1125 478 1122 471 1116 471 1114 470 1114 468 1114 468 1114 466 1114 465 1114 454 1122 450 1124 412 1122 410 1120 399 1113 398 1113 396 1113 394 1113 394 1113 366 1120 351 1124 320 1124 314 1119 306 1113 304 1113 303 1113 267 1113 266 1113 264 1113 264 1113 255 1119 248 1122 231 1118 206 1112 204 1112 202 1112 42 1116 42 1154"/></Shape>
            <String CONTENT="&amp; Anabaptiſtas refutant, &amp; Α’ναρχικὸς homines," HPOS="42" VPOS="1112" WIDTH="864" HEIGHT="66" WC="0.9930088558095567"/>
          </TextLine>
          <TextLine ID="line_23" TAGREFS="LT8" BASELINE="45 1202 910 1204" HPOS="44" VPOS="1164" WIDTH="867" HEIGHT="58">
            <Shape><Polygon POINTS="45 1202 44 1214 50 1220 50 1221 51 1221 52 1221 54 1221 111 1221 111 1221 112 1221 114 1221 122 1215 264 1221 264 1221 266 1221 290 1215 350 1221 351 1221 568 1215 880 1222 882 1222 882 1222 909 1215 910 1204 908 1178 746 1178 741 1174 730 1166 729 1166 728 1166 672 1166 672 1166 670 1166 669 1166 660 1173 654 1178 572 1176 568 1172 561 1167 561 1166 561 1166 560 1166 558 1166 556 1166 536 1172 530 1173 526 1172 508 1166 507 1166 506 1166 506 1166 480 1172 450 1166 448 1166 447 1166 446 1166 438 1172 429 1178 369 1178 352 1170 333 1164 333 1164 261 1164 260 1164 258 1164 246 1168 234 1174 216 1168 207 1166 206 1166 204 1166 202 1166 195 1168 174 1174 147 1168 146 1168 144 1168 129 1173 114 1167 104 1164 104 1164 102 1164 45 1166 45 1202"/></Shape>
            <String CONTENT="qui omne diſcrimen perſonarum ſublatum, o¬" HPOS="44" VPOS="1164" WIDTH="867" HEIGHT="58" WC="0.9995484863008771"/>
          </TextLine>
          <TextLine ID="line_24" TAGREFS="LT8" BASELINE="44 1251 837 1256" HPOS="42" VPOS="1210" WIDTH="795" HEIGHT="62">
            <Shape><Polygon POINTS="44 1251 42 1260 74 1269 74 1269 75 1269 208 1263 242 1270 243 1270 339 1270 339 1270 340 1270 342 1270 350 1264 374 1270 375 1270 376 1270 412 1264 420 1270 422 1270 423 1270 424 1270 462 1264 514 1270 516 1270 627 1266 640 1272 640 1272 642 1272 644 1272 668 1266 696 1272 698 1272 698 1272 699 1272 708 1266 716 1272 717 1272 718 1272 720 1272 836 1264 837 1256 836 1227 771 1227 771 1226 753 1215 753 1215 752 1215 729 1215 728 1215 728 1215 726 1215 726 1215 716 1224 714 1227 640 1227 634 1222 620 1214 618 1214 616 1214 537 1214 536 1214 534 1214 516 1221 512 1224 504 1221 478 1214 477 1214 476 1214 444 1220 428 1215 426 1215 424 1215 424 1215 423 1215 412 1221 408 1224 302 1224 290 1220 276 1215 274 1215 273 1215 272 1215 260 1220 252 1221 246 1220 231 1210 230 1210 228 1210 228 1210 208 1218 202 1221 188 1218 147 1210 147 1210 44 1215 44 1251"/></Shape>
            <String CONTENT="mnéſque humanas politias abolitas vellent." HPOS="42" VPOS="1210" WIDTH="795" HEIGHT="62" WC="0.9880767007206761"/>
          </TextLine>
        </TextBlock>
        <TextBlock HPOS="42" VPOS="1271" WIDTH="871" HEIGHT="542" ID="block_6" TAGREFS="BT3408">
          <Shape><Polygon POINTS="42 1271 914 1271 914 1813 42 1813 42 1271"/></Shape>
          <TextLine ID="line_25" TAGREFS="LT8" BASELINE="90 1299 909 1305" HPOS="88" VPOS="1257" WIDTH="820" HEIGHT="69">
            <Shape><Polygon POINTS="90 1299 88 1314 298 1318 300 1318 339 1314 360 1312 381 1314 446 1322 447 1322 448 1322 450 1322 460 1314 480 1320 482 1320 483 1320 530 1314 542 1314 549 1314 602 1323 603 1324 693 1324 693 1323 730 1314 732 1314 768 1324 770 1324 771 1326 834 1326 834 1324 836 1324 837 1324 850 1316 890 1324 891 1324 892 1324 908 1314 909 1305 908 1270 842 1262 840 1262 838 1262 838 1262 826 1270 825 1270 778 1270 777 1270 744 1260 742 1260 680 1260 678 1260 678 1260 646 1269 644 1269 636 1269 524 1258 524 1258 458 1260 456 1260 456 1260 448 1268 447 1268 422 1258 420 1258 418 1258 418 1258 396 1266 309 1258 308 1258 262 1266 258 1266 258 1266 252 1260 252 1258 250 1258 249 1258 192 1257 190 1257 190 1257 166 1264 166 1264 164 1264 117 1258 117 1258 90 1264 90 1299"/></Shape>
            <String CONTENT="Ait Paulus οι υπὸ ζυγὸν, id eſt, Qui ſub iugo ſunt," HPOS="88" VPOS="1257" WIDTH="820" HEIGHT="69" WC="0.9652795347402681"/>
          </TextLine>
          <TextLine ID="line_26" TAGREFS="LT8" BASELINE="42 1348 908 1354" HPOS="42" VPOS="1308" WIDTH="866" HEIGHT="64">
            <Shape><Polygon POINTS="42 1348 42 1364 351 1362 357 1364 360 1368 362 1368 363 1368 363 1368 364 1368 374 1364 381 1362 399 1364 434 1370 435 1370 436 1370 456 1364 462 1364 546 1364 586 1364 746 1372 747 1372 888 1371 890 1371 906 1364 908 1354 906 1326 870 1317 870 1317 826 1323 820 1324 819 1323 807 1314 806 1314 804 1314 802 1314 801 1314 780 1323 777 1324 736 1324 726 1322 714 1318 712 1318 711 1318 675 1320 642 1323 638 1320 633 1317 632 1317 630 1317 628 1317 614 1320 596 1323 579 1320 550 1311 549 1311 549 1311 548 1311 530 1318 526 1320 524 1318 510 1311 508 1311 450 1311 448 1311 447 1311 430 1316 418 1320 405 1316 382 1310 382 1310 381 1310 380 1310 369 1314 358 1320 252 1314 252 1314 216 1320 160 1320 142 1311 138 1308 136 1308 135 1308 42 1308 42 1348"/></Shape>
            <String CONTENT="Iugi voce notare voluit Paulus duram ipſam &amp;" HPOS="42" VPOS="1308" WIDTH="866" HEIGHT="64" WC="0.9929292947053909"/>
          </TextLine>
          <TextLine ID="line_27" TAGREFS="LT8" BASELINE="42 1396 910 1402" HPOS="42" VPOS="1359" WIDTH="868" HEIGHT="62">
            <Shape><Polygon POINTS="42 1396 42 1406 64 1413 66 1413 68 1413 206 1407 246 1416 248 1416 249 1416 250 1416 258 1410 290 1414 290 1414 334 1408 416 1408 432 1418 434 1418 435 1418 486 1410 600 1419 602 1419 736 1413 752 1419 753 1419 753 1420 885 1420 885 1419 886 1419 909 1412 910 1402 910 1376 864 1376 864 1376 840 1364 838 1364 838 1364 837 1364 820 1372 762 1376 740 1376 736 1376 705 1364 704 1364 704 1364 639 1374 634 1374 614 1374 540 1371 530 1364 530 1362 530 1362 528 1362 464 1362 462 1362 462 1362 428 1372 424 1372 418 1372 333 1362 333 1362 258 1370 219 1359 218 1359 216 1359 216 1359 178 1370 117 1359 117 1359 42 1370 42 1396"/></Shape>
            <String CONTENT="miſeram ſeruorum conditionem, &amp; tanquam i¬" HPOS="42" VPOS="1359" WIDTH="868" HEIGHT="62" WC="0.9980131288369497"/>
          </TextLine>
          <TextLine ID="line_28" TAGREFS="LT8" BASELINE="42 1444 910 1450" HPOS="40" VPOS="1404" WIDTH="870" HEIGHT="63">
            <Shape><Polygon POINTS="42 1444 40 1454 112 1461 114 1461 116 1461 130 1455 236 1461 237 1461 362 1456 398 1464 399 1464 537 1458 560 1464 561 1464 736 1467 738 1467 909 1460 910 1450 909 1420 870 1420 870 1419 858 1408 856 1408 855 1408 854 1408 804 1419 800 1420 746 1420 742 1419 720 1407 718 1407 717 1407 716 1407 688 1419 686 1419 684 1419 654 1407 652 1407 651 1407 650 1407 622 1418 618 1419 502 1419 500 1416 480 1406 478 1406 477 1406 476 1406 446 1416 441 1418 438 1416 424 1406 423 1406 422 1406 388 1406 356 1406 354 1406 352 1406 351 1406 340 1414 339 1416 336 1414 306 1406 304 1406 303 1406 240 1406 238 1406 237 1406 228 1413 225 1416 178 1416 176 1413 165 1404 164 1404 162 1404 160 1404 159 1404 138 1413 132 1414 118 1413 68 1404 66 1404 64 1404 42 1412 42 1444"/></Shape>
            <String CONTENT="ſtius detrectationis ſeruitutis cauſam. Itaque ſtu¬" HPOS="40" VPOS="1404" WIDTH="870" HEIGHT="63" WC="0.9915294740714279"/>
          </TextLine>
          <TextLine ID="line_29" TAGREFS="LT8" BASELINE="42 1492 912 1498" HPOS="42" VPOS="1454" WIDTH="870" HEIGHT="63">
            <Shape><Polygon POINTS="42 1492 42 1504 117 1512 117 1512 222 1506 261 1514 262 1514 296 1508 328 1514 330 1514 590 1509 597 1515 598 1515 598 1515 600 1515 688 1509 736 1516 738 1516 910 1509 912 1498 912 1461 822 1456 820 1456 820 1456 810 1461 788 1468 710 1468 696 1461 696 1460 694 1460 693 1460 692 1460 686 1461 650 1467 606 1461 576 1455 490 1455 489 1455 488 1455 478 1461 466 1466 441 1461 435 1460 434 1460 432 1460 432 1460 432 1461 422 1467 363 1467 354 1461 346 1455 345 1455 345 1455 344 1455 342 1455 340 1455 333 1461 324 1466 237 1466 231 1461 224 1454 222 1454 222 1454 129 1454 129 1454 128 1454 126 1454 117 1461 110 1464 102 1461 88 1454 87 1454 86 1454 42 1460 42 1492"/></Shape>
            <String CONTENT="det ipſis ſeruorum querelis obuiam ire, quaſi di¬" HPOS="42" VPOS="1454" WIDTH="870" HEIGHT="63" WC="0.9850859982626778"/>
          </TextLine>
          <TextLine ID="line_30" TAGREFS="LT8" BASELINE="42 1542 910 1548" HPOS="42" VPOS="1503" WIDTH="868" HEIGHT="63">
            <Shape><Polygon POINTS="42 1542 42 1550 166 1560 168 1560 351 1560 351 1560 370 1556 384 1554 418 1557 472 1562 474 1563 530 1563 530 1562 531 1562 537 1558 546 1554 567 1560 586 1563 588 1563 616 1560 654 1556 687 1560 702 1563 704 1563 711 1562 736 1556 744 1562 746 1562 746 1562 747 1562 748 1562 796 1557 808 1563 812 1564 813 1564 814 1566 909 1566 910 1548 906 1508 878 1516 812 1516 800 1508 798 1508 796 1508 795 1508 795 1508 772 1515 744 1508 736 1506 735 1506 726 1508 694 1514 669 1508 660 1506 660 1506 658 1506 657 1506 656 1508 645 1515 598 1508 585 1506 584 1506 572 1508 537 1514 512 1509 496 1504 495 1504 478 1509 453 1514 436 1509 424 1504 424 1504 423 1504 422 1504 410 1509 393 1514 387 1509 382 1504 382 1504 382 1504 381 1504 380 1504 358 1509 342 1514 252 1514 244 1509 237 1504 236 1504 234 1504 234 1504 208 1509 196 1510 195 1509 188 1503 186 1503 184 1503 147 1503 147 1503 146 1503 144 1503 136 1509 134 1510 42 1510 42 1542"/></Shape>
            <String CONTENT="ceret, De hoc maximè cõquerimini quòd iugum" HPOS="42" VPOS="1503" WIDTH="868" HEIGHT="63" WC="0.9994166273137798"/>
          </TextLine>
          <TextLine ID="line_31" TAGREFS="LT8" BASELINE="44 1592 910 1594" HPOS="42" VPOS="1551" WIDTH="868" HEIGHT="62">
            <Shape><Polygon POINTS="44 1592 42 1602 336 1611 338 1611 620 1605 632 1612 633 1612 634 1612 634 1612 678 1606 870 1612 872 1612 909 1605 910 1594 909 1564 864 1562 852 1554 850 1554 850 1554 849 1554 848 1554 846 1554 831 1563 810 1554 808 1554 808 1554 702 1563 694 1563 693 1563 682 1554 681 1554 680 1554 678 1554 588 1562 550 1552 549 1552 530 1552 530 1552 528 1552 526 1552 514 1562 514 1563 446 1563 444 1562 429 1552 428 1552 426 1552 363 1552 363 1552 362 1552 334 1562 333 1562 327 1562 279 1552 278 1552 278 1552 252 1560 234 1551 234 1551 232 1551 182 1560 178 1562 140 1562 138 1560 129 1552 129 1551 128 1551 126 1551 124 1551 44 1560 44 1592"/></Shape>
            <String CONTENT="veſtrum durum eſt, &amp; conditio miſera, quia ſer¬" HPOS="42" VPOS="1551" WIDTH="868" HEIGHT="62" WC="0.9712460649774429"/>
          </TextLine>
          <TextLine ID="line_32" TAGREFS="LT8" BASELINE="42 1640 909 1644" HPOS="40" VPOS="1599" WIDTH="868" HEIGHT="60">
            <Shape><Polygon POINTS="42 1640 40 1653 906 1659 909 1644 906 1604 795 1604 795 1604 780 1611 753 1604 752 1604 750 1604 748 1604 729 1611 710 1604 708 1604 706 1604 704 1604 672 1610 648 1604 644 1602 642 1602 598 1602 597 1602 596 1602 594 1602 592 1604 584 1611 530 1611 518 1604 513 1602 512 1602 512 1602 510 1602 502 1604 480 1610 464 1604 456 1600 456 1600 454 1600 414 1602 412 1602 412 1602 410 1604 402 1610 363 1604 352 1604 351 1604 351 1604 350 1604 348 1604 339 1610 192 1610 184 1604 178 1602 177 1602 176 1602 147 1604 116 1608 111 1604 104 1599 104 1599 102 1599 100 1599 42 1604 42 1640"/></Shape>
            <String CONTENT="uilis. Hoc concedo ait Paulus, ſed quia dominus" HPOS="40" VPOS="1599" WIDTH="868" HEIGHT="60" WC="0.987828163390464"/>
          </TextLine>
          <TextLine ID="line_33" TAGREFS="LT8" BASELINE="42 1688 909 1694" HPOS="40" VPOS="1647" WIDTH="868" HEIGHT="68">
            <Shape><Polygon POINTS="42 1688 40 1700 216 1710 216 1712 280 1712 280 1710 282 1710 284 1710 292 1704 354 1710 356 1710 388 1702 434 1712 435 1712 735 1706 854 1714 855 1714 908 1706 909 1694 908 1664 843 1656 842 1656 840 1656 826 1660 804 1653 802 1653 801 1653 766 1659 736 1652 735 1652 734 1652 681 1659 651 1653 650 1653 648 1653 630 1660 628 1660 604 1652 604 1652 603 1652 602 1652 582 1660 580 1660 570 1653 568 1653 567 1653 567 1653 500 1659 498 1659 476 1650 474 1650 474 1650 396 1659 388 1659 388 1659 366 1648 364 1648 363 1648 363 1648 362 1648 348 1659 297 1648 296 1648 236 1654 213 1647 212 1647 210 1647 166 1658 166 1658 165 1658 104 1647 104 1647 42 1656 42 1688"/></Shape>
            <String CONTENT="ipſe vos ijs ſubiecit, &amp; iugum hoc vobis impo¬" HPOS="40" VPOS="1647" WIDTH="868" HEIGHT="68" WC="0.9818978555824446"/>
          </TextLine>
          <TextLine ID="line_34" TAGREFS="LT8" BASELINE="39 1736 906 1743" HPOS="38" VPOS="1696" WIDTH="868" HEIGHT="64">
            <Shape><Polygon POINTS="39 1736 38 1746 75 1755 76 1755 146 1749 147 1749 150 1749 184 1756 184 1756 369 1752 424 1752 446 1754 495 1758 496 1758 554 1755 594 1752 614 1756 634 1760 634 1761 904 1761 906 1743 906 1714 796 1714 795 1713 783 1702 782 1702 780 1702 778 1702 741 1707 716 1701 714 1701 645 1701 644 1701 642 1701 640 1701 626 1710 624 1712 622 1710 610 1700 610 1700 609 1700 570 1700 568 1700 567 1700 538 1708 531 1710 518 1708 472 1701 471 1701 418 1707 416 1707 414 1707 406 1700 406 1698 405 1698 404 1698 381 1698 380 1698 378 1698 376 1698 366 1706 362 1708 344 1706 304 1696 303 1696 272 1704 252 1708 153 1706 147 1702 141 1698 141 1698 140 1698 138 1698 122 1702 98 1707 74 1701 56 1696 56 1696 54 1696 52 1696 39 1700 39 1736"/></Shape>
            <String CONTENT="ſuit, æquo animo ferendum eſt. Nam cùm vos" HPOS="38" VPOS="1696" WIDTH="868" HEIGHT="64" WC="0.9767658738202827"/>
          </TextLine>
          <TextLine ID="line_35" TAGREFS="LT8" BASELINE="40 1785 903 1791" HPOS="39" VPOS="1744" WIDTH="864" HEIGHT="75">
            <Shape><Polygon POINTS="40 1785 39 1800 86 1808 86 1808 178 1802 212 1814 213 1814 214 1814 278 1806 304 1814 306 1814 308 1815 357 1815 357 1814 357 1814 358 1814 369 1808 384 1815 386 1815 387 1816 446 1816 446 1815 489 1806 516 1815 518 1815 518 1815 580 1806 648 1806 663 1814 664 1814 666 1814 728 1806 741 1818 742 1818 744 1818 746 1820 782 1820 782 1818 783 1818 783 1818 801 1808 846 1808 874 1816 876 1816 876 1816 878 1816 902 1806 903 1791 902 1758 844 1749 844 1749 843 1749 842 1749 831 1756 752 1749 750 1749 748 1749 728 1756 726 1756 722 1756 681 1750 680 1750 608 1755 579 1756 574 1754 555 1746 555 1746 554 1746 480 1752 392 1746 390 1746 388 1746 372 1752 364 1754 340 1752 276 1746 219 1746 218 1746 216 1746 207 1750 201 1754 154 1754 148 1750 138 1744 136 1744 135 1744 135 1744 123 1749 117 1752 40 1749 40 1785"/></Shape>
            <String CONTENT="dominus ipſe depreſſerit, alios autem vobis im¬" HPOS="39" VPOS="1744" WIDTH="864" HEIGHT="75" WC="0.9822809848379581"/>
          </TextLine>
        </TextBlock>
      </PrintSpace>
    </Page>
  </Layout>
</alto>
