1500 2172
314 147 297 28 CAPVT VI.

903 108 46 75 724

88 178 828 52 ne inſanos Aſtrologos iudiciarios probemus.

674 1779 94 72 H.ij.

135 225 819 58 Solus) Hoc ipſum primùm non excludit, neq;

92 273 866 60 tollit regna politica. Sunt enim & ea ipſa à Deo.

90 321 866 56 Itaque quando ſubalterna ſeſe mutuò non euer¬

87 369 868 60 tunt :rectè & Deus ſolus rex agnoſci poteſt, &

86 422 873 58 reges etiam terreni pro regibus à nobis agno¬

86 468 870 62 ſcuntur, quia eos nobis ipſe præpoſuit, quaſi ſuos

78 518 878 60 in his terris vicarios & legatos in ijs. quæ ad vitæ

86 568 873 54 huius terrenæ rationem pertinent. Deinde, quod

86 612 870 64 dicit Paulus, Solus, etſi ad patrem referri videtur,

86 662 872 62 non excludit tamen filium, vel Spiritum ſanctũ,

86 711 870 66 ſed in perſona patris contrahit, & proponit, quæ

88 759 866 64 generaliter in tota diuina eſſentia ſunt nobis me¬

86 807 870 63 ditanda & conſyderanda, quia de filio mentionẽ

86 855 870 64 fecit Paulus, tanquam de homine. Nam de Dei¬

86 902 868 68 tate Filij quid ſentiat idem Paulus extat luculen¬

86 954 867 57 tiſſimè ſcriptum Romanor.9. verſ.5. Atque hæc

86 1004 864 62 ſolutio ad ſequentem verſiculum etiam eſt accõ¬

87 1084 202 26 modanda.

178 1098 770 80 6 Qui ſolus habet immortalitatem,

86 1172 866 72 lucem habitans inacceſſam, quem vidit ne¬

86 1232 862 68 mo hominũ, neque videre potest: cui bonor

87 1288 570 62 & robur æternum. Amen.

129 1338 824 57 Εʹ̓πεξεργασία eſt, & valde neceſſaria commora¬

86 1388 864 62 tio in imperueſtigabili Dei maieſtate explican¬

88 1437 867 62 da, atque ſupra omnem rerum tum viſibilium,

87 1484 864 58 tum etiam inuiſibilium, dignitatem & eminen¬

87 1532 866 63 tiam euehenda. Etſi verò Exod.34.v.6. pulchra

90 1581 862 64 quorundam Dei attributorum enumeratio con¬

88 1629 868 58 tinetur, & Pſalm.5o. tamen quæ hoc loco reci¬

88 1682 867 58 tantur, longè ſplendidius atque apertius, quàm

92 1728 861 74 vllus alius ſcripturæ locus, Dei ἰξοχιὼ & præſtã¬
