1500 2172
540 146 84 39 645

687 123 591 56 AD I. PAVL. AD TIM.

530 166 866 69 dantia bonorum terrenorum hîc promittitur

530 224 867 69 nobis ea, vt nulla re egeamus, aut nunquam pre¬

531 273 862 64 mamur: ſed potius copia bonorum ſpiritualium

530 320 868 60 hîc notatut, & ſignificatur. Aliter enim pietas

530 372 870 63 dicitur quæſtus & lucrum, quàm auari opinentur

531 418 870 63 & alias opes affert quàm terrenas, nimirum cœ¬

532 468 867 64 leſtes & ſpirituales. Præterea quæ inopia & pe¬

531 516 870 63 nuria à pijs ſentitur nonnunquam, ea planè illis

532 561 867 68 ipſis ſalutaris eſt. Cedit enim illis bono, nimirum

531 612 866 68 ad fidei probationem, cæleſtis vitæ meditatio¬

534 664 867 62 nem, ſeriam pœnitentiam, & ad mundi huius o¬

536 712 866 63 dium & abrenuntiationem meditandam. Ergo

532 759 867 66 pietas alius eſt quæſtus, quàm terrenus: alia quo¬

534 807 867 62 que eſt abundantia & ἀυτάρκεια, quàm vt nihil hîc

534 861 862 58 omnino, aut nunquam nobis deſit, quoad corpo¬

530 904 872 60 ris huius commoditatem ac victum. Nonnunquã

530 951 872 60 enim deeſt, ſed quod deeſt, tamen veras diuitias

530 999 872 63 nobis non adimit, quia ſumus eo ipſo, quod adeſt,

532 1048 868 62 contenti, Bernard.ſermo. 4. in Pſalm. Qui habi¬

531 1098 868 66 tat. Erſi non dat ad ſa ietatem Deus, dat ad ſuſtenta¬

531 1148 867 62 tionem. Magnam ſuis dat penuriam, ne multitu¬

531 1197 868 62 dine prægrauentur. Idem ſermo.5. in eundẽ Pſal.

531 1245 870 56 eodem modo ſcribit. Sic interpretor quod eſt

532 1292 868 66 Pſalm.37. verſ.25. Puer fui, etiam ſenui, nec vidi iu¬

530 1340 873 66 ſtum derelictum, nec ſemen eius quærens panem. Quid

532 1392 870 62 enim de Lazaro diceremus, de quo eſt apud Luc.

532 1440 870 58 16.quem abiectiſsimum mendicum, & Iro pau¬

537 1486 866 56 periorem fuiſſe ſcriptura ſacra teſtatur? Quid de

537 1536 862 62 Dauide ipſo fugiente & famelico 1. Samuel.21?

536 1586 868 56 Sentiunt igitur etiam pij & fideles inopiam ter¬

532 1635 873 58 renorum bonorum, ſed eam, quæ longè illis ſalu¬

536 1684 868 58 tarior ſit, quàm copia vel abundantia, & quæ (vti

531 1730 870 81 dixi) meliores verioréſque illis opes minimè adi¬

1322 1784 84 68 mit
