1500 2172
540 159 76 42 508

692 135 567 54 AD I. PAVL. AD TIM.

568 178 824 70 Animus autem eligentium erit ſyncerus, ſi

520 234 868 68 neque Auaritia (Bracarenſi Synodo 3. cap.6.) Fa¬

524 285 867 58 uore, Ambitione, vi & armis & carnali aliquo

520 330 872 64 affectu ad electionem progrediãtur, vel impellã¬

520 380 870 58 tur qui ferunt ſuffragia: ſed ſolam Dei gloriam, &

519 430 866 60 Eccleſiæ vocantis ædificationem ſpectent, ſibíq;

522 480 609 62 pro ſcopo verè animo proponant.

567 522 816 58 Ieiunium etiam publicè indici ſolitum fuiſſe,

518 573 866 60 cùm fiebat aliqua Eccleſiaſtica electio, teſtatur

519 624 866 60 Bernard.epiſtola 202. Et certè quatuor illa tem¬

524 675 861 63 pora, quæ dicuntur in Papatu (quibus publicum

507 724 878 60 ieiunium toti Eccleſiæ indictum eſt) erant eæ an¬

518 770 864 63 ni tempeſtate, squibus paſſim & publicè in to¬

513 818 872 63 ta Eccleſia electiones Eccleſiaſticorum munerũ

516 867 866 64 celebrari cum precibus & ieiunio ſolebant. Ap¬

512 914 870 64 paret ex can. Ordinationes diſt. 75. atq; etiã ex

512 964 873 64 eo quod clericis adhuc hodie in Papatu Epiſcopi

508 1012 873 66 ordines quos vocant conferunt illo tẽpore, quic¬

512 1058 867 64 quid aliter Leo, & Calixtus ſentiant & ſcribant,

510 1110 868 60 in canone Ieiunium & cano. Huius obſeruantiæ

512 1156 210 64 diſtinct.76.

580 1200 795 70 Poſt Presbyterij electionem & populi ap¬

508 1251 867 69 probationem, olim quidem (vt ex Cypria. lib.2.

510 1302 866 66 epiſtola 1I. apparet) qui electus fuerat publico

507 1353 868 62 ſcripto propoſito publicè ſignificabatur, vt ſi

510 1400 864 63 quod eſſet impedimentum, quod obiici poſſet,

506 1446 870 64 intelligeretur. Hoc malè prætermiſſum eſt hoc

507 1494 866 66 tẽpore. Poſt talem igitur electionem ordinatio

506 1544 870 60 ſiue confirmatio, ſiue manuum impoſitio fieri

506 1592 868 60 ſolebat electo. His enim tot nominibus vna res

508 1641 622 62 & eademappellata eſt à veteribus.

550 1684 822 63 Eſt autem ordinatio hæc ipſius electæ atque

501 1737 868 75 approbatæ perſonæ in munus illud, ad quod ido¬
