1500 2172
525 162 93 66 246

684 129 573 84 AD I. PAVL. AD TIM.

640 406 272 58 Crucem ferre.

582 436 816 81 6 Prædicare ad populum Euangelium, &

538 498 417 72 Apoſtolicas Epiſtolas.

648 572 363 34 Officium precandi.

584 584 819 80 8 Exhortatur & iubet populum clamare ad

537 633 866 78 Deum, & ad eum cor & aures erigere & habere.

558 687 844 74 Vnde hic ordo inter ſacros præcipuè refertur,

540 734 866 80 tum propter materiam (aiunt Cañoniſtæ) quam

540 782 861 78 tractat (eſt autẽ Euchariſtia) tum propter ipſam

540 826 866 84 inſtitutionis formam, quæ in Papatu magnas

544 894 357 62 cæremonias habet.

588 924 831 81 Cùm verò tanta complecteretur hoc vnum

543 970 870 84 Diaconorum munus, vt penè reliquas omnes di¬

546 1023 870 80 gnitates Eccleſiaſticas abſorberet, contentiones

549 1070 862 81 variæ natæ ſunt, & cogitatũ eſt, de hoc officio in¬

550 1118 864 80 tra certos quoſdã cancellos & limites coercẽdo,

554 1166 861 84 Itaque Synodis conſtitutum eſt, vt Diaconi in

554 1215 864 86 poſterum neque calicem benedicerent, neque

555 1268 870 82 corpus Chriſti ofrerrent ;iten neque præcinerẽt.

555 1312 866 86 populo, id eſt, cantum publicum moderarentur,

556 1364 862 80 nec ea tractarent & vſurparẽt, quæ primis ſupe¬

558 1413 864 76 riorioui jue ordinibus ſunt decreta. Id quod ex

558 1458 862 84 concilijs Laodicenſi & Chartaginenſi apparet,

560 1504 860 86 & eſt relatum in cano. Non oportet & ſeq. diſt.

564 1564 458 76 93. cano. In ſancta diſt 92.

604 1604 820 74 Denique Durandus anxiè verſat hanc quæ¬

560 1647 866 86 ſtionem. in lib.4. Sententiarũ P. Lombardi diſt.

562 1700 866 82 13. quæſt. 4. Vtrum ad Diaconum pertineat Eu¬

564 1746 867 90 chariſtiam populo miniſtrare, tam multa abſur¬

1250 1792 182 72 da conſe¬

524 213 334 64 te, patena, calice.

528 339 96 44 tare.

634 234 760 90 Oblationes inferre & diſponere ſuper al¬

580 338 818 82 4 Componere & ſternere menſam Domini
