1500 2172
357 166 262 30 CAPVT V.

882 142 51 78 124

62 188 874 90 deſtitutæ bonis, & aliis auxilijs ab ipſa Eccleſia

64 250 432 58 aluntor, & exhibentor.

111 296 818 69 Hos tres canones ex tota hac diſputatione

63 345 868 69 colligimus. Ac quidem duos ex hoc verſiculos

64 396 867 66 nempe 1. & 3. Secundum autem canonem ex ſe¬

63 444 868 68 quenti verſiculo, qui eſt 4. Tίμα Hebræorum mo¬

62 495 870 66 re dictum eſt, vti in præcepto quarto Honora pa¬

62 546 870 60 trem & matrem, qua voce non tantùm reueren¬

62 590 870 64 ter & ſollicitè curandas eſſe viduas à paſtore in¬

62 639 870 66 telligimus, ſed etiam alendas ab Eccleſia, & ex¬

58 686 873 66 hibendas, ſi aliunde nõ poſſint ſe ſuſtentare. Hoc

60 738 868 64 idem præceptum transferri ad vniuerſum paupe¬

58 786 873 64 rum fidelium genus & poteſt & debet, qui ſi à ſuis

63 832 868 64 poſſunt, debent ali ſine onere Eccleſiæ: ſin mi¬

62 880 866 69 nus, ab Eccleſia. Debet enim inter nos ea vigere

62 948 864 48 charitas & tanta, vt nemo inter nos egeat, quem¬

58 980 867 68 admodum Dominus ipſe præcepit, neque ſit mẽ¬

60 1026 866 68 dicus Deut.15. verſ. 4. non quidem vt pauperes

62 1076 864 66 qui ſunt eiiciantur: ſed vt alantur à nobis & ſub¬

60 1122 180 60 leuentur.

117 1167 804 69 Vnde ſicolim etiam nondum planè corruptis

57 1216 864 72 Eccleſiæ Romanæ moribus à Gelaſio primo cõ¬

56 1268 866 68 ſtitutum fuit, vt ex omnibus Eccleſiæ reditibus

56 1317 868 70 fierent quatuor partes (in quibus ipſis etiam fi¬

57 1368 864 64 delium oblationes continebantur) ex quibus v¬

56 1413 864 72 na tantùm pars erat Epiſcopi:ſecunda clericorũ:

56 1466 861 64 tertia inſolidum pauperum, quarta verò fabricæ

56 1515 864 63 templi applicanda, quemadmodum relatum eſt

60 1563 850 64 in cano. Quatuor autem & can.ſeq.12. quæſt.2.

54 1610 862 68 Adeò vt Bernard. epiſt. 348. velit etiam ſacros

52 1656 862 70 Eccleſiæ calices vendi & diſtrahi, vt pauperibus

50 1708 867 68 ſuecurratur. Quod antea fecerat quoque Exupe¬

52 1755 864 84 rius Tholoſanus Epiſcopus, vt Hierony. ſcribit,
