1500 2172
106 172 866 80 tantùm fungi ſuo munere: non denique pro ſua

106 234 862 62 tantùm commoditate inſeruire eccleſiæ: ſed ma¬

110 285 856 57 gno animi zelo, totíſque & animi & corporis viri

108 338 858 56 bus incumbere, vt optimam muneris ſui rationẽ

108 378 854 60 Deo reddere poſsint. adeò vt ſæpè de ſe teſtetur

110 426 855 60 Paulus ſe nõ tin laboraſſe, ſed etiam laſſitudinẽ,

110 476 852 57 quaſi exhauſtis viribus, paſſum eſſe, tantæ ærũnæ

106 525 855 60 corporis in eo faciendo nimirum ſæpe ſunt (vt 2.

111 572 855 60 Theſ.3.ver.8. docet ipſe) perferendę, ne ſint muti

104 622 858 52 canes, vt ait Iſaias. Sed & laborarè in ſermone &

104 668 861 64 Doctrina, non qualibet, ſed cœleſti & Euãgelica

104 723 858 56 iidem iubentur, per quam homines adveramn ag¬

104 766 861 63 nitionem Dei deducant. Quidam ſermonem pro

102 818 860 58 exhortationibus accipiunt. Doctrinam pro ipſa

104 866 856 60 traditione methodica cœleſtis myſterij Quod v¬

100 910 861 63 trunque fit concionando. Optimè Chryſoſto.

106 958 852 64 qui docet exigi à paſtore his verbis, vt Prédicet,

106 1010 849 63 doceat, & concionetur: non tantũ vt ſtudeat & vr

108 1056 802 62 operam det priuatim Dei verbo, illúdque n

102 1106 818 64 ditetur & ſpeculetur ipſe, vel vt vité ſanct? „

104 1154 837 68 plo gregem ſuum inſtituat. Docere igitur det

100 1206 858 62 paſtor, & eatenus officium facit, quatenus viua vo

98 1252 860 64 ce illud exponit. Ite, ait Chriſtus, docete. Ergo qui

98 1302 860 62 abſunt a ſuo grege: qui in grege ipſo muti ſunt:

99 1348 858 64 qui etſi per alios docent, ipſi nunquam id faciunt,

98 1401 861 54 omnino ſunt indigni nomine Paſtorum & Pres¬

98 1444 860 66 byterorum: & duplici illo honore, de quo agit

98 1492 464 66 hoc loco Paulus, priuandi

418 150 252 39 CAPVT V.

884 110 69 87 464

147 1562 813 80 18 Dicit enim Scriptura, Boui triturãti

98 1629 862 68 nõ obligabis os. Et, Dignus eſt operarius mer¬

98 1678 204 70 cede ſua.

147 1728 810 78 Αιτιολovα eſt, in qua tertium caput éontinetue

730 1788 96 63 u.iij¬
