1500 2172
532 128 106 60 300

530 178 872 76 bus fidei, bonæque doctrinæ, quam aſſectatus

536 264 63 40 es.

573 318 826 66 Παράκλησις & exhortatio, per quam quæ de

528 372 870 58 paſtoris officio & vera doctrina contra hæreſes

528 420 867 58 tuenda in vniuerſum dixit, applicat ad Timoth.

526 470 872 60 Sic enim nobis agendum eſt, vt quæ funt noſtri

525 520 872 58 muneris diligenter perpẽdamus, & ex ijs intelli¬

528 568 868 62 gamus, vtrum fungamur officio. Duo verò præ¬

530 618 866 60 cipit Paulus I.vt ſuperiorem doctrinam Timot.

524 664 872 63 ſuggerat, 2 vt fratribus ipſis. Suggerere (inquit

526 714 870 63 Chryſoſtomus) eſt frequenter proponere. Vti

525 768 870 56 enim cibis quotidie ad paſtum corporis egemus:

524 810 872 60 ſic Dei verbo & ſana doctrina ad pabulum ani¬

525 860 870 58 mi, vt ſemel ſanam doctrinam propoſuiſſe non

524 912 868 56 fit fatis:neq; odiola cenſeri debeat huius doctri¬

519 954 876 58 næ tã neceſſariæ & ſalutaris repetitio, vt eſt 2.Pet.

522 1004 872 60 I.verſ.12. & 3.verſ.1. cùm Sathanæ impetus in op¬

526 1052 866 64 pugnanda Dei doctrina nunquam fatiſcat & cõ¬

525 1106 172 57 quieſcat.

700 118 566 72 AD I. PAVL. AD TIM.

572 1148 819 58 Dixit autem Paulus ὐποτιθέμενος i.ſubiiciens,

520 1198 873 60 vel ſuggerẽs non autẽ imperans, vt obſeruat hoc

520 1245 868 62 loco Chryſ. quòd diſtincta ſit muneris & mini¬

520 1294 867 62 ſterij Eccleſiaſtici ratio à ciuili imperio. Magi¬

516 1344 872 58 ſtratus imperat: denuntiat autẽ tantùm. Miniſter

520 1394 867 58 verbi Dei. Quæ tamen denuntiatio habet con¬

518 1442 867 52 iuncta Dei iudicia & minas, ſi non illi pareatur,

518 1490 867 57 longè omni pœna corporali formidabiliores &

513 1536 867 64 tetriores. Paulus tamẽ 2. Theſſ.3. verſ.12. vtrunq;

516 1587 868 57 coniunxit & imperium & obſecrationem, quia

514 1635 872 66 Domini ipſius nomine agunt Miniſtri Euangeli¬

513 1690 518 52 ci:non autem ſuo & priuato.

552 1731 832 75 Ronus erus miniſter) Duplex exhortationis locus

1203 1785 180 76 nimirum
