1500 2172
368 154 304 36 CAPVT III.

890 123 63 80 280

93 184 867 69 negant. Aliis autem, qui dignitates politicas ſuo

92 243 867 60 Epiſcopatui adiunctas habent, licere putant,

94 288 866 66 propter eas dignitates. Ego verò reſpondeo. Pri¬

90 338 870 62 mùm vitioſè omnino huiuſmodi munera politica

90 387 866 63 annecti & cõiungi cũ Eccleſiaſtico munere, ſiue

93 434 864 66 Epiſcopatu, ſiue Archiepiſcopatu, ſiue alio quo¬

92 480 870 63 libet, cùm diuerſa ſit Eccleſiaſtica diſciplina à

98 530 861 68 politica ſiue ciuili: & ius ſoli, vt vocant, à iure po¬

93 579 867 66 li ſit toto genere differens diuerſum & diſtinguẽ¬

93 628 867 63 dum. Itaque peſſimo fundamẽto & magno pror¬

92 674 868 64 ſus abuſui iſta diſtinctio innititur. Deinde falſum

92 726 870 57 eſt ſimplices Epiſcopos non poſſe intereſſe iuſtis

90 772 868 66 & legitimis præliis, & bellis. Tam enim gregem

92 822 867 64 ſuum ſequi in aduerſis rebus, quàm proſperis, &

92 870 864 64 tam in bello, quàm in pace debent Epiſcopi o¬

92 918 868 66 mnes, qui verè ſuo officio fungi volent, ſi modo

94 966 866 64 per valetudinem id facere ipſi poſſunt. Præterea

93 1012 862 62 cùm iuſta bella ſint Dei ipſius bella, non homi¬

92 1065 866 63 num, vt eſt 2. Chronic. 19. v.7. vti præter Domi¬

90 1113 867 60 ni os, & verbũ ſuſcipi non debent:ita nec ſine eo

90 1161 866 62 adminiſtranda ſunt. Niſi autem adſint paſtores

92 1210 862 62 & miniſtri verbi & oris Dei interpretes, nõ poſ¬

92 1258 867 63 ſunt bella vel ſuſcipi, vel geri confulto Domini

92 1308 868 62 ore. Ergo eos intereſſe iuſtis bellis & expedit &

92 1356 864 63 oportet. Sed & in acie ipſa & prælio verſari poſ¬

90 1404 866 60 ſunt, & dimicare, cùm ſancta & honeſta cauſa

90 1450 866 64 belli ſuſcipiendi fuit, non modo ad reliquum ex¬

88 1503 867 62 ercitum confirmandum, ſed etiam vt Deus ipſe

87 1550 868 62 inuocetur & proteruia inſolentiáque militum

87 1600 866 62 reprimatur. Quare ſunt omnino inepti qui D.

88 1648 866 63 Zuinglium optimum Dei ſeruum & verbi ipſius

88 1698 864 62 præconem egregium damnant, quod in aciem

88 1744 861 80 ȩum hoſtibus deſcendere, illicque dimicare auſus
