1500 2172
748 146 566 58 AD I. TAVE. AD TIM.

561 172 96 44 366

560 190 870 75 pertinent, multa mutant, inſtituunt, corrigunt,

561 240 867 74 figunt & refigunt, ídque iure & prudenter: ita in

561 288 868 75 ipſius diſciplinæ & cenſuræ Eccleſiaſticæ eſſentia

561 339 867 72 immutare & nouare quicquã poſſunt, quia huius

562 384 866 76 diſciplinæ finis, & ſcopus animas ſpectat, & ad

561 435 870 75 earum gubernationem refertur, vtque ad pœni¬

566 484 866 68 tentiam homines adducãtur. Cuius rei cognitio,

566 531 866 74 efficacia, modus, ratio, & iuriſdictio ſolius Dei

567 585 862 70 propria eſt, ei nota & relicta:nullius autem regis

568 628 866 70 aut cœtus mortalium imperio aut prudentiæ cõ¬

567 676 867 75 ceſſa. Ergo immutare ipſius cenſuræ & diſcipli¬

570 728 867 74 næ Eccleſiaſticæ fundamentum (quale eſt, vt ex

572 774 864 74 Ariſtocratica fiat monarchica adminiſtratio Ec¬

573 824 862 70 cleſiæ) nemo homo, quamuis Rex & Imperator

573 868 864 76 poteſt, ac ne vniuerſus quidem ipſius Eccleſiæ

573 918 866 72 cœtus. Accidentalia quidem moderari poſſunt,

573 968 867 72 quæ pertinent ad faciliorẽ iſtius diſciplinæ & cẽ¬

573 1012 866 76 ſuræ vſum vel praxin. Atq;eo ſenſu concedimus

573 1064 870 69 formam diſciplinæ vel cenſuræ Eccleſiaſticæ eã¬

574 1112 868 69 dem in omnibus gentibus conſtitui non poſſe.

579 1160 864 74 Nempe cùm de accidentalibus, non autem eſſen¬

579 1209 864 74 tialibus vel diſciplinæ, vel cenſuræ Eccleſiaſticæ

578 1257 867 75 diſputatur. Nam eſſentialia eadem vbique gen¬

579 1310 864 63 tium in Eccleſijs Dei eſſe debent: accidentalia

579 1353 867 70 mutari & variari ex variis cauſis poſſunt. Ergo ad

580 1400 870 78 plures illud ius, ea cognitio, & poteſtas gerendi

580 1450 868 68 & decernendi & diſpiciendi pertinet. Sed vtrum

579 1498 870 70 ſic ad vniuerſam Eccleſiam, nimirũ, vt ſuffragium

579 1548 872 68 ſinguli de Eccleſiade qualibet re Eccleſiaſtica fe¬

578 1598 872 68 rant, vbi aliquis admonẽdus vel reprehendendus

579 1644 872 72 erit. Reſ. Per ſolos Eccleſiæ ηγεμένος & prepoſitos

578 1695 870 69 eam poteſtatem oportere exerceri, etſi totius

573 1742 878 86 Eccleſiæ communis poteſtas eſt, & in ipſius cœ¬

1371 1788 81 74 tus
