1500 2172
537 120 746 51 404 AD I. TAVL. AD TIM.

531 162 870 70 tiam nobis deſcribunt. Itaque eſt hiclocus ſingu¬

530 214 878 69 laris & egregius, vti & ille, qui eſt ſup.cap.1. verſ.

530 267 872 64 17. qui huie ſimilis eſt. Quatuor autem attributa

530 314 872 62 referuntur hoc verſiculo, nempe. I Quòd ſolus

530 363 867 62 habeat immortalitatem. 2 Quòd lucem inhabi¬

530 424 872 48 cermaccemiauenn 5 oueui nemo vnquã

534 459 862 69 viderit. 4 Quod illi ſoli Honos & gloria de¬

532 510 130 56 betur.

579 556 816 60 Ac primum epitheton excutiamus. Dicitur

530 609 868 58 igitur ſolus Deus habere immortalitatem, ἀθανα¬

530 657 870 60 σίαν dixit Paulus. Immortalitas mortem, tanquã

532 710 864 56 exiſtendi finem, excludere tantũ videtur: non e¬

531 754 866 52 tiam principium exiſtendi remouere. Itaque non

530 801 866 62 ſatis magnificè hoc de Deo videri poteſt Paulus

531 852 862 57 dixiſſe. Neque enim ſequitur, vt quod immorta¬

528 894 870 64 le eſt, ſit æternum cùm multa exiſtendi principiũ

526 946 870 58 habeant, quæ tamẽ minimè ſunt habitura finem.

525 993 873 66 Itaque ἀἶδότητα potius appellant, quàm ἀθανασίαν

525 1044 873 60 illam diuinæ naturæ ὐπαρξν, & exiſtendi modum

534 1092 861 56 vt eſt Hebr.7.verſ.3. Vnde Paulus Romanor. 16.

526 1142 867 56 verſ.26. Deum αιώνιον, id eſt, æternum appellat,

530 1188 866 60 vt eſt Iſai.57.verſ.15. Reſpond. Immortalitatem

525 1236 870 62 propriè hoc loco accipi. Itaque dico eam com¬

524 1284 872 64 plecti æt ernitatem, id eſt, & principium & finẽ

524 1332 872 56 exiſtendi planè ſecludere. Nam quæ immorta¬

524 1384 872 58 lia dicuntur, neque ſunt æterna, illa impropriè

522 1432 873 54 talia ſunt, quia alieno tantùm beneficio, non au¬

522 1480 873 62 tem ſua vi & poteſtate viuunt, ſubſiſtunt, & talia

520 1530 878 57 durant, quemadmodum Angeli, & humanæ ani¬

522 1575 873 57 mæ. Dei enim ſuſtentatione perdurant & ſubſi¬

519 1624 876 60 ſtunt, non ſua ipſorum. Præclarè enim Iræ.lib 4

519 1671 884 63 cap 37. Vita hominis, id eſt, animæ, eſt viſio Dei.

524 1720 868 75 Quod ab eo ſumptum ſæpè recitat Auguſtinus.

1258 1773 134 58 Itaque
