1500 2172
914 123 68 78 362

374 159 266 34 CABVT V.

122 183 856 72 nus.Ac quidem examẽ, quod in paſtore requiri¬

123 240 860 66 tur, eſt fere triplex:fieri enim debet de Doctrina

123 285 856 68 ipſius Vita & moribus, & Aptitudine ad docen¬

122 350 856 56 dum gregem & populum Dei. Id quod ſatis ex

126 386 645 64 Tit. 1.& eadem epiſtola c.3. apparet.

159 436 819 63 Et quia luculentus eſt hic locus, continétque

117 482 861 68 maximum totius Politiæ eccleſiaſticæ caput &

117 534 860 62 pulcherrimum (quod eſt de electione & vocatio

114 579 862 63 ne dignitatum eccleſiaſticarum) de eo nobis bre

112 626 868 63 uiter aliquid arbitramur eſſe dicendum. Habebit

111 690 864 54 aute lic iocus 4 capita ichicer l'Ouid ſit electi

112 726 864 66 2 Qui eligant 3 Quando 4 Quomodo fieri de¬

111 777 864 62 beat electio. In primis autem hoc pro certiſſimo

108 822 700 58 fundamento conſtituatur, nempe quòd

153 870 820 66 Electio vocationem ordinariam præcedere

108 918 862 62 debet, quẽadmodum vocatio ipſa anteit mune¬

105 963 862 70 ris ipſius ſuſceptionem & functionem, ſi modò

105 1017 864 64 bona conſcientia volumus munus aliquod in ec¬

104 1064 866 68 cleſia Dei gerere ac adminiſtrare. Vocationem

104 1116 866 68 autem, de qua nunc agimus, κλησίαν aut χειροτονίαν

104 1174 858 56 potius quàm ὀκλογην appellandam eſſe dicimus,

104 1212 866 68 quòd ὀκλογὴ ad cauſas ſalutis noſtræ pertineat, vti

99 1262 864 66 docet Paul. Rom.11.verſ.5.quæ diſputatio eſt re¬

100 1326 864 46 iliota ab noc argumento. Eit enim vocatio hæc

98 1358 866 66 ſepoſitio deſignatióque tantùm alicuius perſonæ

99 1410 788 63 ad munus aliquod eccleſiaſticum gerendum.

146 1454 816 68 Ac primùm neminem ſine vocatione legiti¬

98 1504 866 63 main eccleſia Dei rectè ſanáque conſcientia mu¬

98 1552 861 70 nus vllum abtinere poſſe docet tum autoritas ſa¬

98 1604 550 62 cræ ſcripturæ: tum etiam ratio.

146 1650 810 64 Ac ſcriptura quidem Hier.23. verſ.21. curre¬

98 1700 858 64 bant, & ego non mittebam eos. Heb.5.verſ.5. Ne

93 1748 842 78 mo ſibi ſumit honorem, ſed qui vocatur à Deo.

740 1802 88 78 y.iij.
