1500 2172
544 154 104 45 699

717 134 555 57 AD I. PAVL. AD TIM.

540 174 872 82 derit, Bonam confeſſionem iam confeſſus es coram

540 228 867 75 multis, ait, Ergo eò turpius eſt tibi referre pedẽ,

543 279 864 72 qui iam tam ſtrenuè Chriſto militaſti. Hæc con¬

543 324 864 76 feſſio, quæ facta dicitur à Timotheo, fuit ſu¬

543 375 864 75 ſceptum ab eo Euangelij miniſterium quod iam

546 424 862 75 egregiè adminiſtrarat. Alij tamen ad Baptiſmũ

552 471 855 75 Timothei referunt. Alij quærunt, vtrùm ali¬

549 522 858 74 quid paſſus ſit in corpore ſuo pro Chriſto Ti¬

544 568 862 76 motheus, vti Sylas & Paulus Acto.16. Sed de Ti¬

544 618 864 72 motheo nihil quicquam ſimile legimus: tantùm

544 670 862 69 Hebr. cap.13. verſ. 23. apparet Timotheum pro

544 716 866 70 nomine Chriſti vinctum fuiſſe. Denique ſumma

544 776 864 54 fuit laus Iimotner in Der eccieſia, adeò vt di¬

546 814 862 72 ſputetur, vtrùm ille ſit, quem Paulus in 2. Cor.

548 868 864 63 8.verſ.18.19. fratrem appellat, & cuius magnam

543 912 728 70 eſſe in omnibus Eccleſijs laudem ſcribit.

600 990 813 78 13 Denuntio tibi coram Deo, qui viuifi¬

546 1044 867 78 cat omnia, & Ieſu Chriſto, qui testatam fe¬

548 1104 866 81 cit coram Pontio Pilato bonam illam profeſ¬

549 1172 166 74 ſionem.

596 1234 819 68 Παράκλησις eſt cum ſuperioris doctrinæ confir¬

548 1286 868 68 matione coniũcta, quam vtranque cum grauiſſi¬

549 1335 866 63 ma obteſtatione proponit hoc loco Paulus. Nam

549 1382 867 70 & ſuperiora præcepta hac quaſi nota fuerunt ob¬

549 1434 867 58 ſignanda, ne quis humana potius, quàm diuina:

549 1480 866 60 & Pauli, non autem Spiritus ſancti vocem eſſe

549 1528 870 64 exiſtimaret: & fuit in opere & miniſterio iniũcto

549 1578 867 66 & demandato Timotheus propter muneris i¬

549 1624 868 68 pſius difficultatem, confirmandus. Apparet autẽ

549 1674 870 66 quàm ſit vtrunque neceſſarium. Ac primúm qui¬

549 1720 870 72 dem, quòd etiamnon hodie quidam contentioſè

1192 1772 224 84 contendunt
