1500 2172
862 110 69 81 572

357 147 258 26 CAPVTV.

56 166 870 75 tè perpetuò obſeruanda & tuenda nõ eſt. Vt igi¬

56 222 870 70 tur nõ ſunt idem impetus ſenilis, atque iuuenilis

56 272 870 68 ætatis:ita neque eadem vitæ ratio ab vtriſque eſt

56 318 868 72 ſuſcipienda, vel vtriſque præſcribenda. Mutantur

54 369 868 69 enim hæc pro tempore, ætate, locis, perſonis, vt

54 417 870 74 etiam præclarè ſcripſit, ſensitque Auguſtinus in

58 468 862 68 quæſtion. Euangelij. Non enim, ait, intereſt o¬

56 518 867 68 mnino quid alimentorum ſumas, vt ſuccurras

54 567 868 66 neceſsitari corporis, dummnodo congruat in ge¬

56 615 870 66 neribus alimentorum cum his, cum quibus ti¬

56 663 873 64 bi viuendum eſt: neque quantum ſumas intereſt

50 714 876 57 multum, cùm videamus aliorum ſtomachum ci¬

52 760 874 60 tius ſaturari, &c. Deinde ita concludit idem Au¬

51 810 874 66 guſtinus, Magis ergo intereſt, non quid vel quan¬

48 861 878 63 tum alimentorum pro congruentia hominum at¬

52 908 872 66 que perſonæ ſuæ, & pro ſuæ valetudinis neceſli¬

48 954 872 70 tate quis accipiat: ſed quanta facilitate, & ſeueri¬

48 1005 872 64 tate animi ijs careat, cùm ijs vel oportet, vel ne¬

50 1050 872 63 ceſſe eſt carere, vt illud in animo Chriſtiani com¬

48 1101 872 69 pleatur, quod ait Apoſtolus, Scio & minus ha¬

50 1154 870 60 bere: ſcio & abundare. Tertium denique quod

48 1200 872 68 ex hoc Pauli dicto colligitur, eſt huiuſmodi. Ni¬

48 1250 870 64 hil in iniuriam naturæ, & nimiam corporis de¬

48 1294 870 64 bilitationem vel inſtituendum, vel inſtitutum &

52 1347 862 69 ſemel ſuſceptum retinendum nobis eſſe. Quod

51 1394 867 69 Timothei exemplo docemur hoc loco, qui, quẽ¬

50 1443 866 60 admodum veriſimile eſt, poſt hanc Pauli com¬

48 1492 868 62 monefactionem vino vſus eſt, quo tamen abſti¬

48 1540 870 62 nere decreuerat. Sed quia ea abſtinentia debilita¬

42 1592 872 62 bantur vires corporis naturales, poſtea vinum

45 1636 868 68 in victum adhibuit. Eſt enim non modò vita hæc

45 1688 870 69 donum Dei: itaque à nobis minimè ſpernenda:

44 1734 870 78 ſed virium naturaliũ & ſanitas & integritas quo¬
