1500 2172
339 159 298 27 CAPVT III.

908 141 16 56 3

88 188 876 68 cõtinet velut & differentiam. Ex quo ipſo magis

88 243 876 60 admirabilis, inſcrutabilis, & auguſta apparet hæc

94 291 870 63 veritas, eóq; ipſo excellentius eſt Euangelicũ mi¬

92 339 870 63 niſteriũ, per quod illa diſpenſatur & annuntiatur.

92 388 873 62 Habet verò hæc explicatio quatuor partes. Pro¬

92 441 867 58 ponit enim 1 Rẽ ipſam. i. Incarnationẽ Chriſti,

92 486 867 63 in qua ineſt etiam Approbatio ipſius deitatis,

92 534 870 63 2 Teſtimonium huius myſterij. 3 Prædicatio¬

88 584 843 62 nem & receptionem admirabilem eiuſdem. 4

92 645 872 44 Conuicroneul denqyneucuiq marertatis Chri¬

90 680 876 60 ſti, in qua nunc eſt. Quæ ſingula ſummam con¬

90 726 874 63 ſolationem nobis afferunt, & miram Dei tum po¬

92 776 780 63 tentiam, tum etiam ſapientiam oſtendunt.

135 824 830 63 Primùm igitur Deus dicitur cõſpicuus factus

92 872 870 62 eſſe in carne (nec enim quæ ſequuntur, referen¬

93 926 868 52 da ſunt ad myſterium, ſed ad Chriſtum: etſi &

96 974 866 60 vetus interpres, & Eraſmus, & alicubi Fulgẽtius

98 1023 866 54 ita accipiunt, & corruptè in quibuſdam exem¬

92 1068 870 63 plaribus olim legebatur ò, proὸs, quod ôs etiam

93 1116 870 64 ex θεὸς factum eſt, vt fidei noſtrę de deitate Chri¬

90 1167 872 63 ſti doctrina certiſſima, quæ hîc continetur, con¬

92 1218 870 63 uelleretur.) Hic autem Deus, qui eſt conſpicuus

92 1264 870 62 nobis factus, eſt Filius Dei & λόγος, non autem i¬

93 1314 873 60 pſe Pater Hebr.1. Ioann.1.qui Filius vti Deus eſt

92 1364 873 62 Prouerb.8. ita Deus, & magnus quidem, appella¬

90 1412 876 60 tur Rom.9. verſ.5. Tit.2. verſ. 13. quantumuis id

90 1458 876 62 negent Arriani, qui refutantur Ioann.1o.v.3o. Hic

93 1509 868 60 igitur Deus Filius conſpicuus nobis factus eſt,

93 1554 870 64 non tantùm aliquo ſigno præſentiæ ſuæ homini¬

94 1604 870 62 bus dato, vt cùm in rubo ardenti apparuit: non

96 1653 866 56 etiam aſſumpta tãtùm ad tempus humana forma,

100 1702 866 60 vt cùm apparuit Abrahamo ſedenti ad quercum

98 1749 872 68 Mamré. Geneſ.8. & Exod.3. Nec quale illud &

702 1814 81 54 m.j.
