1500 2172
584 108 718 70 462 AD I. PAVLS AD TIM.

624 228 816 58 1 Iuſtitia eſt totius vitæ noſtræ recta & cõ¬

574 273 867 63 ſentanea Dei verbo inſtitutio, cuius partes poſt¬

576 324 866 64 ea recenſentur. Ratione quidem Dei, Pietas, &

576 369 861 66 Fides. Ratione autem hominum, Charitas, cui

573 417 864 69 famulantur & ſubſeruiunt Patientia, & Manſue¬

573 466 868 69 tudo. Alij malunt referre has virtutes ad pietatẽ,

576 530 861 54 pro qua cum multa lint nobis toleranda, Patien¬

574 567 861 69 tia & Lenitate eſt nobis opus. Nos noſtram po¬

573 618 494 60 tius ſententiam retinemus.

621 663 816 69 e Pietas Dei verum cultum habet, illíque

572 711 675 66 exhibet, cuius fundamentum eſt fides.

624 772 30 46 4

666 764 765 63 Fides eſt Dei non quædam ſimplex & ve¬

567 816 864 57 ratamen notitia, ſed plena animi certitudo ſiue

573 858 861 68 πληροφορία, id eſt, in Deum fiducia, quæ ſibi Dei

570 918 861 56 promiſiones, chritique beneficia ex certiſſimo

567 954 639 66 Spiritus ſancti teſtimonio applicat.

612 1004 820 66 4 Charitas ſpectat hoc loco proximos, &

561 1050 870 72 noſtrum erga eos affectum atque officium. Huic

561 1100 234 57 ſubſeruiunt.

620 1152 21 57 8

668 1148 760 69 Tolerantia, quæ in malis iniuriíſque leni¬

560 1198 868 70 ter perferendis poſita eſt, ne propterea charita¬

561 1246 486 56 tis vinculum abrumpamus.

614 1296 812 68 6 Item lenitas animi, quæ faciles nos, affa¬

558 1342 870 70 biles, &, vt ita loquar, omnibus acceſſibiles facit,

560 1390 866 70 Itémque faciles ad condonandam acceptam in¬

556 1440 866 70 iuriam. Itaque ferè ſeſe comitantur hæ virtutes,

558 1488 862 72 de quibus quid quantúmque differant. lib.3. E¬

556 1536 831 72 thices Chriſtianæ à nobis conſcriptæ diximus.

633 1587 788 70 Opponit autem has omnes virtutes tum cõ¬

550 1635 872 70 temptui Dei, tum iniurijs, conuitijs, & bonorũ

550 1686 868 72 rapinis, quibus pleni ſunt & auari, & mathæolo¬

552 1734 232 78 gi doctores.

1275 1790 140 66 Neque

579 186 828 56 dix auaritia) ſed ex his aliquot tantum, veluti.
