1500 2172
852 138 54 66 446

314 156 194 42 CAPVT

519 154 57 42 V.

64 190 864 68 niores viduæ Chriſtianæ nubunto, & liberos ſuſ

68 249 858 62 cipiunto, familiáſque ſuas habento, quas curent,

68 298 856 54 & adminiſtrent, vt omnia ſuperiora mala euitent,

66 348 858 52 & omnem nominis Dei blaſphemandi occaſio¬

63 394 861 58 nem cuilibet calumniatori & aduerſario adimãt.

66 442 860 56 Singula vero huius canonis verba momẽtum &

68 490 858 60 pondus aliquod habent. Volo, inquit Paulus. Pri¬

64 537 861 64 mum videtur alienum ab Apoſtolica dignitate &

64 588 861 58 doctrina præceptum, mulieribus iã plus nimiò nu

63 634 862 63 pturiẽtibus & nuptiales lætitias concupiſcẽtibus

62 684 860 62 præcipere vt nubant, Illud enim eſt oleum adde¬

62 734 864 60 re camino, nõ autẽ frigidam ſoffundere, vel laſci¬

62 783 861 62 uas illas carnis libidines extinguere Reſp. Du¬

63 831 866 60 plici nomine hoc præceptum ſubiiei à Paulo, 1.vt

62 882 864 60 ecquod ſit optimum vitæ genus, quod viduæ iu¬

60 928 866 62 niores eligere debeant, vt ſint ædificationi, do¬

62 975 861 63 ceat. Nec em ad nuptiales lętitias eas inuitat Pau

60 1023 866 64 lus, ſed docet quæ ſit ratio omnium ſuperiorũ of

60 1072 861 63 fendiculorũ tollendorum. 2. vt non minus Deo

58 1122 864 64 gratas eſſe, quę nubunt, quàm quæ viduæ manent

56 1178 866 57 cõtra ſuperiores errores, de quibus. c.4. ſup. dixit

56 1221 864 56 demonſtret. Nã ex hoc ipſo apparet ſecundas nu

56 1270 864 57 ptias in mulieribus à Paulo minimè dãnari, imò

58 1317 861 60 verò & iuberi & probari, nedum vt viris ſint

54 1366 862 57 interdictę. Q as tamen Papiſtę ex Encratitarum

56 1413 474 60 deliriis & hęreſi damnant.

98 1460 822 64 Quæſitum eſt autem ad quas viduas hoc præ¬

56 1514 864 58 ceptum pertineat, vtrum ad eas tantùm, quæ

51 1557 867 63 ſunt pauperes, an ad omnes: Vtrum etiam ad eas

52 1610 866 60 tantum, de quibus ad Diaconatum eligendis a¬

51 1656 868 62 ctum eſt in eccleſia:an ad quaſlibet. Reſp. Ad om

48 1704 872 66 nes. Id quod ex ratione, quę ſubiecta eſt, apparet

48 1756 872 76 manifeſtè. Non minus enim diuites, quàm pau¬
