1500 2172
585 134 81 28 50.

723 112 578 52 AD I. TAVL. AD TIM.

576 154 880 72 τίθεσιν docet quænam ſint illis ipſis paſtoribus

574 208 867 66 ſectanda vt habeant & ipſi in quibus ſe exerceãt

573 270 868 57 da oceupent, ionge que menora, quàm auari me¬

573 308 186 52 ditentur.

624 351 819 68 Ratio huius præceptionis eſt ex illo Chriſti

573 400 870 69 dicto, quod eſt Matt.5. verſ.13. & 14. Vos eſtis ſal

573 452 867 68 terræ, vos estis lux mundi, ſi ſal euanuerit, in quo ſa¬

572 502 866 58 lietur? Deinde ex eo Petri loco, qui eſt I.Pet. cap.

578 554 861 57 5.verſ.3. oportet Paſtores & Preſbyteros Eccle¬

572 598 867 66 ſię eſſe exemplar gregis. Qua enim vel fronte vel

568 648 870 62 libertate auaros reprehendent paſtores, ſi ſint i¬

570 694 867 70 pſi auari, & eodem vitio laborent? Nam vt eſt ſa¬

572 752 202 46 tis notum.

606 789 826 69 Turpe eſt doctori, cùm culpa redarguit ipſum.

567 838 870 64 Et illud Chriſti, Medice cura teipſum. Neq; verò

567 900 872 50 noc faeit quo minus paitores & quædã propria

567 936 870 64 habere poſſint, ac ſtipendia ab Eccleſia accipere:

567 988 870 60 & familiæ ſuæ honeſtam moderatámque curam

567 1044 872 54 gerere, contrà quàm tamẽ ſentiunt homines im¬

567 1086 634 63 portuni Catabaptiſtæ, vti diximus.

612 1130 831 68 Dicit autem Paulus φευγο, id eſt, fuge. Quod

568 1180 873 64 vtiliter obſeruauit Chryſoſtom. vt ex vocabulo

567 1233 872 60 ipſo intelligatur, quanto ſtudio, quantóque ani¬

567 1276 873 66 mi conatu ſit ab hoc auaritię vitio illis cauendũ:

567 1328 874 62 fugimus. n. quæ periculoſiſſima & maximè exi¬

564 1374 876 57 tioſa nobis eſſe arbitramur, quale certè eſt hoc

567 1425 876 62 ſcelus. Itaq; non dixit tmn abſcede, vt prius ἀφίσα¬

566 1472 878 64 „n verſ.5. Separa te Α ποχώρο: ſed fuge, & quidem

567 1522 870 57 ſtrenuè & diligenter. Videtur autem Paulus vo¬

567 1570 870 58 luiſſe opponere hoc ſtudium noſtrum in auaritia

567 1616 870 63 fugienda illi diligentiæ indefeſſæ atque indefati¬

568 1665 870 57 gabili labori, quem in opibus cumulandis ſumũt

567 1716 870 75 auari, qui tantus eſt, vt nullum remittant tempus

1312 1773 124 69 neque
