1500 2172
357 164 336 36 CAPVT. III.

921 118 56 99 170

112 222 868 48 grenn etiannconemos quou luit lub Sylueſtro.

116 246 616 69 Roma. Epiſcopo conſtitutum fuit.

158 296 820 74 Ordinãdi vero primùm cœperunt in ipſa ele¬

111 344 864 75 ctione interpellari, vtrum continentes eſſe vel¬

106 393 868 70 lent, & in perpetuum abſtinere coniugio, an non.

110 442 870 69 Qui ſi promiſiſſent ſe continentes futuros: vel e¬

105 489 874 72 tiam tacuiſſent interrogati, poſt electionem ad

104 538 874 70 miniſterium Eccleſiaſticum vxorem ducere, iam

104 590 874 64 non poterant. cano. Diaconus diſtinct.27. Hîc e¬

104 634 873 68 nim vel ſilentium ipſum pro voto perpetuæ con¬

102 684 874 68 tinentiæ habebatur. Itaq; ſi poſtea matrimoniũ

100 734 876 70 inibant, ordine ſuo mouebantur. Neque tamen

104 782 870 74 vt ſcortatores; vel adulteri puniebantur, neque

100 832 874 69 Sacramentorum vſu, & participatione interdi¬

99 879 872 72 cebantur, vt ex Neocæſarienſi conſilio apparet.

105 928 864 72 Quod tamen decretum, & quam tam ſeueram

98 976 872 74 Eccleſiæ diſciplinam neque Auguſt. neque etiam

96 1024 872 74 Hieronym. probarunt cano. Quidam diſtinct.27.

96 1072 872 75 Sin autem Ordinandi de promittenda perpetua

92 1120 878 74 ἀγαμίς interpellati vel omnino recuſaſſent voue¬

93 1172 876 69 re, & polliceri continentiam, vel ad tempus tan¬

94 1218 870 76 tùm promiſiſſent, neque eligi prohibebantur,

93 1270 870 72 neque poſt electionem ad Eccleſiaſticum munus

93 1320 872 70 vetabantur vxores ducere, ex Ancyranæ Synodi

93 1366 868 74 cap.1o. Differebatur tamen ſæpe electio, & ſpe¬

90 1416 873 70 ctabant illo tempore, num quem allum inueni¬

87 1464 874 72 re poſſent, idoneum tamen, qui continentem &

87 1520 874 63 abſtinentẽ à cõiugio vitam polliceretur, vt eum

87 1560 873 74 potius eligerent: eſt in cano. De Syracuſanæ di¬

86 1611 873 68 ſtinct. 28. Quòd ſi neminem continentiam vouẽ¬

87 1659 873 72 tem idoneum paſtotali muneri reperiebant,

90 1707 872 78 hunc, qui continentiam nollebat promittere, eli¬

88 1754 440 80 gebant, idque fas erat.

688 1812 75 96 h.j.
