1500 2172
356 165 326 36 CAPVT IIII.

900 134 62 82 320

92 195 870 72 tiam Monaſticas regulas Irc umpor homine in¬

94 246 225 62 ſcripſerunt.

144 290 818 78 Μονάζοντες & Μοναχοι appellati ſunt, quòd vitæ

92 345 870 63 ſolitariæ genus elegiſſent, qui hoc modo viuere

93 394 868 64 inſtituiſſent. Μοναχὸν autem putant Canoniſtæ ex

92 444 870 64 can. Placuit S Agnoſcat 16. quæſt.1. dictum com¬

92 489 872 70 poſita voce, ἀπὸ το͂ μόνον & ἄχος. Quæ ſanè vera eſt

90 543 870 62 hoc tempore Monachorum etymologia. Sunt e¬

92 588 873 64 nim illi re vera vnica peſtis mundi, vt & ex veteri

94 639 870 63 quoque Epigrammate iampridem intelligeba¬

88 686 878 64 mus. Sed falluntur & Papæ & Papiſtæ & Mona¬

92 735 873 64 chi in nominis ſui etymo. Eſt enim ſyllaba xos

90 783 874 64 ἐπενθέ Cς tantùm, ad vocem μόνος, à qua fit deriua¬

92 832 870 63 tio vocis huius, Μοναχὸς. Vnde & Μοναχᾶ & Moναχο͂

92 878 870 68 & Μοναχῶς vocabula Græcis ſcriptoribus etiam

88 930 870 57 ante monachorũ exortũ defunctis vſitatiſsima.

92 975 872 70 Baſil de Trinitate agens quanq; perſonã Μοαχῶς

87 1023 874 66 ἐκφωνεῖςς, id eſt ſeorſim pronuntiari dixit. Latinè

92 1095 870 46 ipn ſe’Acengioros vocarunt, quan renquus popu¬

90 1122 872 68 lus Chriſtianus ſit irreligioſus. Item & Canoni¬

92 1172 870 66 cos quoque & Regulares, & aliis nominibus ad

88 1221 870 64 ſui commendationem. Sed & Mandritæ etiam

88 1269 872 69 ſunt appellati à cauernis, quas iſti Troglodytæ

87 1318 464 56 ſubibant, & vbi latebant.

132 1364 831 69 Monachus quid ſit nondum perſpicuède fini¬

87 1413 878 68 ri potuit, etſi variæ à varijs deſcriptiones tentatæ

87 1464 876 64 ſunt. Neque enim ex veſtitu & profeſsionis ve¬

86 1510 876 68 ſtimento definiri poteſt, quia, vt vulgo dicitur, ve¬

87 1562 874 63 ſtitus non facit Monachum: & tale eſt monſtrum

90 1610 873 63 Monachus, vt vna forma non conſtet. Tandem

90 1656 876 68 definitum eſt, eſſe eum Monachum, qui hæc tria

90 1704 878 69 vota ſolenniter ſuſcepiſſet ſeruanda, Paupertatem

94 1756 874 75 Continentiam coniugij, & Obedientiam vni cui

694 1820 93 62 o.iij.
