1500 2172
358 152 314 36 C APVT III.

890 114 58 75 230

81 172 873 69 das eſſe & faceſſere oportere, tanquã certiſsima

80 230 876 63 & præſentiſsima Eccleſiæ venena, vt docet Chri¬

80 280 874 58 ſtus ipſe Luc.22 verſ. 25. tamen ſi quid de ea re

80 327 872 58 dicendum eſt, tum ex veteri diſciplina Eccleſiæ:

80 380 872 58 tum ratione muneris vtrorumque, certè Preſby¬

80 424 872 62 teri ſunt Diaconis priores. Itaque in veteribus

80 474 870 62 Synodis veluti Nicęna prima cap. 14. Laodicęna

75 524 874 62 cap 2o. Chartag. 4. cap.37.eſt ſtatutum, vt ne Dia¬

76 572 874 58 coni quidem inter Presbyteros ſedeant, nimirã

76 616 873 63 ne ijs, æquales eſſe videantur. Id quod etiam iu

76 666 873 63 tota diſtinct. 93. fuit poſitũ & narratum. Ita nimi¬

74 716 876 63 rum ius iſtud canonicum perturbatum eſt, & ſibi

75 771 874 60 non conſtat. Nam quod ad prædicationem verbi

75 814 874 63 Dei, quæ illis aliquando conceſſa eſt, de eo quàm

72 862 873 64 recte factum ſit, aut potius ineptè, poſtea dicetur,

72 912 784 63 ſed primùm de perſonis ipſis agendum eſt.

123 962 820 57 Eadem autẽ requirit Paulus in Diaconis, quæ

72 1006 870 66 in Epiſcopis ſuprà, ſiue ipſorũ perſonæ ſpecten¬

70 1071 873 46 cur.iide raiiia. nue luuie ia ce teitimonia aliorũ

72 1106 868 66 & infidelium. Addidit autem, ne ſint Bilingues.

70 1160 870 60 Hæc autem vox non tantùm impudentem men¬

72 1203 866 75 dacem, & impoſtorẽ ſignificat, quo ſenſu Virgil.

70 1256 124 63 dixit.

234 1299 453 68 –Tyrióſque Bilingues.

68 1341 870 75 ſed etiam diſsimulatorem ſimulatorémque. Dé¬

68 1401 870 64 nique qui id quod ſe præſtare non poſſe intelli¬

69 1449 870 64 git, pollicetur: & qui cùm de promiſſo interpel¬

68 1503 868 57 latur, ita variat, mutat, & excuſãt promiſsionem

68 1548 872 63 à ſe factam, vt iam aliud videarur dicere, quàm

68 1598 870 58 prius. Huic vitio ſimile eſt διδυχιας vitiũ, quod

68 1647 880 62 damnat. Iac. 4. verſ. 8. cùm cor duplex gerimus.

63 1695 873 64 Hoc autem vitium inter reliqua maximè Diaco¬

63 1744 870 81 nis fugiendum eſt, qui cùm ſæpe magna pauperũ
