1500 2172
566 141 75 34 310.

722 122 576 54 AD I. FAVL. AD TIM.

555 165 867 72 Nos cibis poſſe abſtinere triplici de cauſa vel ex

552 220 867 63 medicorum præceptis, quod non reprehenditur,

549 268 870 60 ſi tamen nimia non ſit cura corporis: vel ex regu

549 316 868 63 lis abſtinentiæ, vt mortificetur caro, quod etiam

548 363 868 68 ſi ſine ſuperſtitione fiat laudandum eſt: vel ex in¬

549 414 866 62 ſania hæreticorum, quod eſt omnino damnan¬

555 459 861 69 dum. Et in epiſtola ad Coloſſ. idem Chryſoſto.

548 512 870 64 Deus, ait, corpori honorem ſuum contribuit, ipſi

550 561 867 63 verò (de nimium abſtinentibus loquens) non cũ

546 610 867 64 honore vtuntur corpore. Denique concilio Gã¬

548 658 864 66 grenſi, quod vicinum fuit primo Niceno, nimia

544 708 867 60 iſta abſtinẽtia, & ſi quavis in ea ponatur eſt graui¬

542 754 862 68 ter reprehenſa. Quod verò ſcribit Gregor. Mag.

544 806 866 63 pios à licitis rebus fercubitmere, vel vt ſibi me¬

537 902 870 66 culpas vitæ anteactæ deleant, sítque hæc abſti¬

540 951 867 66 nentia pro pœna, eſt falſiſſimum, etſi probatur

538 1002 468 58 cano. Sunt qui 27.quæſt.2.

584 1046 822 69 Secundus finis expreſſus eſt ſæpe à Paulo in

537 1098 870 64 epiſtolis, præſertim in ea, quæ eſt ad Romanos

537 1148 866 62 cap.14, & 15. 1. ad Corinthios 9. atque etiam in

537 1200 866 60 Actor. ca.15. à Synodo Hieroſolymitana. Propter

536 1244 867 64 ædiſicationem enim infirmorum, qui non pote¬

536 1293 858 57 rant videri peccare malitia, ſed nuda tantùm i¬

536 1342 864 60 gnorantia, Paulus ſe omnia omnibus factum eſſe

537 1388 864 66 dicit: & iubent Apoſtoli collecti quibuſdam ci¬

534 1434 818 64 bis Chriſtianos abſtinere ob eandem cauſam.

580 1485 820 69 Alterum caput huius diſputationis eſt de re¬

530 1532 870 72 bus, quibus abſtinere ſolerent veteres, & nunc

531 1582 886 68 debeamus ipſi abſtinere. In quo nullum eſt præ¬

526 1629 868 63 ceptum diſertè ab ipſo Dei verbo poſitum: ſed

525 1677 868 69 debet quiſque ijs cibis abſtinere, quibus libidi¬

520 1726 872 82 nem in ſeſe maximè vel accendi, vel excitari ſen¬

1326 1786 62 60 tit
