1500 2172
720 132 570 57 AD I. PAVL. AD TIM.

567 150 99 40 645

556 178 864 72 quæ propria ſunt ſui muneris, perfunctoriè & na¬

555 234 867 63 τιργως verſantur: in aliis autem rebus, quæ pro¬

556 279 866 66 priè ad eos non pertinent, ſeriò, aſſiduè & diligẽ¬

555 328 870 66 tius inſunt eáque ſatagunt. Faciunt enimη̃ργον πά¬

555 380 868 60 ἑσργον: & πάρεργον ἐργον, vt ait Prouerbium vetus,

555 428 870 62 contra exemplum Apoſtolorum, qui cùm ſe vi¬

556 476 868 60 derent à vero ſui muneris officio propter curam

558 525 868 60 menſarum diſtrahi & auocari, quanquam ea res

556 574 872 54 & ſancta erat & pia, tamen voluerunt ſe ea cura

556 621 870 63 leuari, vt liberius meliuſque veris & potioribus

555 668 872 66 exercitijs ſuæ vocationis inſeruirent ac incumbe¬

555 720 873 60 rent. Nec valet hæc quorundam paſtorum, qui

556 765 874 64 ſunt πολυπράγμονες excuſatio, quòd Reipubl. com¬

555 814 874 63 moditas, & ratio poſtulet, vt in iſtis ciuilibꝰ & ex¬

555 862 876 63 traneis rebus ipſi verſentur, & occupentur. Facit

555 910 873 60 enim hæc ratio, vt hodie quidam Epiſcopi potius

554 960 876 60 ſint militares Duces, vel Præfecti ærarij: vel fo¬

552 1005 874 62 rẽſes iudices, vel Cãcellarij regni, vel Cõſili arij,

554 1056 878 64 regni, quam paſtores, miniſtri & præcones verbi

555 1102 873 68 Dei cœleſtiſque doctrinę, & pabuli gregi ſuo di¬

555 1156 874 60 ſpenſatores. Denique quid illi Epiſcopatus eſt a¬

556 1203 870 63 liud, quàm reditus quidam pinguis & opulentus

561 1251 868 62 vel ad fruendas voluptates, vel ad familiæ onera

561 1299 870 64 ſuſtinenda, quæ ampla eſt, interea dum alijs ne¬

561 1350 872 63 gotijs vacant, quæ tamen ab Epiſcoporum mu¬

560 1396 390 60 nere, ſunt alieniſſima?

632 1443 800 62 Μελέτα Meditatio non eſt leuis quædam co¬

560 1490 876 68 gitatio, ſed aſſidua & frequens eiuſdem cogitatio.

560 1542 874 62 nis repetitio, cura, & mentis volutatio, vt aptio¬

561 1588 873 64 res ad id, quod meditamur, fiamus. Sed non ſo¬

561 1636 874 66 lum horum præceptorum cogitationem requirit

562 1688 873 60 Paulus, imò verò etiam executionem & praxim,

560 1732 873 69 ne contemplatiuæ vitæ homines hinc ſibi patro¬

1298 1784 140 69 cinium
