1500 2172
543 129 705 69 108 AD I. PAVL. AD TIM

532 172 868 84 minit, nec eum quod coniux eſſet, indignum iu¬

534 240 326 66 dicat Epiſcopatu.

582 278 824 74 Secuta eſt autem alia ætas, quæ propter cœli¬

537 327 867 74 batus & virginitatis peruerſam admirationem,

536 376 872 69 hunc locum primum à vero ſenſu deflexit & de¬

536 424 874 75 torſit. Deinde prorſus corrupit. Ac detorſerunt

537 474 873 72 miſerè hunc locum ij, qui ita ſunt interpretati,

537 522 876 76 eos eſſe eligendos Epiſcopos, qui fuerant quidem

537 572 876 69 ante electionem viri vnius vsoris: non autem, qui

537 620 874 72 coniuges tunc erant, cùm eligerentur. Sic Am¬

537 678 874 63 bronus accipit eplit. 62. Sed ij fanuntur peſsime.

537 714 879 75 Nam & hîc & ad Titum 1. verſ. 6. diſertè dicit

537 765 878 74 Paulus, ſi quis est tempore præſenti:nõ autem, ſi

538 820 525 69 quis fuit, tempore præterito.

588 860 824 70 Corrumpunt planè hunc locum alij & ridicu

538 906 880 76 lè explicant, qui vxorem hîc Eccleſiam appellãt

540 960 879 70 & à Paulo ſignificari voce vxoris putant. Vnius

542 1005 874 68 ergo vxoris virum eſſe, eſt vnius Eccleſiæ & Sa¬

543 1054 876 75 cerdotij Epiſcopum & adminiſtrum eſſe. At tũc

542 1104 879 72 id eſt, tempore Pauli nondum erant Sacerdotia,

544 1154 878 72 & quæſtus Eccleſiaſtici. Vt mera ſit cauillatio &

544 1203 878 74 peruerſio Scripturæ, ſic mentem Pauli explicare.

544 1251 879 75 Ergo ſic variè corruptus eſt hic locus. Quòd au¬

544 1299 879 75 tem ait Paulus, vxoris, ita fuit ſtrictè acceptum à

548 1347 879 78 Patribus, vt præter mentẽ Pauli quidam laqueũ

549 1400 752 70 poſtea induxerint conſcientijs hominum.

608 1448 819 68 Vxorem enim eam tantùm eſſe volunt, quæ

548 1490 880 80 antea honeſtæ vitæ mulier fuerit. Itaque ſi quis

549 1542 876 72 minushoneſtam mulierem, ſi quis ſcenicam mu¬

549 1588 882 74 lierem, quæ ſpectaculis inſeruierit. Item aliam

550 1641 880 74 quampiam ex turpi cauſa olim notã duxerit, ex¬

550 1684 880 76 cludi ab omni Eccleſiaſtico miniſterio debere

555 1732 878 87 putant, & Synodorum decretis ſanciuerunt. Eſt

1274 1784 164 76 in cano¬
