1500 2172
538 129 90 70 411

710 98 561 88 AD I. PAVL. AD TIM.

572 226 816 74 Taii vero do naui remaihus, & ea quæ requi¬

532 278 417 74 rit in iſtis Diaconiſſis.

572 315 822 80 Ne minor ſexaginta annis. Ratio eſt duplex,

537 369 864 76 quòd Iuniores oportet dare operam liberis & q

532 416 862 78 laſciuiunt quæ nondum eam ætatem attigerunt,

534 466 861 76 quia nondũ |planè in iis extinctus eſt vigor gene¬

536 513 862 78 rãdi. Quæritur verò cur ſexageſimũ annũ ſtatuat

536 560 862 80 Paulus, cùm quinquageſimus annus fœminis cẽ¬

537 609 862 81 ſeatur prorſus ſterilis & infœcundus, vt vulgò an

534 658 867 80 notant interpretes in Luc.1.vet.36. & Iuriſconſul¬

534 706 872 75 ti in l.viuiC. de Caduc. Toll. Reſp. Anno qudem

538 756 861 80 50. fieri vt plurimum ſteriles fœminas: non ta¬

536 802 864 76 ile lempp̧r Qæ dam enim poſt 5o. annũ peperiſ¬

532 848 867 86 ſe dicuntur. Ac poſt óo nulla eſt, quæ concepiſſe

532 900 870 81 referatur, niſi miraculo id factũ ſit, & præter na¬

534 951 867 80 turæ ordinem, id quod Saræ vxori Abrahami ac¬

534 1010 408 69 cidit Geneſ.18. verſ.ij.

1282 993 33 32 3.

567 1042 837 87 In ſexagenariis autem fœminis videtur vigor il

536 1092 867 88 Ie naturæ & prolificus prorſus periiſſe & defe¬

538 1164 112 63 ciſſe.

584 1192 819 78 Sed cur tantum tribuit ætati ſenili Paulus,

537 1242 866 81 qui ſupra Timotheum adoleſcentem nobis com

537 1288 866 82 mendabat.c.4. verſ. 12. Reſp. Chryſoſto, propriè

537 1340 866 76 non tribuere Paulum id honoris ætati, quaſi ſe¬

537 1388 866 81 xagenariæ laſciuę fieri non poſſint: ſed quòd mi¬

537 1437 868 80 nus in hac ætate offendicula illa naſcantur, quæ

537 1485 867 81 euitanda poſtea docet. Neque enim ipſa per ſe

537 1533 872 81 ætas facit ſapientes vel prudentes homines: ſed

542 1588 866 70 Deus potius & rerum præteritarum experiẽtia.

542 1629 866 82 Deinde cùm leges ferantur de iis, quę ὥς δ̓ι τοπο¬

543 1684 866 74 »ò accidunt, non debet propter paucas aliquot

546 1731 861 92 ſexagenarias inſolentes toti etati ſuus honor

1280 1776 129 68 detra¬

531 177 724 75 ἐγἰκκλνσία ιερυργεῖν τοἐν εακλνσιά μν διυναται.
