1500 2172
524 196 860 75 verba τπεργισίας ἀντιλαμβανόμενοι accipiunt, &

519 254 864 66 ad curam, quam de ſuis ſeruis habent Domini, re¬

520 304 862 66 ferunt, quaſi hoc argumento vtatur Paulus, eò

520 350 858 69 magis Dominos fideles reuerendos verè eſſe,

524 398 860 70 quod de ſuis ſeruis ſolliciti ſint, illíſque beni¬

526 448 855 70 gniores atque humaniores. Sed hæc ſententia fa¬

520 500 867 68 cit ſeruorum obſequium mercenarium. Præterea

522 544 860 74 nihil, quod ſit ſpeciale aut proprium fidelium

522 594 860 66 dominorum continet, cùm infideles etiam do¬

519 640 860 70 mini, de ſuis ſeruis curam gerant sintque illis ſæ¬

519 692 866 70 pè humaniſſimi & clementiſſimi. At Paulus ea

519 741 862 62 notat & obſeruat hoc loco, quæ ſunt fidelium

520 795 861 62 domnotum prepria & peculiaria: non autem

520 837 861 69 illis cum infidelibus dominis cõmunia. Itaque

524 888 858 66 vox ἀρργεσίας hoc loco paſſiuè accipitur: non au¬

522 933 860 66 tem actiuè: & ad Deum refertur: non autem ad

520 986 813 63 dominorum liberalitatem & curam de ſeruis.

692 147 552 66 AD I. PAVL. AD TIM.

528 132 86 90 633

567 1029 814 69 Hæc doce) Αʹυξησις. Commendat enim ſupe¬

519 1082 862 69 riorem doctrinam ab vtilitate, cùm eam ſæpius

520 1130 860 68 & repetendam, & inculcandam eſſe velit. Sic ſu¬

522 1185 236 64 pra 4verſ.1I.

567 1221 813 68 Docere, eſt non ſemel tantùm, ſed ſæpius in¬

524 1276 858 68 gerere. Exhortari eſt viuis aculeis, & ſtimulis

520 1326 861 58 homines ad eam doctrinam amplectendam ex¬

520 1384 860 48 citare,ce commouere. La quonles vt non tantùm

520 1424 858 62 leui doctrina: ſed etiam authoritate & increpa¬

519 1473 861 63 tione nos egere propter naturæ noſtræ peruica¬

519 1520 860 60 ciam intelligamus. Neque enim hæc fieri præci¬

520 1568 856 62 peret Spiritus ſanctus, niſi ijs omnino habere¬

519 1618 856 60 mus opus, tanquam neceſſarijs animi noſtri me¬

518 1665 152 70 dicinis.

578 1746 795 92 ? Siquis diuerſam docet doctrinam, ne¬

1304 1814 74 64 que
