1500 2172
352 153 316 27 CANVT IIIR

876 110 62 75 278

75 172 868 74 vocat, id eſt, non ſanam, & rectam. Hæc autem

76 228 866 68 docent hæreticorum hoc loco deſcriptorum ne¬

80 274 864 70 que eſſe ſanam doctrinam, neque ſanctos mores

78 321 866 74 neque rectum animi affectum in ſuis illis com¬

80 372 866 70 mentis tradendis, quicquid illi tamen contra

80 418 864 70 prætendant & prætexant, vel perſuadere conen¬

84 482 176 54 tur.

117 514 826 70 Cauteriatam verò conſcientiam quam appel¬

78 562 872 72 let Paulus variè etiam quæſitum eſt. Alij enim

78 612 870 68 interpretantur putrẽ, & morbidam: alij nullam,

82 663 867 70 vt pote quæ iam perdita prorſus & exciſa ſit, vt

78 711 880 68 ſunt ea, que cauterio ambuſta ſunt: alij vexatam

82 765 864 70 & perpetuo Dei iudicio tanquam cauterio quo¬

81 808 868 74 dam ſ'irbatam fluctuantem, & afflictam, atque

80 856 870 75 ipſe hanc poſtremam interpretationem ſequor.

81 906 868 68 Nam nulla non ineſt in ijs conſcientia, cùm eam

81 958 866 68 cauteriatam eſſe dicat Paulus, non autém deper¬

80 999 870 75 ditam. Putris quidem eſt, id eſt, malè ſana, ſed

84 1052 866 70 quæ ſunt putria non ſunt huiuſmodi, vt nihil pla¬

81 1100 870 70 nè ſentiant & omnino emortua ſint. Hîc conſciẽ¬

80 1150 872 70 tiam explicat Paulus, quæ aſsiduè iudicio Dei vo¬

80 1200 873 69 xetur & torqueatur propter malum teſtimonium

80 1246 870 74 & hypocriſin, quam ſimulat, & propter finem

81 1300 867 68 peſsimum, propter quem iſtos errores propagat,

82 1346 868 70 cuius ipſa ſibi teſtis ac conſcia eſt, vt quæ ſit ἀυτο¬

84 1396 867 75 κατακριτὸς vt idem Paul. loquitur Tit.3.verſ.1o.

153 1492 802 74 * Prohibentium contrahere matrimo¬

80 1546 874 75 niũ, iubentium abstinere à cibis, qous Deus

82 1606 870 76 creauit ad participandum cum gratiarum a¬

81 1665 870 94 ctione, fidelibus, & ijs qui cognouerunt ve¬

81 1742 177 72 ritatem,
