1500 2172
848 135 58 74 454

328 158 184 34 CAPVT

546 156 46 36 V.

45 180 870 76 cleſia addat, ſi quid illis ad neceſſarium victum

45 242 870 66 deeſt. Idque pro ipſorum præbentium facultati¬

48 286 870 74 bus. Neque enim vel cognati, vel eccleſia cogi¬

48 334 864 74 tur omnia quæ viduis & aliis pauperibus deſunt,

46 382 868 74 ſuppeditare, niſi id fieri ipſorum facultates & o¬

48 434 867 69 pes patiãtur. Vera eſt enim etiã inter Chriſtianos

42 480 872 70 illa Ennij ſententia à M. Tul. Cicerone rectè

44 530 870 69 explicata, ita aliis largiendum eſſe, vt noſtrę fami¬

42 580 870 68 liæ etiam ſubuenire poſsimus. Pro eo enim quod

45 627 867 70 quiſque habet dare debet, & in eo Deo acceptus

42 678 872 66 eſt: non autem pro eo, quod non habet. Exhauri¬

42 728 872 66 re enim ſeipſum prorſus nemo tenetur, ne ſit hu¬

40 771 873 70 iuſmodi ſubuentio ipſi ſubuenienti oppreſsio, &

39 832 870 56 ne poſtea ipſe mendicet, vt docet Paulus.2. Co¬

36 870 873 70 rinth.8.verſ.12.13. Etſi parcè tamen grauatè & te¬

36 920 873 69 nuiter non eſt ſubueniendum proximo ſed luben

38 970 606 66 ter & vti dixi, quantum poſſumus.

88 1017 818 74 Vtiis. Æquiſſima ratio quæ ducta eſt à fine æ¬

36 1072 868 68 rarij eccleſiaſtici. Eccleſiam enim ad ſuos paupe¬

36 1124 867 62 res alendos pecunias à piis collatas habuiſ¬

34 1166 860 72 ſe apparet ex Sozom. lib. 7. cap.26. & Euang.

33 1216 868 69 lib. 5. capite. 5. ne præter æquum ſe onerari

33 1264 868 68 exiſtiment propter hoc præceptum iſtarum vi¬

33 1316 868 66 duarum cognati. Etſi enim eccleſiæ æra ium

30 1364 872 66 eſt commune omnium pauperum ærarium ta¬

32 1413 868 68 men videndum eſt & proſpiciendum, ne ſtatim

30 1458 872 69 exhauriatur: omnibus emm ſufficere diu nõ pote

30 1509 870 66 rit Reſeruetur igitur illud maiori inopiæ, & eo¬

27 1557 873 68 rum præſertim egeſtati, qui non habent, vnde ſe

28 1604 872 70 aliunde exhibeãt, ſiue ſint Viduæ: ſiue Mares pau

30 1654 868 66 peres. Qui habent vnde aliunde adiuuentur, eccle

26 1704 867 66 ſiam ne grauent. Hæc ſane de pauperibus viduis

24 1755 872 86 cura perſtitit diu in eccleſia Chriſtiana puriori¬
