<?xml version='1.0' encoding='UTF-8'?>
<alto xmlns:xsi="http://www.w3.org/2001/XMLSchema-instance" xmlns="http://www.loc.gov/standards/alto/ns-v4#" xsi:schemaLocation="http://www.loc.gov/standards/alto/ns-v4# http://www.loc.gov/standards/alto/v4/alto-4-2.xsd">
  <Description>
    <MeasurementUnit>pixel</MeasurementUnit>
    <sourceImageInformation>
      <fileName>2013178.jpeg</fileName>
    </sourceImageInformation>
  </Description>
  <Tags>
    <OtherTag ID="BT7" LABEL="CustomZone" DESCRIPTION="block type CustomZone"/><OtherTag ID="BT8" LABEL="DamageZone" DESCRIPTION="block type DamageZone"/><OtherTag ID="BT9" LABEL="DigitizationArtefactZone" DESCRIPTION="block type DigitizationArtefactZone"/><OtherTag ID="BT10" LABEL="DropCapitalZone" DESCRIPTION="block type DropCapitalZone"/><OtherTag ID="BT11" LABEL="GraphicZone" DESCRIPTION="block type GraphicZone"/><OtherTag ID="BT12" LABEL="MainZone" DESCRIPTION="block type MainZone"/><OtherTag ID="BT13" LABEL="MarginTextZone" DESCRIPTION="block type MarginTextZone"/><OtherTag ID="BT14" LABEL="MusicZone" DESCRIPTION="block type MusicZone"/><OtherTag ID="BT15" LABEL="NumberingZone" DESCRIPTION="block type NumberingZone"/><OtherTag ID="BT17" LABEL="QuireMarksZone" DESCRIPTION="block type QuireMarksZone"/><OtherTag ID="BT18" LABEL="RunningTitleZone" DESCRIPTION="block type RunningTitleZone"/><OtherTag ID="BT19" LABEL="SealZone" DESCRIPTION="block type SealZone"/><OtherTag ID="BT20" LABEL="StampZone" DESCRIPTION="block type StampZone"/><OtherTag ID="BT21" LABEL="TableZone" DESCRIPTION="block type TableZone"/><OtherTag ID="BT22" LABEL="TitlePageZone" DESCRIPTION="block type TitlePageZone"/><OtherTag ID="BT3407" LABEL="MainZone-Continued" DESCRIPTION="block type MainZone-Continued"/><OtherTag ID="BT3408" LABEL="MainZone-P" DESCRIPTION="block type MainZone-P"/><OtherTag ID="BT3409" LABEL="MainZone-Head" DESCRIPTION="block type MainZone-Head"/><OtherTag ID="BT3410" LABEL="MainZone-Other" DESCRIPTION="block type MainZone-Other"/><OtherTag ID="BT3411" LABEL="MainZone-Sp" DESCRIPTION="block type MainZone-Sp"/><OtherTag ID="BT3417" LABEL="MainZone-Sp-Continued" DESCRIPTION="block type MainZone-Sp-Continued"/><OtherTag ID="BT3418" LABEL="GraphicZone-Decoration" DESCRIPTION="block type GraphicZone-Decoration"/><OtherTag ID="BT3419" LABEL="MainZone-Entry" DESCRIPTION="block type MainZone-Entry"/><OtherTag ID="BT3420" LABEL="MainZone-Lg" DESCRIPTION="block type MainZone-Lg"/><OtherTag ID="BT3421" LABEL="MainZone-Entry-Continued" DESCRIPTION="block type MainZone-Entry-Continued"/><OtherTag ID="BT3422" LABEL="MarginTextZone-ManuscriptAddendum" DESCRIPTION="block type MarginTextZone-ManuscriptAddendum"/><OtherTag ID="BT3423" LABEL="MainZone-List" DESCRIPTION="block type MainZone-List"/>
    <OtherTag ID="LT7" LABEL="CustomLine" DESCRIPTION="line type CustomLine"/><OtherTag ID="LT8" LABEL="DefaultLine" DESCRIPTION="line type DefaultLine"/><OtherTag ID="LT9" LABEL="DropCapitalLine" DESCRIPTION="line type DropCapitalLine"/><OtherTag ID="LT10" LABEL="HeadingLine" DESCRIPTION="line type HeadingLine"/><OtherTag ID="LT11" LABEL="InterlinearLine" DESCRIPTION="line type InterlinearLine"/><OtherTag ID="LT12" LABEL="MusicLine" DESCRIPTION="line type MusicLine"/>
  </Tags>
  <Layout>
    <Page WIDTH="1500" HEIGHT="2172" PHYSICAL_IMG_NR="174" ID="eSc_dummypage_">
      <PrintSpace HPOS="0" VPOS="0" WIDTH="1500" HEIGHT="2172">
        <TextBlock HPOS="559" VPOS="160" WIDTH="84" HEIGHT="47" ID="block_1" TAGREFS="BT15">
          <Shape><Polygon POINTS="559 160 643 160 643 207 559 207 559 160"/></Shape>
          <TextLine ID="line_1" TAGREFS="LT8" BASELINE="566 192 678 192" HPOS="566" VPOS="168" WIDTH="112" HEIGHT="44">
            <Shape><Polygon POINTS="626 168 614 168 610 171 608 172 604 171 600 168 590 168 578 168 566 168 566 192 566 206 628 212 628 212 630 212 632 212 632 210 640 202 644 200 678 200 678 192 678 176 640 176 636 172 630 168 626 168"/></Shape>
            <String CONTENT="399" HPOS="566" VPOS="168" WIDTH="112" HEIGHT="44" WC="0.999972383181254"/>
          </TextLine>
        </TextBlock>
        <TextBlock HPOS="732" VPOS="146" WIDTH="556" HEIGHT="56" ID="block_2" TAGREFS="BT18">
          <Shape><Polygon POINTS="732 146 1288 146 1288 203 732 203 732 146"/></Shape>
          <TextLine ID="line_2" TAGREFS="LT8" BASELINE="722 192 1287 182" HPOS="720" VPOS="142" WIDTH="567" HEIGHT="66">
            <Shape><Polygon POINTS="1142 168 1130 168 1118 168 1106 168 1094 168 1082 168 1070 168 1058 168 1046 168 1034 168 1022 168 1010 168 998 168 986 168 974 168 962 168 950 168 938 168 926 168 914 168 900 168 898 168 894 171 872 171 868 168 864 168 852 168 840 168 828 168 818 168 816 168 804 168 792 168 780 168 768 168 756 168 744 168 732 168 720 168 722 192 722 202 782 208 783 208 826 201 848 198 884 201 945 204 946 204 948 204 962 200 974 196 982 200 996 202 998 202 999 202 1028 198 1053 195 1078 198 1100 201 1101 201 1125 196 1160 192 1191 196 1212 200 1214 200 1287 195 1287 182 1284 152 1248 142 1246 142 1161 144 1160 144 1160 144 1160 146 1149 153 1142 159 1142 168"/></Shape>
            <String CONTENT="AD I. PAVL. AD TIM." HPOS="720" VPOS="142" WIDTH="567" HEIGHT="66" WC="0.999278586161764"/>
          </TextLine>
        </TextBlock>
        <TextBlock HPOS="556" VPOS="209" WIDTH="869" HEIGHT="300" ID="block_3" TAGREFS="BT3407">
          <Shape><Polygon POINTS="556 209 1425 209 1425 509 556 509 556 209"/></Shape>
          <TextLine ID="line_3" TAGREFS="LT8" BASELINE="558 250 1419 237" HPOS="556" VPOS="190" WIDTH="862" HEIGHT="81">
            <Shape><Polygon POINTS="558 250 558 264 592 264 592 264 609 272 610 272 610 272 741 270 789 260 792 260 794 260 814 268 816 268 818 268 874 258 878 258 891 258 1088 264 1089 264 1090 264 1092 264 1104 256 1154 256 1180 264 1182 264 1184 264 1216 262 1218 262 1220 262 1228 254 1258 261 1260 261 1262 261 1314 260 1314 260 1316 260 1326 252 1372 260 1374 260 1419 249 1419 237 1414 196 1365 201 1358 196 1352 190 1350 190 1348 190 1347 190 1258 192 1212 194 1210 194 1196 200 1180 204 1155 200 1128 195 1126 195 1086 201 1077 202 1072 201 1052 196 1050 196 1048 196 1018 202 993 207 962 202 924 198 922 198 894 204 868 210 832 210 824 206 819 202 818 202 816 202 814 202 814 202 802 206 789 210 771 207 759 204 759 204 740 207 704 212 698 208 690 202 688 202 687 202 686 202 684 202 684 202 676 208 670 213 592 213 588 208 584 206 584 204 582 204 580 204 579 204 556 208 558 250"/></Shape>
            <String CONTENT="lus quãquam de alimẽtis maximè agit hoc loco." HPOS="556" VPOS="190" WIDTH="862" HEIGHT="81" WC="0.9959814337392648"/>
          </TextLine>
          <TextLine ID="line_4" TAGREFS="LT8" BASELINE="561 302 1418 286" HPOS="561" VPOS="249" WIDTH="856" HEIGHT="70">
            <Shape><Polygon POINTS="561 302 561 315 684 320 686 320 687 320 688 320 693 314 698 310 744 310 750 314 754 318 756 318 758 318 759 318 844 316 878 314 918 308 948 312 966 314 968 314 969 314 969 314 972 312 978 306 1076 304 1106 309 1119 312 1120 312 1148 309 1203 303 1254 308 1272 309 1274 309 1275 309 1280 308 1298 302 1335 308 1344 308 1346 308 1346 308 1352 308 1380 300 1416 306 1418 286 1414 258 1352 249 1352 249 1298 250 1296 250 1281 258 1278 258 1218 252 1216 252 1215 252 1191 260 1191 260 1190 260 1179 252 1178 252 1176 252 1174 252 1173 252 1172 252 1164 260 1161 261 1148 260 1102 254 1101 254 1100 254 1086 260 1080 262 1076 260 1060 254 1060 254 1059 254 1058 254 1042 260 1036 264 987 264 964 261 951 258 950 258 950 258 948 258 945 261 940 266 844 267 780 261 754 260 753 260 740 262 702 270 682 262 681 262 680 262 678 262 645 268 561 264 561 302"/></Shape>
            <String CONTENT="Neque enim qui corporis &amp; vitæ huius caducæ" HPOS="561" VPOS="249" WIDTH="856" HEIGHT="70" WC="0.987523382486299"/>
          </TextLine>
          <TextLine ID="line_5" TAGREFS="LT8" BASELINE="561 346 1418 333" HPOS="560" VPOS="296" WIDTH="858" HEIGHT="70">
            <Shape><Polygon POINTS="561 346 561 357 604 366 604 366 684 364 686 364 718 357 801 363 802 363 804 363 832 354 950 352 1024 360 1026 360 1112 352 1180 357 1182 357 1221 350 1233 357 1234 357 1234 357 1236 357 1270 350 1383 354 1384 354 1386 354 1418 345 1418 333 1412 297 1404 303 1392 298 1388 296 1386 296 1384 296 1383 296 1382 296 1378 298 1371 302 1293 300 1227 298 1227 298 1209 302 1179 309 1102 309 1076 304 1056 302 1054 302 1036 306 1012 312 918 312 898 308 876 303 874 303 873 303 872 303 872 304 867 308 861 314 826 314 820 309 808 304 808 304 807 304 780 310 764 314 759 310 752 306 750 306 748 306 716 306 714 306 664 314 634 316 620 314 592 308 592 308 560 314 561 346"/></Shape>
            <String CONTENT="curam haber, is animum, qui longe potior homi¬" HPOS="560" VPOS="296" WIDTH="858" HEIGHT="70" WC="0.9899672632632048"/>
          </TextLine>
          <TextLine ID="line_6" TAGREFS="LT8" BASELINE="558 398 1419 382" HPOS="556" VPOS="345" WIDTH="862" HEIGHT="74">
            <Shape><Polygon POINTS="558 398 558 410 620 418 621 418 678 410 754 416 756 416 758 416 759 416 771 406 772 406 802 414 804 414 806 414 807 414 840 405 843 405 850 405 954 412 956 412 1076 400 1089 400 1092 400 1120 406 1122 406 1122 406 1124 406 1150 400 1154 399 1167 399 1281 406 1282 406 1282 406 1299 398 1335 404 1336 404 1418 394 1419 382 1414 346 1320 354 1311 350 1306 345 1305 345 1304 345 1302 345 1302 345 1293 350 1280 356 1234 351 1215 350 1214 350 1191 351 1148 357 1130 352 1106 348 1104 348 1104 348 1102 348 1095 354 1089 357 1071 356 1054 352 1053 352 1036 356 1016 360 1005 357 987 351 987 351 986 351 984 351 962 357 948 362 932 358 896 351 894 351 728 356 728 356 704 363 687 356 686 356 684 356 556 368 558 398"/></Shape>
            <String CONTENT="nis pars eſt, debebit negligere: ſic interpretatur" HPOS="556" VPOS="345" WIDTH="862" HEIGHT="74" WC="0.9959650385379791"/>
          </TextLine>
          <TextLine ID="line_7" TAGREFS="LT8" BASELINE="561 444 1419 430" HPOS="560" VPOS="394" WIDTH="860" HEIGHT="62">
            <Shape><Polygon POINTS="1150 408 1138 408 1126 408 1114 408 1102 408 1090 408 1078 408 1066 408 1054 408 1042 408 1030 408 1030 408 1018 408 1005 408 993 408 981 408 969 408 957 408 945 408 933 408 921 408 909 408 897 408 885 408 873 408 867 408 864 410 862 408 861 408 849 408 837 408 825 408 813 408 807 408 795 410 790 408 789 408 777 408 765 408 753 408 748 410 746 408 740 408 728 408 716 408 704 408 692 408 680 408 668 408 656 408 644 408 626 412 616 408 608 408 596 408 584 408 572 408 568 408 560 412 561 444 561 456 1419 446 1419 430 1418 404 1368 394 1366 394 1365 394 1364 394 1353 402 1334 394 1332 394 1332 394 1266 400 1224 398 1222 398 1221 398 1221 398 1214 404 1204 398 1203 398 1203 398 1202 398 1160 406 1152 405 1150 408"/></Shape>
            <String CONTENT="Chryſoſto: &amp; confirmatur Deuter.11.verſ.19. E¬" HPOS="560" VPOS="394" WIDTH="860" HEIGHT="62" WC="0.9762244587359221"/>
          </TextLine>
          <TextLine ID="line_8" TAGREFS="LT8" BASELINE="561 492 1420 478" HPOS="560" VPOS="441" WIDTH="861" HEIGHT="72">
            <Shape><Polygon POINTS="561 492 561 513 678 506 790 512 792 512 794 512 795 512 795 510 801 504 1308 504 1308 502 1342 495 1419 501 1420 478 1418 444 1287 450 1278 446 1268 441 1266 441 1264 441 1264 441 1246 447 1234 450 1228 447 1220 442 1218 442 1216 442 1192 448 1180 450 1172 448 1154 444 1152 444 1150 444 1149 444 1138 450 1134 452 1108 450 1074 447 1072 447 1046 452 1026 454 993 453 900 447 900 447 898 447 876 456 870 456 858 456 798 448 796 448 702 459 698 459 680 450 678 450 678 450 632 460 630 460 585 452 585 452 584 452 560 462 561 492"/></Shape>
            <String CONTENT="pheſ.6.verſ.ꝗ in verbis ἐν παιδεία καὶ νυθεαία κυρία. j" HPOS="560" VPOS="441" WIDTH="861" HEIGHT="72" WC="0.9477871308724085"/>
          </TextLine>
        </TextBlock>
        <TextBlock HPOS="560" VPOS="508" WIDTH="875" HEIGHT="766" ID="block_4" TAGREFS="BT3408">
          <Shape><Polygon POINTS="560 508 1435 508 1435 1274 560 1274 560 508"/></Shape>
          <TextLine ID="line_9" TAGREFS="LT8" BASELINE="628 542 1422 530" HPOS="628" VPOS="490" WIDTH="794" HEIGHT="64">
            <Shape><Polygon POINTS="628 542 628 555 1422 546 1422 530 1420 501 1400 490 1398 490 1332 490 1332 490 1330 490 1318 496 1251 492 1250 492 1248 492 1246 492 1246 494 1238 501 1236 504 1119 504 1114 501 1100 494 1098 494 1068 494 1066 494 1066 494 1065 494 1054 501 1048 506 1041 501 1036 500 1036 500 1035 500 1018 501 981 506 975 501 969 498 969 496 969 496 968 496 966 496 928 501 888 507 879 501 873 498 872 498 870 498 838 498 838 498 837 498 836 498 831 501 822 507 808 501 807 501 806 501 804 501 802 501 801 501 789 508 628 502 628 542"/></Shape>
            <String CONTENT="Suorum &amp; Domeſticorum) omnes intelligit" HPOS="628" VPOS="490" WIDTH="794" HEIGHT="64" WC="0.9928330091329721"/>
          </TextLine>
          <TextLine ID="line_10" TAGREFS="LT8" BASELINE="562 588 1424 578" HPOS="561" VPOS="537" WIDTH="862" HEIGHT="70">
            <Shape><Polygon POINTS="562 588 562 608 728 608 728 606 728 606 740 604 759 598 777 603 789 604 790 604 808 603 830 598 904 600 993 603 994 603 996 603 998 603 1002 598 1005 597 1008 598 1014 603 1016 603 1017 603 1018 603 1052 598 1064 597 1080 598 1132 602 1134 602 1136 602 1146 597 1150 594 1167 596 1209 600 1209 600 1210 600 1212 600 1218 596 1220 594 1233 594 1290 598 1292 598 1320 592 1330 591 1340 592 1376 598 1377 598 1422 591 1424 578 1419 537 1388 538 1386 538 1384 538 1374 548 1328 538 1326 538 1326 538 1323 538 1266 549 1240 540 1240 540 1239 540 1238 540 1236 540 1234 540 1214 549 1180 542 1179 542 1179 542 1176 542 1132 552 1077 552 1053 543 1050 543 1048 543 1048 543 1047 543 1046 543 1046 543 1036 554 976 554 969 546 968 546 966 546 964 546 920 554 909 546 909 544 908 544 906 544 906 544 897 546 844 555 822 555 813 548 812 546 810 546 808 546 808 546 807 546 801 548 786 554 776 549 771 546 771 546 770 546 753 549 716 555 687 549 672 548 672 548 652 549 608 556 561 552 562 588"/></Shape>
            <String CONTENT="Paulus, qui ad nos ſiue iure ſanguinis, ſiue iure fa" HPOS="561" VPOS="537" WIDTH="862" HEIGHT="70" WC="0.990009130193637"/>
          </TextLine>
          <TextLine ID="line_11" TAGREFS="LT8" BASELINE="562 638 1425 627" HPOS="562" VPOS="588" WIDTH="862" HEIGHT="69">
            <Shape><Polygon POINTS="562 651 618 657 620 657 621 657 622 657 632 651 633 651 646 651 837 654 838 654 1425 642 1425 627 1422 588 1234 600 1161 600 1143 591 1142 591 1140 591 1138 591 1130 591 1071 600 1059 591 1058 591 1056 591 1054 591 1054 591 1053 591 1053 592 1042 603 928 603 912 594 910 594 852 594 850 594 842 596 802 600 736 597 730 597 729 597 728 597 710 604 618 598 609 598 608 598 606 598 604 598 585 606 562 598 562 638 562 651"/></Shape>
            <String CONTENT="miliæ &amp; ſubiectionis pertinẽt. Eſt enim omnium" HPOS="562" VPOS="588" WIDTH="862" HEIGHT="69" WC="0.9954385453082145"/>
          </TextLine>
          <TextLine ID="line_12" TAGREFS="LT8" BASELINE="562 686 1426 674" HPOS="561" VPOS="636" WIDTH="866" HEIGHT="66">
            <Shape><Polygon POINTS="562 686 562 702 993 700 1023 696 1029 694 1036 694 1071 699 1072 699 1074 699 1088 694 1090 693 1102 693 1166 698 1166 698 1426 687 1426 674 1425 646 1402 636 1401 636 1340 636 1340 636 1262 646 1260 646 1226 639 1224 639 1222 639 1221 639 1212 646 1210 646 1204 646 1179 642 1179 642 1178 642 1166 646 1161 648 1154 646 1131 640 1130 640 1130 640 1095 646 1080 650 1070 646 1054 642 1053 642 1052 642 1016 646 988 651 982 646 980 645 978 645 976 645 975 645 934 646 874 652 831 648 795 645 795 645 762 648 710 654 681 648 668 646 666 646 666 646 658 648 639 656 561 650 562 686"/></Shape>
            <String CONTENT="illorum a nobis cura habenda. Quãquã enim om" HPOS="561" VPOS="636" WIDTH="866" HEIGHT="66" WC="0.9583817707455676"/>
          </TextLine>
          <TextLine ID="line_13" TAGREFS="LT8" BASELINE="562 736 1430 723" HPOS="561" VPOS="684" WIDTH="868" HEIGHT="69">
            <Shape><Polygon POINTS="562 736 562 753 876 753 876 752 910 746 914 746 914 746 942 752 944 752 975 746 981 744 982 746 994 750 996 750 998 750 1066 744 1086 748 1088 748 1089 748 1090 748 1110 742 1114 741 1130 741 1227 746 1227 746 1293 740 1294 740 1296 740 1395 744 1395 744 1430 735 1430 723 1426 684 1366 684 1365 684 1364 684 1360 686 1336 694 1299 687 1287 686 1286 686 1284 686 1280 688 1264 696 1209 690 1208 690 1206 690 1204 690 1196 696 1149 692 1119 688 1118 688 1060 694 1005 699 966 696 933 694 932 694 906 698 890 700 880 699 856 693 855 693 854 693 852 693 843 699 842 700 837 700 808 696 808 696 807 696 806 696 800 700 796 702 789 702 762 696 760 696 759 696 759 696 748 702 747 702 746 702 728 694 726 694 724 694 723 694 722 694 708 702 705 705 634 705 632 705 591 696 590 696 588 696 561 706 562 736"/></Shape>
            <String CONTENT="nes non ſunt pari gradu cõiũcti nobis, etiam qui" HPOS="561" VPOS="684" WIDTH="868" HEIGHT="69" WC="0.9926020050048828"/>
          </TextLine>
          <TextLine ID="line_14" TAGREFS="LT8" BASELINE="562 784 1430 771" HPOS="561" VPOS="735" WIDTH="868" HEIGHT="69">
            <Shape><Polygon POINTS="562 784 564 804 578 798 621 802 633 804 634 804 634 804 640 802 660 796 746 801 774 801 776 801 777 801 780 801 795 795 832 800 846 801 848 801 878 798 950 792 980 796 993 798 994 798 1023 795 1080 789 1118 794 1138 795 1140 795 1173 794 1232 788 1428 788 1430 771 1426 746 1358 740 1356 740 1316 746 1312 746 1311 746 1290 735 1290 735 1288 735 1234 746 1227 746 1227 746 1215 738 1214 738 1212 738 1170 738 1168 738 1167 738 1148 746 1137 750 1100 750 1092 746 1074 740 1074 740 1072 740 1029 746 1011 748 999 746 976 741 975 741 975 741 963 746 952 752 940 746 927 741 926 741 926 741 924 741 906 746 888 752 848 747 824 744 822 744 820 744 820 744 820 746 816 747 810 753 777 756 696 756 666 747 662 746 660 746 660 746 658 746 652 747 622 758 598 747 597 747 596 747 594 747 561 747 562 784"/></Shape>
            <String CONTENT="ſanguinis neceſſitudine ſunt deuincti, nulli tamen" HPOS="561" VPOS="735" WIDTH="868" HEIGHT="69" WC="0.98240478515625"/>
          </TextLine>
          <TextLine ID="line_15" TAGREFS="LT8" BASELINE="564 832 1430 820" HPOS="562" VPOS="783" WIDTH="867" HEIGHT="68">
            <Shape><Polygon POINTS="1154 792 1152 789 1113 795 1110 795 1110 795 1035 786 1034 786 1032 786 1030 786 1017 796 1016 796 914 789 914 789 912 789 888 798 814 800 801 789 801 789 800 789 798 789 654 801 640 802 633 802 574 794 573 794 573 794 572 794 562 800 564 832 564 844 681 850 682 850 746 844 747 844 798 850 800 850 962 842 998 846 999 846 1030 840 1036 838 1047 838 1106 844 1107 844 1174 838 1192 837 1209 838 1270 843 1270 843 1272 843 1290 837 1293 836 1299 837 1326 842 1326 842 1328 842 1346 836 1353 834 1426 834 1430 820 1428 792 1406 784 1404 784 1402 784 1264 794 1227 783 1226 783 1224 783 1222 783 1203 794 1185 784 1185 784 1184 784 1155 789 1154 792"/></Shape>
            <String CONTENT="ſunt a nobis ſpernendi &amp; deſerendi. Quanquam" HPOS="562" VPOS="783" WIDTH="867" HEIGHT="68" WC="0.9996786591681567"/>
          </TextLine>
          <TextLine ID="line_16" TAGREFS="LT8" BASELINE="562 882 1428 868" HPOS="561" VPOS="831" WIDTH="867" HEIGHT="66">
            <Shape><Polygon POINTS="562 882 562 894 777 897 778 897 1426 880 1428 868 1425 838 1376 834 1376 834 1340 840 1335 840 1334 840 1320 831 1318 831 1317 831 1286 831 1284 831 1282 831 1282 831 1266 842 1264 842 1246 832 1246 832 1208 832 1206 832 1156 834 1155 834 1136 844 1132 844 1122 844 1011 836 1011 836 1010 836 986 842 912 838 910 838 909 838 908 838 892 848 888 848 826 840 826 840 777 849 771 850 710 850 710 850 690 842 688 842 687 842 636 850 604 843 604 843 603 843 602 843 600 843 600 844 590 852 590 854 561 854 562 882"/></Shape>
            <String CONTENT="etiam ſæpe in alienas familias tranſiiſſe videntur" HPOS="561" VPOS="831" WIDTH="867" HEIGHT="66" WC="0.9968146073818207"/>
          </TextLine>
          <TextLine ID="line_17" TAGREFS="LT8" BASELINE="566 932 1431 916" HPOS="564" VPOS="878" WIDTH="867" HEIGHT="70">
            <Shape><Polygon POINTS="566 932 566 940 615 946 616 946 645 940 662 948 663 948 664 948 830 939 996 944 998 944 1143 932 1408 936 1410 936 1412 936 1431 926 1431 916 1426 878 1410 886 1368 886 1352 880 1348 879 1347 879 1346 879 1346 879 1344 879 1342 880 1332 888 1286 888 1257 882 1246 880 1245 880 1172 882 1170 882 1168 882 1164 885 1158 888 1126 886 1089 882 1088 882 1030 888 1004 891 990 890 957 885 956 885 926 891 908 894 890 892 854 888 852 888 798 894 778 897 753 896 636 890 634 890 564 900 566 932"/></Shape>
            <String CONTENT="noſtri liberi, vel per adoptionem ciuilem: vel per" HPOS="564" VPOS="878" WIDTH="867" HEIGHT="70" WC="0.9911872923374176"/>
          </TextLine>
          <TextLine ID="line_18" TAGREFS="LT8" BASELINE="566 980 1432 964" HPOS="564" VPOS="926" WIDTH="868" HEIGHT="74">
            <Shape><Polygon POINTS="566 980 566 990 693 999 694 999 696 999 698 999 710 988 711 988 716 988 780 998 782 998 783 998 800 988 801 987 804 988 838 996 838 996 840 996 855 987 856 987 870 987 986 993 987 993 1024 987 1024 987 1035 993 1036 993 1036 993 1038 993 1110 986 1118 986 1124 986 1197 990 1197 990 1198 990 1200 990 1208 984 1210 981 1222 984 1234 987 1234 987 1254 984 1287 980 1314 982 1329 986 1330 986 1346 982 1380 978 1431 981 1432 964 1431 938 1378 938 1362 926 1360 926 1359 926 1358 926 1306 936 1288 927 1287 927 1286 927 1284 927 1245 938 1234 928 1233 928 1232 928 1230 928 1098 938 1083 932 1082 932 1080 932 1042 939 1024 933 1024 933 1023 933 1022 933 996 944 933 933 932 933 878 945 780 946 645 938 644 938 642 938 616 950 592 944 591 944 590 944 588 944 564 950 566 980"/></Shape>
            <String CONTENT="coniugia: propterea tamen ius illud &amp; vinculum" HPOS="564" VPOS="926" WIDTH="868" HEIGHT="74" WC="0.9943059203417405"/>
          </TextLine>
          <TextLine ID="line_19" TAGREFS="LT8" BASELINE="567 1028 1432 1011" HPOS="566" VPOS="974" WIDTH="867" HEIGHT="72">
            <Shape><Polygon POINTS="795 1023 783 1023 771 1023 759 1023 746 1023 734 1023 722 1023 710 1023 698 1023 686 1023 674 1023 662 1024 650 1024 638 1024 626 1024 614 1024 602 1024 590 1024 578 1024 566 1024 567 1028 567 1038 630 1046 632 1046 832 1035 1166 1036 1166 1036 1167 1036 1188 1029 1292 1034 1293 1034 1294 1034 1310 1026 1392 1029 1394 1029 1432 1023 1432 1011 1430 974 1370 987 1314 981 1312 981 1240 986 1228 982 1215 978 1214 978 1212 978 1210 978 1198 984 1185 990 1173 984 1167 981 1166 981 1166 981 1164 981 1162 981 1160 986 1155 987 1144 986 1112 981 1110 981 1076 988 1054 993 1046 990 1034 984 1032 984 842 984 840 984 838 984 838 984 819 999 818 1000 813 999 806 998 804 998 802 998 801 998 801 998 795 1023"/></Shape>
            <String CONTENT="langoins non eſt abolitum, neque abruptum, vt" HPOS="566" VPOS="974" WIDTH="867" HEIGHT="72" WC="0.9825616319974263"/>
          </TextLine>
          <TextLine ID="line_20" TAGREFS="LT8" BASELINE="567 1076 1436 1060" HPOS="566" VPOS="1023" WIDTH="870" HEIGHT="72">
            <Shape><Polygon POINTS="1168 1042 1160 1032 1154 1035 1011 1029 1010 1029 962 1038 926 1030 924 1030 922 1030 897 1038 832 1032 832 1032 831 1032 798 1041 700 1035 699 1035 698 1035 680 1044 624 1044 616 1038 616 1038 615 1038 614 1038 566 1046 567 1076 567 1088 585 1095 586 1095 588 1095 834 1084 1032 1088 1034 1088 1035 1088 1036 1088 1047 1082 1164 1086 1166 1086 1436 1072 1436 1060 1434 1030 1406 1023 1404 1023 1402 1023 1365 1030 1302 1023 1300 1023 1299 1023 1272 1032 1196 1026 1194 1026 1173 1029 1168 1042"/></Shape>
            <String CONTENT="eos negligere debeamus. Iura enim ſanguinis nul¬" HPOS="566" VPOS="1023" WIDTH="870" HEIGHT="72" WC="0.9981809295713902"/>
          </TextLine>
          <TextLine ID="line_21" TAGREFS="LT8" BASELINE="568 1124 1440 1110" HPOS="567" VPOS="1068" WIDTH="873" HEIGHT="80">
            <Shape><Polygon POINTS="568 1124 568 1138 582 1146 584 1146 585 1148 640 1148 640 1146 640 1146 662 1137 711 1144 712 1144 714 1144 734 1134 735 1134 766 1140 768 1140 770 1140 789 1134 789 1134 790 1134 814 1142 814 1142 816 1142 915 1142 916 1142 918 1142 926 1132 966 1131 970 1131 993 1140 994 1140 996 1140 1036 1131 1070 1138 1071 1138 1119 1130 1146 1137 1148 1137 1148 1137 1215 1126 1221 1126 1227 1126 1293 1134 1294 1134 1296 1134 1320 1126 1438 1122 1440 1110 1437 1068 1324 1070 1323 1070 1322 1070 1314 1076 1305 1070 1304 1070 1302 1070 1302 1070 1300 1070 1298 1071 1269 1078 1230 1072 1228 1072 1227 1072 1227 1072 1214 1080 1125 1074 1124 1074 1083 1083 1023 1076 1011 1074 1011 1074 972 1076 970 1076 969 1076 962 1083 890 1078 873 1077 872 1077 870 1077 868 1078 850 1086 818 1078 812 1078 810 1078 795 1078 720 1089 567 1084 568 1124"/></Shape>
            <String CONTENT="lo modo tolli poſſunt. Vnde perpetuò ad noſtrũ" HPOS="567" VPOS="1068" WIDTH="873" HEIGHT="80" WC="0.998854648321867"/>
          </TextLine>
          <TextLine ID="line_22" TAGREFS="LT8" BASELINE="570 1172 1437 1156" HPOS="568" VPOS="1122" WIDTH="868" HEIGHT="74">
            <Shape><Polygon POINTS="570 1172 570 1184 586 1184 600 1196 602 1196 603 1196 604 1196 651 1194 652 1194 654 1194 668 1184 708 1190 710 1190 710 1190 711 1190 726 1180 771 1180 789 1191 790 1191 792 1191 794 1192 825 1192 825 1191 826 1191 826 1191 842 1179 957 1184 958 1184 960 1184 978 1178 1088 1186 1089 1186 1090 1186 1092 1186 1104 1179 1148 1184 1149 1184 1150 1184 1172 1173 1209 1184 1210 1184 1212 1184 1252 1178 1302 1184 1302 1184 1437 1167 1437 1156 1432 1126 1294 1131 1274 1128 1236 1122 1234 1122 1191 1124 1190 1124 1174 1130 1166 1134 1149 1130 1120 1125 1119 1125 1066 1132 1034 1136 1002 1132 958 1128 957 1128 926 1134 900 1138 876 1134 842 1130 840 1130 838 1130 826 1136 820 1140 784 1136 738 1132 736 1132 735 1132 734 1132 734 1134 729 1137 724 1142 711 1138 690 1134 690 1134 688 1134 678 1138 675 1142 568 1142 570 1172"/></Shape>
            <String CONTENT="erga conſanguineos &amp; cognatos officium præ¬" HPOS="568" VPOS="1122" WIDTH="868" HEIGHT="74" WC="0.9932889425477316"/>
          </TextLine>
          <TextLine ID="line_23" TAGREFS="LT8" BASELINE="572 1221 1438 1208" HPOS="570" VPOS="1170" WIDTH="868" HEIGHT="69">
            <Shape><Polygon POINTS="572 1221 572 1234 726 1239 728 1239 1023 1228 1065 1227 1071 1227 1104 1233 1106 1233 1107 1233 1122 1227 1125 1227 1136 1227 1194 1232 1196 1232 1197 1232 1209 1226 1210 1226 1221 1226 1280 1230 1281 1230 1437 1221 1438 1208 1437 1170 1392 1170 1390 1170 1389 1170 1388 1170 1358 1179 1296 1173 1294 1173 1200 1182 1162 1176 1149 1173 1148 1173 1122 1176 1064 1184 1032 1178 1016 1176 1014 1176 1012 1176 1006 1178 996 1184 986 1179 978 1176 976 1176 975 1176 975 1176 964 1179 954 1184 948 1180 944 1178 942 1178 940 1178 939 1178 938 1178 928 1180 918 1184 904 1180 888 1178 888 1178 886 1178 885 1178 876 1182 866 1188 702 1188 698 1185 693 1180 692 1180 690 1180 658 1180 657 1180 656 1180 654 1180 654 1182 648 1186 645 1190 612 1190 608 1188 600 1182 598 1182 598 1182 597 1182 596 1182 570 1188 572 1221"/></Shape>
            <String CONTENT="ſtandũ, ac curam de iis habendam iure naturæ, di" HPOS="570" VPOS="1170" WIDTH="868" HEIGHT="69" WC="0.9985774268909376"/>
          </TextLine>
          <TextLine ID="line_24" TAGREFS="LT8" BASELINE="573 1269 1245 1258" HPOS="572" VPOS="1224" WIDTH="674" HEIGHT="64">
            <Shape><Polygon POINTS="573 1269 573 1282 592 1288 594 1288 596 1288 650 1281 654 1281 656 1281 666 1288 668 1288 669 1288 670 1288 740 1288 740 1288 740 1288 771 1280 771 1280 776 1280 850 1286 850 1286 906 1276 912 1276 921 1276 1041 1282 1042 1282 1042 1282 1076 1275 1078 1275 1083 1275 1158 1282 1160 1282 1227 1281 1228 1281 1245 1272 1245 1258 1244 1233 1222 1224 1221 1224 1221 1224 1101 1226 1100 1226 1074 1233 888 1228 888 1228 886 1228 885 1228 873 1238 820 1238 742 1233 741 1233 710 1239 690 1232 688 1232 687 1232 686 1232 669 1238 657 1232 656 1232 654 1232 654 1232 628 1239 602 1233 600 1233 598 1233 598 1233 572 1240 573 1269"/></Shape>
            <String CONTENT="uinóque præcepto manemus obligati." HPOS="572" VPOS="1224" WIDTH="674" HEIGHT="64" WC="0.9926921640123639"/>
          </TextLine>
        </TextBlock>
        <TextBlock HPOS="578" VPOS="1279" WIDTH="875" HEIGHT="536" ID="block_5" TAGREFS="BT3408">
          <Shape><Polygon POINTS="578 1279 1453 1279 1453 1815 578 1815 578 1279"/></Shape>
          <TextLine ID="line_25" TAGREFS="LT8" BASELINE="622 1318 1443 1305" HPOS="622" VPOS="1266" WIDTH="820" HEIGHT="72">
            <Shape><Polygon POINTS="622 1318 624 1338 639 1330 660 1336 664 1338 666 1338 666 1338 675 1336 710 1329 718 1335 720 1336 722 1336 722 1336 723 1338 771 1338 771 1336 771 1336 777 1334 789 1328 825 1332 844 1335 846 1335 867 1332 892 1326 910 1330 918 1332 920 1332 920 1332 921 1332 922 1330 928 1326 1020 1328 1084 1329 1086 1329 1206 1323 1263 1320 1268 1322 1286 1328 1287 1328 1288 1328 1341 1320 1347 1320 1353 1320 1422 1326 1424 1326 1425 1326 1443 1317 1443 1305 1440 1270 1358 1275 1335 1270 1302 1266 1300 1266 1299 1266 1288 1272 1281 1276 1263 1272 1238 1268 1236 1268 1234 1268 1222 1272 1215 1276 1168 1276 1155 1274 1144 1270 1143 1270 1142 1270 1114 1274 1100 1276 1092 1274 1080 1270 1078 1270 1077 1270 1044 1275 1011 1280 963 1276 927 1272 926 1272 884 1274 882 1274 882 1274 878 1276 868 1282 698 1286 672 1278 668 1276 666 1276 666 1276 622 1278 622 1318"/></Shape>
            <String CONTENT="Hos autem gradus ſtatuit hoc loco Paulus, vt" HPOS="622" VPOS="1266" WIDTH="820" HEIGHT="72" WC="0.9988635209473696"/>
          </TextLine>
          <TextLine ID="line_26" TAGREFS="LT8" BASELINE="576 1366 1443 1352" HPOS="574" VPOS="1316" WIDTH="868" HEIGHT="70">
            <Shape><Polygon POINTS="1166 1332 1161 1323 1126 1322 1088 1320 1086 1320 1071 1322 1029 1329 980 1323 968 1322 966 1322 964 1322 962 1323 944 1330 904 1326 903 1326 902 1326 888 1332 789 1334 724 1326 720 1326 718 1326 717 1326 716 1326 690 1334 574 1328 576 1366 576 1377 640 1386 642 1386 718 1384 720 1384 722 1384 735 1376 836 1382 837 1382 886 1374 1215 1376 1215 1376 1216 1376 1242 1368 1296 1376 1296 1376 1298 1376 1324 1366 1352 1374 1353 1374 1354 1374 1356 1374 1370 1368 1425 1372 1426 1372 1428 1372 1443 1364 1443 1352 1437 1318 1422 1323 1376 1318 1346 1316 1344 1316 1323 1320 1293 1324 1258 1320 1244 1318 1242 1318 1240 1318 1236 1320 1221 1326 1170 1323 1166 1332"/></Shape>
            <String CONTENT="Domeſticos primũ nobis cõmendet, &amp; præferat" HPOS="574" VPOS="1316" WIDTH="868" HEIGHT="70" WC="0.9987816863589817"/>
          </TextLine>
          <TextLine ID="line_27" TAGREFS="LT8" BASELINE="576 1413 1448 1400" HPOS="574" VPOS="1364" WIDTH="873" HEIGHT="70">
            <Shape><Polygon POINTS="1166 1372 1162 1368 1146 1365 1144 1365 1143 1365 1142 1365 1131 1374 1130 1376 1095 1376 1089 1374 1074 1368 1074 1368 1072 1368 1071 1368 1050 1376 1046 1376 1041 1376 1022 1366 1020 1366 1018 1366 1018 1366 987 1376 980 1377 975 1376 958 1370 957 1370 956 1370 956 1370 938 1376 930 1378 918 1376 886 1370 885 1370 884 1370 864 1377 858 1380 801 1380 790 1377 759 1370 758 1370 712 1378 699 1382 622 1382 616 1380 604 1372 603 1372 602 1372 600 1372 574 1380 576 1413 576 1425 660 1434 662 1434 663 1434 678 1428 716 1432 716 1432 717 1432 718 1432 730 1425 832 1431 834 1431 884 1422 1080 1425 1080 1425 1082 1425 1104 1419 1107 1419 1108 1419 1152 1426 1154 1426 1230 1425 1270 1416 1275 1416 1280 1416 1334 1425 1335 1425 1336 1425 1364 1414 1365 1414 1370 1414 1400 1420 1401 1420 1448 1413 1448 1400 1444 1370 1400 1364 1398 1364 1370 1370 1360 1372 1354 1370 1332 1364 1332 1364 1330 1364 1329 1364 1328 1364 1317 1371 1314 1374 1294 1374 1292 1371 1284 1365 1282 1365 1282 1365 1281 1365 1250 1371 1220 1364 1218 1364 1216 1364 1215 1364 1191 1372 1186 1374 1182 1372 1167 1370 1166 1372"/></Shape>
            <String CONTENT="iis, quos ἰδυς appellauit. Ratio eſt, quòd hi dome¬" HPOS="574" VPOS="1364" WIDTH="873" HEIGHT="70" WC="0.9923925883365128"/>
          </TextLine>
          <TextLine ID="line_28" TAGREFS="LT8" BASELINE="576 1461 1446 1449" HPOS="574" VPOS="1413" WIDTH="872" HEIGHT="69">
            <Shape><Polygon POINTS="852 1456 840 1456 828 1456 816 1456 804 1456 792 1456 780 1456 768 1456 756 1456 744 1456 732 1456 720 1456 708 1456 696 1456 684 1460 672 1460 660 1460 648 1460 634 1460 622 1460 610 1460 598 1460 586 1460 574 1460 576 1461 576 1482 717 1482 718 1482 723 1480 736 1474 752 1480 754 1480 756 1480 758 1482 836 1482 836 1480 837 1480 844 1478 852 1474 879 1478 906 1480 906 1480 908 1480 915 1476 924 1472 1011 1474 1064 1474 1065 1474 1083 1473 1102 1468 1125 1472 1174 1476 1176 1476 1178 1476 1179 1476 1186 1470 1191 1468 1209 1468 1260 1474 1262 1474 1311 1467 1314 1467 1318 1467 1352 1473 1352 1473 1446 1462 1446 1449 1444 1426 1436 1419 1436 1418 1434 1418 1432 1418 1431 1418 1394 1420 1358 1413 1358 1413 1356 1413 1336 1420 1322 1414 1320 1414 1320 1414 1269 1422 1238 1416 1236 1416 1234 1416 1234 1416 1221 1426 1178 1430 1170 1424 1168 1424 1167 1424 1166 1424 1136 1428 1120 1418 1119 1418 1118 1418 1100 1418 1098 1418 1098 1418 1096 1418 1096 1419 1086 1426 1056 1420 1054 1420 1054 1420 1017 1431 996 1419 994 1419 993 1419 993 1419 992 1419 970 1431 950 1419 948 1419 924 1419 922 1419 886 1420 885 1420 858 1434 852 1456"/></Shape>
            <String CONTENT="ſtienquos itenigit Paulus &amp; ſanguis ſunt noſter:" HPOS="574" VPOS="1413" WIDTH="872" HEIGHT="69" WC="0.9896007316807905"/>
          </TextLine>
          <TextLine ID="line_29" TAGREFS="LT8" BASELINE="579 1509 1449 1498" HPOS="579" VPOS="1461" WIDTH="870" HEIGHT="69">
            <Shape><Polygon POINTS="579 1509 579 1524 770 1530 771 1530 850 1522 850 1522 866 1530 867 1530 868 1530 921 1521 926 1521 927 1521 960 1526 962 1526 962 1526 963 1526 969 1520 970 1520 1040 1520 1059 1527 1060 1527 1060 1527 1096 1518 1098 1518 1102 1518 1156 1526 1158 1526 1252 1516 1264 1516 1274 1516 1350 1524 1352 1524 1352 1524 1372 1515 1376 1515 1448 1515 1449 1498 1446 1473 1352 1461 1352 1461 1221 1464 1221 1464 1220 1464 1204 1474 1160 1474 1155 1476 1052 1476 1038 1476 1026 1467 1024 1467 1024 1467 998 1467 996 1467 994 1467 993 1467 978 1476 922 1468 921 1468 920 1468 902 1478 854 1468 852 1468 850 1468 814 1479 794 1470 792 1470 790 1470 789 1470 765 1480 765 1480 762 1480 706 1474 705 1474 662 1480 660 1480 658 1480 598 1472 597 1472 596 1472 579 1480 579 1509"/></Shape>
            <String CONTENT="atque etiam noſtrę familiæ pars, quæ nobis pręci" HPOS="579" VPOS="1461" WIDTH="870" HEIGHT="69" WC="0.9971714782714843"/>
          </TextLine>
          <TextLine ID="line_30" TAGREFS="LT8" BASELINE="579 1560 1450 1545" HPOS="579" VPOS="1508" WIDTH="872" HEIGHT="72">
            <Shape><Polygon POINTS="579 1560 579 1578 657 1572 680 1576 692 1578 693 1578 694 1578 700 1575 710 1572 716 1575 720 1580 722 1580 722 1580 723 1580 766 1580 766 1580 798 1572 814 1570 830 1572 867 1578 868 1578 870 1578 885 1570 894 1568 945 1569 1006 1572 1008 1572 1010 1572 1011 1572 1011 1570 1014 1568 1017 1564 1104 1564 1113 1566 1154 1572 1154 1572 1290 1563 1330 1569 1332 1569 1332 1569 1334 1569 1342 1562 1376 1569 1376 1569 1450 1557 1450 1545 1448 1516 1376 1508 1376 1508 1374 1508 1372 1508 1372 1509 1362 1516 1329 1510 1233 1510 1232 1510 1230 1510 1228 1510 1212 1521 1124 1521 1089 1512 1088 1512 1086 1512 1086 1512 1066 1522 1056 1514 1054 1514 1054 1514 1028 1514 1026 1514 1024 1514 1024 1514 1011 1524 975 1524 960 1515 958 1515 957 1515 956 1515 855 1526 838 1516 837 1516 836 1516 772 1527 651 1520 650 1520 579 1530 579 1560"/></Shape>
            <String CONTENT="puè commendatur: &amp; cui à Deo pręficimur ſpe¬" HPOS="579" VPOS="1508" WIDTH="872" HEIGHT="72" WC="0.9924308543509626"/>
          </TextLine>
          <TextLine ID="line_31" TAGREFS="LT8" BASELINE="580 1606 1450 1596" HPOS="579" VPOS="1562" WIDTH="872" HEIGHT="63">
            <Shape><Polygon POINTS="580 1606 580 1620 586 1624 588 1624 590 1624 591 1624 698 1623 698 1623 711 1617 772 1623 774 1623 776 1623 804 1616 898 1622 900 1622 954 1616 963 1622 964 1622 966 1622 968 1622 1065 1612 1158 1618 1160 1618 1160 1618 1179 1612 1251 1617 1252 1617 1380 1610 1437 1616 1437 1616 1438 1616 1440 1616 1450 1608 1450 1596 1449 1564 1296 1562 1296 1562 1294 1562 1281 1566 1270 1570 1256 1568 1233 1563 1232 1563 1230 1563 1228 1563 1221 1568 1215 1572 1174 1572 1170 1569 1162 1563 1161 1563 1160 1563 1160 1563 1119 1570 1104 1572 1092 1570 1064 1564 1062 1564 1060 1564 1036 1572 1028 1575 963 1575 942 1574 872 1566 870 1566 870 1566 868 1566 856 1575 854 1576 843 1575 794 1570 792 1570 762 1576 723 1572 722 1572 722 1572 720 1572 712 1578 642 1570 640 1570 579 1580 580 1606"/></Shape>
            <String CONTENT="cialiori atque arctiori quodam vinculo. Nõ vult" HPOS="579" VPOS="1562" WIDTH="872" HEIGHT="63" WC="0.9864751522739729"/>
          </TextLine>
          <TextLine ID="line_32" TAGREFS="LT8" BASELINE="582 1656 1449 1641" HPOS="580" VPOS="1605" WIDTH="868" HEIGHT="72">
            <Shape><Polygon POINTS="582 1656 582 1668 642 1677 644 1677 645 1677 666 1670 728 1674 728 1674 782 1666 807 1674 808 1674 808 1674 946 1664 984 1671 986 1671 987 1671 987 1671 999 1664 1040 1671 1041 1671 1077 1662 1086 1670 1088 1670 1089 1670 1090 1671 1122 1671 1122 1670 1124 1670 1125 1670 1134 1662 1210 1665 1212 1665 1214 1665 1234 1659 1252 1666 1252 1666 1254 1666 1336 1659 1374 1665 1376 1665 1449 1653 1449 1641 1446 1614 1334 1605 1332 1605 1292 1608 1290 1608 1290 1608 1281 1616 1196 1616 1160 1608 1160 1608 1158 1608 1114 1617 1054 1610 1054 1610 1053 1610 1030 1620 962 1620 944 1611 942 1611 940 1611 822 1614 820 1614 795 1623 738 1623 728 1616 728 1616 726 1616 724 1616 651 1623 612 1620 610 1620 610 1620 580 1628 582 1656"/></Shape>
            <String CONTENT="autem ſeruos à nobis propinquis &amp; cognatis præ" HPOS="580" VPOS="1605" WIDTH="868" HEIGHT="72" WC="0.9932324404412127"/>
          </TextLine>
          <TextLine ID="line_33" TAGREFS="LT8" BASELINE="580 1707 1452 1690" HPOS="579" VPOS="1652" WIDTH="873" HEIGHT="72">
            <Shape><Polygon POINTS="580 1707 580 1718 634 1724 634 1724 1017 1710 1326 1710 1328 1710 1452 1701 1452 1690 1450 1660 1420 1652 1419 1652 1419 1652 1376 1659 1332 1653 1330 1653 1329 1653 1328 1653 1328 1653 1318 1660 1316 1665 1260 1665 1170 1665 1166 1662 1156 1656 1155 1656 1154 1656 1154 1656 1152 1656 1138 1662 1130 1668 1078 1668 1064 1664 1047 1659 1046 1659 1044 1659 1042 1659 1028 1664 1008 1670 976 1664 952 1659 951 1659 950 1659 934 1665 912 1671 890 1665 882 1662 882 1662 862 1662 861 1662 860 1662 858 1662 856 1665 846 1671 801 1665 788 1664 786 1664 704 1665 704 1665 702 1665 693 1672 668 1665 666 1665 666 1665 664 1665 579 1665 580 1707"/></Shape>
            <String CONTENT="ferri, etſi ſerui ſunt domeſticorũ numero fidẽ ab¬" HPOS="579" VPOS="1652" WIDTH="873" HEIGHT="72" WC="0.9853653151255387"/>
          </TextLine>
          <TextLine ID="line_34" TAGREFS="LT8" BASELINE="582 1755 1456 1740" HPOS="580" VPOS="1698" WIDTH="876" HEIGHT="78">
            <Shape><Polygon POINTS="582 1755 582 1770 648 1776 648 1776 674 1770 690 1766 694 1770 700 1774 702 1774 704 1774 704 1774 738 1768 746 1767 750 1768 765 1773 765 1773 766 1773 818 1767 826 1766 831 1766 848 1772 849 1772 850 1772 894 1764 902 1764 910 1764 968 1770 969 1770 969 1770 970 1770 981 1764 987 1760 1011 1764 1036 1766 1038 1766 1040 1766 1048 1762 1060 1758 1092 1761 1118 1764 1119 1764 1120 1764 1130 1761 1140 1758 1155 1760 1185 1766 1186 1766 1232 1758 1256 1755 1276 1758 1300 1761 1302 1761 1302 1761 1312 1758 1322 1754 1354 1756 1410 1761 1412 1761 1456 1754 1456 1740 1454 1698 1336 1700 1335 1700 1334 1700 1332 1701 1322 1708 1314 1702 1314 1702 1312 1702 1311 1702 1272 1708 1258 1702 1254 1702 1252 1702 1252 1702 1209 1702 1208 1702 1202 1706 1179 1712 1154 1707 1136 1702 1134 1702 1132 1702 1131 1702 1126 1707 1120 1712 1076 1708 1058 1708 1056 1708 1054 1708 1054 1708 1053 1708 1047 1714 1026 1710 999 1706 999 1706 998 1706 986 1712 976 1714 938 1713 866 1708 864 1708 864 1708 862 1708 850 1714 846 1719 795 1719 783 1718 746 1710 746 1710 744 1710 742 1710 729 1719 726 1719 684 1714 682 1714 580 1722 582 1755"/></Shape>
            <String CONTENT="negat qui ſecus facitait Paulus: duplicẽ notã huiuſ" HPOS="580" VPOS="1698" WIDTH="876" HEIGHT="78" WC="0.9961671098223273"/>
          </TextLine>
          <TextLine ID="line_35" TAGREFS="LT8" BASELINE="588 1804 1458 1788" HPOS="586" VPOS="1748" WIDTH="872" HEIGHT="81">
            <Shape><Polygon POINTS="588 1804 588 1826 669 1820 702 1824 738 1828 740 1828 740 1828 741 1828 748 1822 753 1820 759 1822 765 1826 765 1826 766 1826 768 1826 777 1822 790 1818 826 1821 882 1826 882 1827 915 1827 915 1826 916 1826 932 1820 933 1816 936 1820 944 1826 944 1826 945 1826 946 1826 1018 1818 1030 1824 1030 1824 1032 1824 1161 1821 1162 1821 1164 1821 1172 1815 1240 1820 1242 1820 1244 1820 1278 1810 1282 1808 1430 1808 1443 1814 1443 1814 1444 1814 1446 1814 1458 1806 1458 1788 1455 1748 1400 1749 1398 1749 1383 1756 1305 1752 1275 1750 1274 1750 1272 1750 1270 1750 1268 1752 1258 1758 1245 1754 1240 1752 1240 1752 1239 1752 1238 1752 1236 1752 1234 1754 1226 1761 1188 1761 1168 1755 1158 1752 1156 1752 1155 1752 1134 1756 1120 1758 1090 1758 1016 1755 1014 1755 981 1761 958 1764 940 1762 924 1760 922 1760 921 1760 920 1760 918 1764 914 1766 878 1764 789 1758 788 1758 786 1758 764 1767 764 1768 712 1768 670 1761 669 1761 668 1761 666 1761 651 1770 650 1772 586 1772 588 1804"/></Shape>
            <String CONTENT="modi hominibus inurit &amp; Infidelitatis ferinæ vel" HPOS="586" VPOS="1748" WIDTH="872" HEIGHT="81" WC="0.9836694734791914"/>
          </TextLine>
        </TextBlock>
        <TextBlock HPOS="1312" VPOS="1804" WIDTH="146" HEIGHT="52" ID="block_6" TAGREFS="BT17">
          <Shape><Polygon POINTS="1312 1804 1457 1804 1457 1856 1312 1856 1312 1804"/></Shape>
          <TextLine ID="line_36" TAGREFS="LT8" BASELINE="1310 1839 1461 1838" HPOS="1308" VPOS="1798" WIDTH="153" HEIGHT="64">
            <Shape><Polygon POINTS="1310 1839 1310 1863 1388 1854 1458 1858 1461 1838 1456 1798 1308 1802 1310 1839"/></Shape>
            <String CONTENT="beluinæ" HPOS="1308" VPOS="1798" WIDTH="153" HEIGHT="64" WC="0.9993654830115182"/>
          </TextLine>
        </TextBlock>
      </PrintSpace>
    </Page>
  </Layout>
</alto>
