1500 2172
546 152 99 39 429

694 122 568 64 AD I. PAVL. AD TIM.

537 165 870 78 quantũ ex muneris noſtri ratione vel Chriſtianæ

537 214 876 75 charitatis officio tenemur, non eſt curioſitas: ſed

537 264 870 76 eſt officium, quod eſt ſanè laudandum. Eò deni¬

542 314 868 80 que pertinere videntur poſtrema huius verſiculi

538 364 868 74 verba loquentes quæ non oportet. Nec enim de alio

538 412 870 74 loqui prohibemur ſemper, ſed videndũ eſt. Quid,

543 462 771 74 Quomodo, & Quatenus loqui de eo liceat.

590 510 818 68 Priuſquam autem totum hunc de Diaconiſſis

537 558 872 75 locum finiamus, duo ſcitu neceſſaria ſunt enodã¬

538 609 874 74 da. Primùm quidem, vtrum eas hodie in refor¬

540 657 864 70 matis Chriſtianiſque Eccleſijs retinere ſit operc̨¬

540 706 873 76 pretiũ, cùm nos quàm maximè fieri poteſt, proxi¬

543 758 868 70 mè ad veterem & Apoſtolicam Eccleſiam acce¬

542 801 872 75 dere tum in doctrina: tum etiam in diſciplina &

542 852 870 76 politia Eccleſiaſtica oporteat. Quid igitur? Re¬

542 897 872 78 ſpondeo aliquod diſcrimen eſſe nobis ſtatuendũ

540 950 872 74 inter doctrinam veteris Eccleſiæ, & inter gene¬

540 993 873 80 ralẽ qua illa vſa eſt, diſciplinam. Nam cùm doctri¬

542 1046 866 76 na Apoſtolica ſit Chriſti ipſius vox & ſapientia,

543 1095 870 70 cui tanquam vero & vnico fidei & ſalutis funda¬

543 1142 870 80 mento innititur Eccleſia, certè ab ea doctrina v¬

543 1194 870 72 niuerſa ne tantillum quidem à nobis recedi vllo

543 1239 870 78 tempore debet. Itaque nulla occaſio affer¬

542 1294 872 70 ri vel fingi vnquam poteſt, propter quam

543 1342 870 74 yel in vno apice, quanquam minimo, doctrina A¬

543 1383 873 82 poſtolorum immutetur Matth.5. verſ.18. At illus

543 1437 872 74 diſciplinæ vniuerſæ, quam illa vſurpauit, non eadẽ

544 1486 870 74 omnino ratio eſt. Cùm enim ſit diſciplina tan¬

546 1536 867 74 quam decorum quoddam veſtimentum ad res,

544 1584 870 76 tempora, perſonas accommodatum, fit, vt quem¬

544 1634 868 72 admodum hæc variari poſſunt:ita poſsit quoque

546 1682 868 68 altquibus in rebus mutari etiam diſciplina vetus.

555 1726 861 88 Tantum diſtinctionem hanc adhibeamus, vt in

1233 1776 183 75 diſciplina
