1500 2172
372 123 321 26 anl vida.

110 138 866 72 eſt. Itaque iam tunc Scholaſticæ Theologiæ &

110 194 864 64 Mathæologis quos hîc reprehendit Paulus ſemi¬

111 240 867 70 na iaciebantur. Talis quoque eſt iuris Canonici

112 291 862 66 ars & ſcientia, quæ & ipſa quoque veriſſima eſt

117 345 858 62 veræ ſacræque l’heologiæ, quæ ex vno Dei ver¬

112 388 849 68 bo haurienda eſt, pernities peſtis & corruptela.

165 450 813 54 Aruuie Puume precauonemee mus confirma¬

116 486 866 66 tionem ac velut ſuum de ea votum & ſigillum

117 537 273 60 cùm ait Amen.

162 574 820 76 Gratia, de qua agit, eſt Dei gratia, quæ etiam

117 632 866 70 noſtræ ſalutis cauſa eſt. Eſt enim ea, per quam à

123 682 862 66 Deo in ipſius filiorum numerum adoptamur,

120 730 868 64 illíque per Chriſtum placemus & recõciliamur.

168 777 822 69 Subſcriptio verò quæ huic Epiſtolæ addita

123 825 867 68 eſt, tãquam hæc Epiſtola Laodiceæ ſcripta eſſet

138 874 844 70 (que hîc dicitur Metropolis Phrygię Pacatianę)

124 924 864 63 eſt falſa, vt veriſsimè varijs rationibus euincit D.

130 972 862 68 Th. Beza. Etſi enim Phrygiæ Pacatianæ facta eſt

126 1023 867 64 mentio in 5. Synodi, quæ eſt Conſtantinopolita.

126 1071 867 68 actis: tamen neque apud Plinium qui poſt obitũ

128 1120 866 66 Pauli ſcripſit, iſtius Phrygiæ Pacatianæ facta mẽ¬

129 1172 867 64 tio eſt: neque apud vllum veterem ſcriptorem.

129 1215 870 68 Deinde ex Epiſtola Pauli ad Coloſſ.cap.2. verſ.1.

130 1266 867 69 quæ poſtrema ætate Pauli ab eo ſcripta eſt, &

130 1316 868 69 ante hanc ipſam, apparet Paulum nunquam Lao¬

134 1362 868 69 diceã adiiſſe quæ in Phrygia ſita erat, & Coloſsis

132 1413 868 76 atq; Hierapoli vicina vt ipſe teſtatur. Laus Deo.

489 1518 171 63 FINIS.

704 1689 75 87 K.j.
