1500 2172
342 165 300 32 CANVT III.

888 132 70 66 14t

132 184 825 74 Hæc autem cura familiæ, quæ in Epiſcopo

87 246 870 57 laudatur, non eſt in eo, vt attentus ſit ad rem,

86 291 873 62 ditet & locupletet ſuos liberos: & vt optimum ſe

86 342 870 58 œconomum rerum, quę ad alimenta familię per¬

86 388 868 62 tinent (quanquam & hæc curanda ſunt) oſten¬

86 435 873 66 dat, ſpreta morum in ſua familia cura. Denique

84 482 873 66 non eò pertinent, vt aſtutum, vel callidum, vel

84 530 872 68 addictum bonis opibúſque terrenis familiæ ſuæ

84 582 872 63 acquirendis Epiſcopum eſſe debere doceat Pau¬

84 628 872 66 lus. Auaritiæ enim iſta ſunt præcepta potiùs &

84 680 873 60 effecta, quàm pietatis. Itaque vt ait hoc loco

86 726 872 64 Chryſoſtom. non eò pertinet mens huius præce¬

86 776 870 63 pti Pauli:ſed ad curam pietatis & morum, quos

84 824 870 60 ſanctos & honeſtos à patre Epiſcopo futuro &

82 872 874 60 tradi & traditos eſſe liberis vult Paulus. Id quõd

84 920 872 63 etiam ipſa eius verba ſatis probant. Vult enim

82 966 872 68 liberos Epiſcopi inſtitutos eſſe, in omni Reue¬

81 1017 873 63 rentia & ſubiectione præſtanda patri ipſi, & in o¬

82 1065 870 62 mni Honeſtate & ſanctitate. Addit Paulus in E¬

84 1124 872 54 piſtola ad Iitum. In fde éttam Chriſtiana eos à

86 1164 870 66 patre edoctos, & informatos eſſe oportere. Nec

82 1209 872 68 enim is eligendus eſt Epiſcopus, cuius familia i¬

84 1260 868 63 dololatra eſt: vel à quo liberi ipſi non ſunt in fide

86 1310 868 66 & doctrina veræ pietatis & Chriſtianæ imbuti

84 1362 224 63 & inſtructi.

130 1406 824 58 Ex hoc autem loco confirmatur noſtra ſenten¬

84 1454 870 68 tia, qui negamus cœlibatum Epiſcopis futuris

84 1504 867 57 imponendum, cuius ipſam familiæ & liberorum

84 1552 866 68 gubernationem certiſsimum argumentum eſſe

82 1602 868 63 indolis epiſcopalis, ingeniíque ad maius munus

82 1652 867 63 ſtrenuè capeſſendum idonei demonſtrat Paulus

84 1706 180 64 hoc loco.

135 1744 816 87 Item nominatim meminit, liberorum futurs
