1500 2172
580 135 81 32 34.

734 108 556 51 ADeicliVl AM TIM

578 153 861 66 quorum officium & munus in fine huius capitis

573 208 866 63 perſequitur & exponit ſigillatim. Quanquam a¬

572 255 866 63 liud ſentit Chryſoſtom. & ad ætatem refert, cui,

573 308 862 58 tanquam minus ad peccandum procliui, vult

573 351 864 64 parci, minúſq; facile aduerſus eam vel ſolã ipſam

570 411 867 51 acculationen adinitti oed næe ratio Chryſoſt.

568 450 870 63 ſæpe quidem apparet falſiſſima cùm ſenes quoſ¬

573 498 864 57 dam videamus ad omne ſcelus propenſiſſimos.

620 548 818 63 Secundum igitur caput eſt. Quid de Preſbyte¬

567 596 872 62 ris hoc loco Paulus præcipiat. Reſp. Ne contra

567 646 868 56 eos vel ſola duntaxat accuſatio, citra duorum vel

567 692 870 60 trium teſtimonium, excipiatur vel à toto colle¬

570 740 866 64 gio Preſbyterorum, vel ab vno aliquo Preſbyte¬

566 790 870 60 ro, nedum vt condemnatio de ijs temere à quo¬

568 838 868 62 quam fiat. Quærunt autem, quid hoc nouo præ¬

564 885 867 63 cepto fuerit opus, & in Preſbyteris præſertim,

566 932 868 62 de quibus hîc aliquid ſpeciali' ſancire Paülus vi¬

564 982 864 60 detur, cùm in omni accuſatione hoc ipſum locũ

561 1035 874 57 habere videatur. Nam Deut. 17.verſ.6. ſic ait lex

564 1078 870 57 Ex ore duorum vel trium ſtabit & ratum erit

567 1126 866 63 verbũ & accuſatio, quæ fiet de aliquo. Itaque hoc

567 1179 864 60 ipſum tam leuis momenti quibuſdam hoc loco

566 1227 868 57 viſum eſt, vt omnino delendum cenſerent, tan¬

566 1275 867 62 quam inutile & ſuperuacaneum, cùm tamen ſin¬

566 1323 866 62 gulare priuilegium, & à Deo ipſo paſtoribus &

564 1374 867 57 Preſbyteris conceſſum contineat. Reſpon. igitur

561 1418 870 66 aliud eſſe Accuſationẽ ipſam, aliud Iudiciũ, quod

561 1468 870 62 de accuſato fit, continétque vel abſolutionem

564 1516 867 62 vel condemnationem rei à iudice factam. Iudi¬

562 1563 867 66 catio igitur ſiue ſentẽtia ſine teſtibus & legitimis

566 1614 864 62 probationibus in vniuerſum à nemine fieri de¬

566 1660 864 66 bet. Ac eò pertinet locus Deuter. 17. Accuſatio

567 1708 862 93 autem ipſa certè admitti ſine teſtibus à Iudice

1374 1762 54 78 de
