1500 2172
336 154 298 34 CAnvT III.

884 124 58 60 208

86 176 864 74 turæ, & vera Chriſtianáque charitate. Nam

86 249 864 50 ueberene enempium gregla partor, e totus ex

84 282 471 66 Dei prouidentia pendere.

130 327 819 68 De acceſſione igitur quæſitum eſt, etiam

86 375 866 64 ea, quam ex conſtitutionibus Principum vel ciui¬

82 426 867 64 tatis cuiuſque nobis accipere & ſtipulari licet,

86 478 866 60 vtrum eam exigere ex pecunia à ſe mutuò data

81 520 872 70 poſſit paſtor Eccleſiæ & Epiſcopus? Et quidem

81 573 868 68 canone Apoſtolorum 44. Niceni concilij cap.17.

81 622 870 64 & Laodiceni cap. 5. omnino vetitum & interdi¬

81 670 872 66 ctum prorſus eſt Epiſcopis, vt neque ſuo, neque

81 720 872 64 etiam alieno nomine (veluti ſi tutores alicuius

81 766 867 69 pupilli eſſent, vel alieni negotij procuratores)

84 814 866 68 vſuras etiam aliis conceſſas ipſi exigant, & ſtipu¬

80 862 870 72 lentur: quod id præter eorum dignitatem eſſe vi¬

80 912 868 69 deatur, sítque hæc ſumma auaritiæ (quæ ab Epi¬

80 960 867 66 ſcopis abeſſe debet) ſpecies. Idem tota diſtinct.

81 1008 866 70 47. eſt conſtitutum & definitum. & Elibertino

81 1060 868 62 çoncil. cap.2o. Sed tamen duriora illa, vt verum

80 1107 868 63 dicam, decreta videntur, quòd omnino ſine ex¬

81 1156 866 69 ceptione perceptio qualiſcunque fructus ex pe¬

80 1206 872 64 cunia mutuò data paſtori interdicitur, quæ tamẽ

80 1254 868 63 ſæpe bona conſcientia fieri poteſt. Itaque potius

80 1302 870 64 amplector D. Caluini conſilium in epiſtola 346.

81 1353 868 62 vt cenſeam omnino quidem & in genere illud in

80 1400 870 63 Miniſtro non eſſe damnandum, ſi fructum ali¬

80 1452 870 58 quem ex ſua pecunia ſentiat, moderationem ta¬

76 1500 873 64 men non tantùm ex legibus eius ciuitatis, in qua

80 1546 870 63 verſatur, ſed potius ex veræ & Chriſtianæ chari¬

76 1592 872 68 tatis ſenſa & præceptis eſſe adhibendam, & qui¬

75 1642 874 64 dem eam, vt omne offendiculum iuſtum Paſtores

74 1690 873 68 caueant, eámque legẽ adhibeant, quam ipſe Cal¬

74 1743 867 82 uinus ibidẽ præſcribit, & neceſſariam eſſe docet
