1500 2172
573 150 84 34 510

742 123 566 58 AD I. PAVL. AD TIM.

562 170 861 66 dorum vocatione diximus. Etſi enim eſſe debet,

561 228 864 54 interna vocatio & affectus in eo qui munus ali¬

562 274 866 58 quod acceptat: ea tamen interna vocatio etiã ex¬

561 320 867 63 ternam, tanquam ſenſus illius interni teſtem, ad¬

560 369 867 62 hibet, & expectat, niſi quis extraordinariè à Deo

562 418 862 57 ipſo impelleretur. Interna enim vocatio, quæ ex¬

562 466 862 57 ternam ſpernit, non tantùm falſa eſt, & mera ar¬

561 518 866 57 rogantia, ſed etiam violat Dei præceptum: &

562 562 862 62 turbat diſciplinam Eccleſiæ: neque à Deo eſt,

561 610 867 63 ſed eſt animi impia phreneſis. Id quod etiam in

562 660 867 62 quadam ſua ad Magnum epiſtola Cyprian. re¬

566 718 862 52 ſpondit. Sed & ipſum electionis & vocationis

561 758 868 62 nomen huic à ſeipſo de ſeipſo factæ ordinationi

564 804 862 66 planè repugnat, cùm is demum dicatur Vocari,

567 858 411 62 qui ab alio accerſitur.

612 898 818 64 Sed neque à quolibet Electio facta legitima

558 950 873 63 eſt, in muneribus præſertim Eccleſiaſticis. Nam

560 999 868 62 ab vno tantùm aliquo facta alicuius ad dignita¬

560 1046 872 64 tem Eccleſiaſticam electio, rata & legitima non

561 1095 868 64 eſt, ſiue ab ipſo principe illa fiat, ſiue ab eo, qui

562 1143 864 66 Eccleſiæ patronus dicitur, ſiue ab eo ſolo qui in

560 1191 870 66 Diœ ceſi Metropolitanus eſt, & Eccleſiæ πρνεσῶς

561 1242 870 63 & πρόεδρος. Neq; enim Eccleſiæ, quæ in terris eſt,

560 1287 868 66 regimen & adminiſtratio nobis à Chriſto reli¬

561 1338 867 62 cta, eſt Monarchia quædam: ac multò minus ty¬

561 1386 868 62 rannis: ſed eſt Ariſtocratia, vt docemur parabo¬

561 1432 868 66 la Chriſti, quæ eſt Matth.24. verſ.49. & 25.verſ.14.

562 1480 864 66 Itaque vetat Petrus etiam ipſos Epiſcopos Kυ¬

560 1527 872 63 ριέυαν in Eccleſia: & Chriſtus ipſe diſsimilẽ pla¬

560 1578 872 64 nè regum in ſuos ſubditos: & Paſtorum in Eccle¬

561 1626 870 68 ſias ſuas poteſtatem eſſe dixit 1.Pet.5.Luc.22. Ita¬

567 1676 867 63 que qui omnes ſimiles faciunt, omnia perturbãt.

566 1722 864 84 Quare ne à rege quidẽ ipſo ſolo, vel ab vno dun¬

1326 1776 108 70 taxat
