1500 2172
549 156 105 38 339

704 126 576 64 AD I. PAVL. AD TIM.

592 172 822 78 Spem autem coniungit cum doctrina Paulus,

544 222 868 86 cùm ait (quòd ſperemus in Deo) quia hæc cogni¬

548 278 867 76 tio, quæ Per fidem & Euangelium à nobis habe¬

549 322 864 78 tur, non eſt euanida quædam phantaſia de Deo,

548 370 867 78 ſed eſt huiuſmodi agnitio, quæ ſpem, eámq; cer¬

549 418 866 70 tã in Deo nobis afferat, & inſerat. In quo differt

554 468 864 76 à reliquo cognitionis genere. Nam aliæ ſunt tã¬

555 519 860 76 tùm in animo & intellectu verſantes cogitatio¬

552 566 867 80 nes, neque cor hominis mouent, afficiunt &

554 616 864 74 mutant, hæc verò etiam in corde ipſo eſt certi¬

555 663 866 76 ſsima fiducia, quòd afficit & inclinat ad Deum

552 710 870 75 amandum, eiúſque promiſsiones certiſsimè ſpe¬

555 760 868 72 randas & expectandas, vt eſt in cap. 5. Epiſtolæ

556 820 866 62 Pauli ad Romanos. Sed & vox næc ſperamus pro

561 861 820 76 credimus poſita videri etiam hoc loco poteſt.

616 963 544 72 11 Hæc denuntia & doce.

610 1046 819 76 Commendatio ſuperioris doctrinæ ab vtilita¬

562 1098 868 72 te, quæ ex illius prædicatione colligitur. Eſt e¬

562 1148 872 72 nim hæc vtilis doctrina, cuius prædicatio eſt ſic

561 1200 872 64 à Paulo præcepta, vt & ſæpius inculcetur, & Pro

566 1245 867 75 imperio & poteſtate miniſterii Euangelici pro¬

566 1300 867 66 ponatur, vti Dei ipſius vox. Ergo comparatione

567 1344 866 66 quadam ſuperiorem doctrinam magni eſſe in

566 1394 867 64 Eccleſia momenti docet probátque. Nam

566 1442 870 68 etſi alia capita doctrinæ doceri à paſtore debeãt:

570 1492 867 64 hoc tamen doctrinæ caput, per quod falſus Dei

567 1538 864 68 cultus oppugnatur, inanes cæremoniæ & ſuper¬

562 1587 872 64 ſtitiones euelluntur, ſæpiſsimè & frequentiſsimè

561 1635 870 68 repeti, doceri, ac inculcari debet. Atque hoc fa¬

564 1684 870 58 ciendum eſſe affirmat Dei ſpiritus, id eſt, doctor

555 1732 879 80 ille, qui optimè nouit, de quibus ſedulò & ſæpius

1246 1782 186 75 edocendi
