1500 2172
894 132 75 66 560

360 153 261 36 CABVI V.

108 180 864 66 pè non poteſt. Adeò, vt ei, qui verè temperanter,

104 234 867 60 & ſobrie viuere velit, carniſque obſcœnos motus

105 280 866 64 comprimere, omnino ſit neceſſe multis rebus ad

106 330 862 58 tempus, vel in perpetuum abſtinere, quæ tamen

105 375 864 64 licent: ſed earum vſu carebit ipſe ſponte, non

110 426 860 58 quidem propter conſcientiam, quaſi vetita ſint

108 476 858 60 edi, ſed quòd hoc fræno carnis libido & rebellio

105 524 864 57 domatur, & rationi ſubiicitur. Partiar autem totã

106 574 862 54 hanc diſputationem in tria capita, nempe vt agã

105 620 864 58 de fine huius abſtinentię, De Cibis: & Dé Modo

104 666 114 60 illius.

148 714 822 64 Finis autem, propter quem quis iis cibis & re

104 771 867 54 bus abſtinet, varius eſſe poteſt, vnus tamen, íſ¬

106 814 864 60 que ſolus probandus eſt, quem ſecutus eſt Ti¬

108 867 861 58 motheus, vt ex hoc loco apparet, nempe vt Deo

110 909 390 58 liberiùs inſeruiamus.

153 954 814 60 Ac primùm quidem Ethnici ipſi & gentiles

110 1008 864 60 quibuſdam cibis abſtinuerunt propter ſuper¬

104 1056 867 60 ſtitioſas opiniones, & planè in Deum blaſphe¬

104 1108 866 62 mas. Ægyptij porris, caulibus, cepis & aliis oleri¬

105 1156 867 56 bus id genus ſeuerè abſtinuerunt, quemadmodũ

104 1202 866 64 M. Tullius, Diodorus Siculus, Iuuenalis, aliíque

102 1254 862 62 plures authores tradiderũt. Pythagorici philoſo

104 1300 861 63 phi carnibus abſtinuerunt. Philiſtinis, qui & Palę

104 1358 866 50 ſtini, piſcium genus nullû edere concedebatur, &

104 1400 866 60 quidem hi omnes, quòd eos cibos quibus abſti¬

104 1446 866 60 nebant, Deos eſſe crederent, aut ita diis conſecra

105 1498 864 57 tos at que ſanctos, vt in hominum mortalium vſu

104 1542 861 56 & commercio eſſe minimè deberent. Hic finis

106 1590 856 63 prorſus & blaſphemus eſt in Deum, qui è creatu

108 1641 854 58 ris creatorem facit: & proculdubio damnandus.

166 1686 802 60 Deinde Hæretici ſucceſſerũt, qui quibuſdam

106 1736 861 74 cibis abſtinent, ſed non ea ratione, propter quã

706 1794 104 63 A.iij.
