1500 2172
538 150 96 72 459

537 208 474 68 verſ.7.1.Theſſ.5.verſ.12.13.

586 228 808 88 Cùm autem hoc præcipit tam diſertè Paulus,

537 284 866 87 obliquè taxat illius ætatis ingratitudinem in ſuos

540 333 862 86 Paſtores, nec tantum cauet in futuram poſterita¬

542 382 864 78 tem. Hoc tamen malum regnat adhuc hodie, &

543 428 864 84 hac ipſa ratione verbo cœleſti priuare eccleſias

544 476 864 88 tentat Satan: multos certè à ſuſcipiendo cœleſti

544 530 862 86 miniſterio deterret, quòd eos efficiat famelicos,

549 573 862 92 qui Deo ipſi in tam honeſta neceſſariáque cauſa

550 626 862 87 ſeruiant: quorum operæ & labori nullus alius, vt

552 681 858 76 ait Chryſoſtomus, eit tontereuus. Et rectè. Ergo

552 722 858 87 quod aliis collatũ diceretur eleemoſyna, Preſby¬

556 772 856 84 teris pręſtitum dicitur honorarium, ſtipendium,

556 826 560 78 Debitum, à Chriſto ipſoμιθὸς.

692 123 567 86 AD I. PAVL. AD TIM.

600 866 813 84 Ait Paulus Duplicis, vt cæterorum compara¬

558 915 860 88 tione, quibus aliquid etiam ſpecialiter debemus,

560 964 864 84 eos nobis magis commendet. Sic tamen quidam

560 1011 866 82 interpretantur, Duplici honore perinde & tantũ

561 1056 864 92 eſſe, atque ſi dixiſſet, Magno. Alij vero cõparatè

564 1106 864 90 hoc dici putant, alij abſolutè. Abſolutè quòd &

566 1158 862 84 in hac vita digni ſint verbi Dei miniſtri ſtipen¬

567 1209 864 81 dio & ſubſidio victus: & in futura vita, felicitate

567 1252 864 88 ęterna. Quicertè errãt, ſi nos Miniſtróſve ipſos a¬

567 1300 864 87 Iiquidapud Deũ mereri poſſe putant. Chryſoſto.

567 1352 867 92 rectius, qui Duplicem honorem explicat Venera¬

573 1396 864 88 cionem ipiotum perſonæ id eſt reuerentiam: &

574 1448 864 82 Subſidium vitæ ac alimoniæ. Certè vtrumque Pa

573 1496 866 90 ſtoribus, vti Parentibus ipſis, deberi veriſſimum

576 1546 864 88 eſt. Qui comparatè verò hunc locum accipiunt,

578 1592 866 84 referunt ad ſuperiora præcepta de viduis alen¬

580 1640 862 88 dis & honorandis. Iſtis enim viduis longè ſunt

580 1690 862 86 magis honorandi Presbyteri & paſtores. Quæ

574 1740 868 104 ſententia videtur huic loco conſentanea & com¬

1320 1791 124 96 moda
