1500 2172
540 140 88 34 600

759 117 508 56 D I. TAVL. AD TIM.

536 164 866 70 tur fuerit, antequam lux illa de qua Geneſ.1.facta

536 216 862 68 mentio eſt, crearetur & extitiſſet. Neque enim

531 262 866 64 hîc lucis vocabulum natiuo ſignificato ſumendũ

531 312 862 70 eſt: ſed pro eo ſplendore, maieſtate, ſtatu qui o¬

530 363 864 63 mnem admirationem cogitationémque huma¬

528 410 867 69 nam longè ſuperat, habétque optabilem & lętiſsi¬

530 462 860 64 mam meditationem, qualis eſt nobis ipſe lucis

526 528 864 51 aipectus, vt ex Ilai.57. verſ.15. ſatis perſpici poteſt

526 556 861 72 & quidem tantam, vt ad eam humanæ etiam mẽ¬

528 604 291 62 tis acies caliget.

573 651 813 69 Ergo huius epitheti duplex eſt ſenſus. Primus

526 702 856 69 quidem, vt omnẽ nobis diuinæ maieſtatis curio¬

524 756 858 63 ſius perſcrutandæ pruritum ( qui ex magna qua¬

522 801 860 68 dam vanitate naſci ſolet) adimat, ac tollat. Præ¬

522 848 860 68 clarè enim Bernar. ſerm. 62.in Cantica opprimi¬

519 896 862 68 tur ſcrutator maieſtatis Dei: non tamen volun¬

518 944 862 68 tatis. Nam vt ij flammis ſtatim correpti & con¬

518 993 861 68 ſumpti ſunt, qui tres illos adoleſcentes Abdena¬

518 1042 858 68 gum, Mizaelum, & Sydracum in fornacem con¬

514 1089 858 70 iecerunt. Daniel. 3. Vti puniti ſunt Betſemitæ,

518 1137 858 70 quòd in arcam Domini inſpexerint 1. Samuel.6.

514 1188 856 70 Sic conſumuntur & obruuntur Dei maieſtate,

512 1236 858 66 qui in eam curioſè, & aliter, quàm oportet, in¬

507 1284 866 69 tueri atque inquirere volunt. Deniq; hoc ipſum

507 1332 861 72 eſt, quod ait alibi Paulus, Dei maieſtatem, atque

507 1378 861 74 iudicia eſſe imperueſtigabilia atque ἀνεξερευιητα.

507 1430 861 69 Ergo præclarè Bern.ſer.31.in Can. ad Deũ acce¬

506 1474 860 74 dendũ, eſt, ait, nonirruendũ, ne irreuerens ſcruta¬

502 1524 861 74 tor maieſtatis opprimatur ab ipſiꝰ gloria & ſplẽ¬

502 1572 861 74 dore. In quo tamẽ illud eſt diligẽter obſeruandũ

500 1622 861 72 quod idem Bernard. dixit ſerm.62.opprimi ſcru¬

494 1670 864 66 tatorem maieſtatis Dei:non item voluntatis. Nã

490 1718 862 84 eam voluntatem Dei, quam quidem nobis notã

1268 1778 84 80 eſſe
