1500 2172
598 154 82 42 258

760 134 566 57 AD I. PAVL. AD TIM.

592 178 868 70 Eccleſiæ ipſius, quaſi certitudinem ſuam ab Ec¬

594 234 867 63 cleſia, id eſt, hominum iudicio & approbatione

592 282 867 58 habeat ſacroſancta Dei veritas. Neque enim ab

592 333 866 56 hominibus pendet diuinæ vocis commendatio,

594 380 868 63 aut certitudo: ſed in diuina voce hominum ipſo¬

594 438 867 48 ruin demntio d rententia de veritate aut falſita¬

594 477 867 62 tate alicuius doctrinæ fundata eſſe debet Ioan.5,

597 531 150 62 verſ.39.

640 570 820 64 Ergo duobus modis Paulus hîc nobis deſcri¬

592 622 867 62 bit Eccleſiam I Cùm domum Dei appellat. 2

596 674 867 52 Cùm columnam veritatis. Ac domus quidẽ Dei

597 722 866 62 vocatur Eccleſia, quia eſt piorum & fidelium ho¬

592 768 870 64 minum cœtus Matth.21. verſ.33. Certè ſi quo in

592 819 870 62 alio mundi loco, maximè in eo cœtu illuſtria ſpe¬

592 862 866 69 cialiáque præſentię Dei ſigna & teſtimonia ex¬

590 912 868 64 tãt. Ergo dicebatur Deus habit are in ſuo taber¬

590 962 873 66 nacule, & in Sione, propter ſuæ præſentiæ & ma¬

590 1017 873 58 ieſtatis ſigna peculiaria, quæ in eo loco poſita à

592 1058 870 64 Deo ipſo erant Pſal.76. quia illîc & verbum Dei

591 1108 870 64 purum audiebatur, & cultus ab eo præceptus ex¬

592 1158 868 63 ercebatur. Non quòd Deus corporaliter illîc

592 1208 868 58 verſaretur: non quòd extra eum cœtum nuſ¬

592 1264 867 51 quani arior enet Deus, qui ſemper vbique eſt:

592 1302 864 58 non quòd etiam Deus eodem, quo ipſa Eccleſia,

592 1350 870 63 loco cõcludatur: ſed quòd cùm ſe maximè homi¬

594 1398 868 63 mo uo communicet, per verbum ſuum, per Sacra¬

594 1449 868 56 menta, & per cultum: hos omnes modos ſola Dei

596 1494 866 60 Eccleſia ex omnious hominum cœtibus habet,

597 1548 224 57 quæ retinet

640 1587 824 68 Deinde quòd Eccleſia dicitur Columna veri¬

596 1641 867 57 tatis, oſtendit hanc eſſe veram & vnicam Eccleſiæ

597 1690 866 62 veræ notam, nempe veritatem & verbum ipſum

596 1738 870 75 Dei. Huic enim vni fundamento innititur. Nam

1366 1790 102 69 oucs
