1500 2172
334 154 267 32 CANVI V.

876 123 70 75 542

90 178 860 72 Quorundam. Diſt. 24. Ergo cùm preces retinen¬

86 232 862 64 tur, ipſis canonibus Papiſticis autoribus ipſa ma¬

86 284 862 62 nuum impoſitionis vis, finis, & ſubſtantia conſer¬

86 344 862 51 uatur. Quod eſt ſatis. Neque eſt manuum impo¬

84 376 862 68 ſitio eſſentialis pars & ritus legitimæ vocationis

130 428 813 63 Denique dum hanc cęremoniam præciſè vr¬

82 476 861 66 gẽt homines, videmus eos incidere in vanas quæ¬

80 524 862 64 ſtiones & ineptas, veluti De triplici manuum im

80 584 864 52 poſitione Vna Ordinatoria, altera Cõfirmatoria

78 622 864 63 tertia Curatoria ve eit in canone. Manus. I.

76 669 160 64 quæſt.I.

122 717 819 70 Item vtrum, repeti in eodem poſſit manuum

74 764 195 57 impoſitio.

117 814 824 64 Item vtrum ſic manus imponi debeant, vt ca

68 862 870 69 put ipſum electi attingant, de quo anxiè quæri¬

74 912 868 66 tur in cano. Epiſcopus diſt 23. Ergo fatui ſunt, qui

69 960 862 69 hærent in ea nuda cæremonia, & prorã & pup¬

69 1011 866 64 pimlegitimæ vocatloms cecienaitieæ cõſtituunt

68 1054 864 68 quod faciunt Papiſtę, cùm illa ſit rerum indifferẽ

63 1124 870 50 num numeromeque ſit pars vlla eſſentialis legi¬

64 1154 860 68 timæ vocationis: ſed tantùm illius teſtificandæ

62 1203 864 70 adminiculum externum & ſignum quoddam

69 1252 399 62 confirmatę electionis.

86 1299 840 70 Ergo & retineri & omitti poteſt pro more re¬

57 1348 562 66 gionis, in qua electus ordinatur.

102 1395 822 69 Additum eſt denique, vt eſſet legitima ordina

58 1444 866 68 tio epiſcopi, nimirum vt tres epiſcopi vicini or¬

57 1492 876 72 dinationi ſiue cõfirmationi intereſſent ſiue ma

54 1544 872 63 nus vna cum vniuerſa eccleſia, de cuius paſtore e¬

51 1592 874 69 ligendo agitur, imponerẽt. Id quod ex Apoſtolo¬

51 1641 870 66 rum canonibus ſumptum putant, & ſtudioſè re¬

48 1689 870 70 tinent Papiſtæ, quod tamen & oneroſum eſt pau

51 1738 868 80 peribus eccleſiis, & ad ambitionem & pompam
