1500 2172
392 148 296 30 CANVT VI..

864 112 81 68 734

87 172 862 62 eſſe voluit, inquirere diligenter & licet & cõceſ¬

88 228 861 60 ſum eſt, vt docet exẽplo Patrum Pet.1. epi.1.V.II.

87 278 860 60 Dicitur hęc Dei lux inacceſſa. Ne proprio marte

86 324 862 63 propriiſq; ingenij noſtri, quantumuis viuidi, viri¬

86 374 864 64 bus ad eam accedere tentemus. Qui enim ſic ad

86 423 864 62 eam adire tentant, excæcantur illius fulgore. Sed

86 471 862 62 prius à Dei ſpiritu nos illuminari petamus & pa¬

86 524 864 57 tiamur. Nam illuminatis patet facilis ad illam

84 567 866 63 Dei maieſtatem & lucem intuendam acceſſus: &

81 616 868 62 Deus ipſe prius eos illuminat, à quibus ſe

82 669 867 58 videri & ſua arcana cognoſci, atque tanquam

80 714 870 63 conſpici vult. Pſ34.v.6.Cùm autẽ ad eam venire

82 765 864 60 volumus, neq; locorũmutatione, neque corpo¬

80 812 870 63 ris agitatione ad Deum appropinquamus: ſed

78 862 870 56 claritatibus, incorporeis & ſpiritualibus, ſuiíſque

78 909 867 58 muneribus, qualis eſt fides, vitæ ſanctitas, zelus

81 956 862 62 verus ad eam accedere nos oportet, vt ait Ber¬

76 1004 633 56 nardus, & exBernardo Anſelmus.

126 1050 818 68 Porrò ſecundus huius epitheti vſus eſt. Quòd

74 1101 868 57 cùm dicitur Dei domicilium lucidum eſſe: imò

74 1152 867 63 eſſe lux ipſa, culpa omnis noſtræ de Deo ignora¬

74 1202 867 62 tionis in nos ipſos transfertur. Nec enim Deus

74 1250 867 63 in tenebris habitat, vt agnoſci aut videri nõ poſ¬

72 1296 866 66 ſit: ſed in luce ſplendidiſſima. Ergo quod eum,

72 1347 867 63 illiúſque admirabilem maieſtatem cernere non

74 1394 864 68 poſſumus, id aciei noſtræ imbecillitatis, & inge¬

72 1444 867 63 nij tenuitate fit, non ipſius quidem loci, in quo

72 1491 866 63 Deus eſt, obſcuritati tribuendum eſt. Omnia e¬

70 1539 868 66 nim quodammodo Dei ipſius maieſtatem nobis

69 1592 868 62 repræſentant, & illuſtrant, quocunque conuerta¬

69 1641 868 56 mus oculos, vt docet Paulus Rom.1.verſ.2o. Sed

66 1689 870 60 imprimis verbum Euangelij, in quo ſe nobis in

68 1734 866 78 Chriſto perſpicuum & aſpectabilem reddit, eum
