1500 2172
402 153 294 32 CAEVT IIE

938 126 44 62 202

118 172 873 76 viduam diſtinct. 5o. Vnde poſtea ſynodo Ilerdenſi

116 228 872 68 fuit cap.I.conſtitutum, vt clerici etiam qui in ob¬

118 276 870 72 ſidionis neceſſitate poſiti hominem, id eſt, hoſtẽ

117 327 872 68 obſidentem occidiſſent, tribus tamen annis pœ¬

118 375 874 69 nit entiã agerent, & ab officij ſui executione ſu¬

117 420 874 70 ſpenderentur. Nimirum tam eſt viſum Epiſco¬

118 474 878 66 pali manſuetudine & munere indignũ eum arma

118 520 874 69 tractare. Ex quo etiã factum eſt & conſtitutũ, vt

120 567 873 72 clerici pugnantes in duello etiã ſibi oblato depo¬

122 616 878 72 nantur. Nec modò ipſi pugnantes caſtigentur, ſed

123 664 874 69 etiam ſi huiuſmodi duella & homicidia ab aliis

123 716 873 69 facta ſpectent cum cæteris, de gradu deiician¬

123 765 873 64 tur: & in vniuerſum omnia athletarum ſpecta¬

123 814 876 68 cula & hominum gladiatorum, & in arena pu¬

124 862 874 68 gnantium ludi & certamina ſunt Epiſcopis inter¬

123 908 873 70 dicta, & eorum etiam aſpectus, & delectatio Cõ¬

123 957 873 66 cilij Laodic. cap.42. & eſt in canon. Non oportet

128 1005 870 70 de conſecrat. diſtinct.5. Ex quo iam facile colligi

129 1054 868 69 poteſt eos non debere bellis intereſſe, in acie ar¬

129 1104 870 66 matos ſtare, in exercitu verſari, & certaminibus

129 1150 870 76 præſentes ſe præbere, ex iſtarum Synodorum de¬

130 1210 122 56 cretis.

176 1248 826 64 Sed obſtant huic ſententiæ multa & veterum

129 1299 876 62 dicta & exempla, & ipſa adeò ſacræ Scripturæ

129 1342 870 72 authoritas. Ac quidem dicta, veluti Ambroſ.lib.

129 1396 870 63 1. de Officijs cap.27. fortitudo, quæ bello tuetur

129 1442 870 72 à Barbaris patriam, vel domi deffendit infirmos,

135 1490 868 68 vel à latronibus ſocios plena iuſtitia eſt. Hieron.

132 1539 870 70 in Sophoniam cap.I. idem ſentit. Auguſt. lib. 22.

132 1587 873 72 cap.74. contra Fauſtum & multa huiuſmodi col¬

135 1640 874 60 lecta ſunt in tota 23.quęſt 1.2. & 3. Exempla etiam

135 1688 870 68 extant tum prætorianorum, qui dicebantur, Epi¬

136 1734 872 84 ſcoporum, qui imperatoris comitatum ſequebã¬

746 1782 100 72 i. iiij.
