1500 2172
369 156 304 28 CAPVT III.

894 132 66 69 20

82 178 879 68 imbiberant, inuexerunt magno certè Eccleſiæ

86 236 872 63 damno. Hodie quidem Monachus ſine Abbatis

84 284 874 62 ſui conſenſu, nec clericus, nec Epiſcopus fieri po¬

84 333 873 64 teſt, non propter ſuperiorem rationem: ſed quia

86 388 870 58 Monachi mancipiorũ loco cenſentur. Sunt enim

82 428 759 66 Abbatis ſerui, vt apparet diſtinct 54. & 58.

130 480 824 64 Quærit Hieronym. an ſit æquum propter im¬

82 530 872 62 modeſtos liberorum mores patres arceri abE¬

82 578 867 63 piſcopatu, cùm eadem ratione videantur liberi

80 627 874 66 ab Epiſcopatu prohibendi, nempe, propter ſcele¬

80 678 876 62 ratam parentũ vitam. Quod tamen prorſus eſſet

80 724 874 62 iniquum. Deinde quàm abſurdum eſt, ait ille, cẽ¬

80 771 874 66 ſere, Iſaacum propter Eſau filij turpem vitam, ſi

80 820 874 64 viueret, ab Epiſcopatu arcendum eſſe? Sed re¬

76 870 873 62 ſpondeo, primùm non eſſe parem rationem, cur

78 918 873 64 propter vitia parentum filij prohibeantur hunc

78 969 872 60 gradum aſſequi:atque cur parentes non admittã¬

76 1016 873 58 tur propter ſceleratos liberorum ſuorum mores:

76 1070 868 58 Nam filii parentes ſuos regere nõ debent, quem¬

75 1112 870 63 admodum patres debent inſtituere liberos ſuos.

75 1162 872 64 Itaque animi morúmque filil iudicium non fiet

75 1212 868 62 ex paterno luxu, quod ſit neçeſſariũ & validũ ar¬

80 1260 864 60 gumentum. At ex diſſolutis familiæ moribus in¬

76 1308 867 64 telligitur quale ſit ingeniũ ipſius patrisfamilias,

74 1358 870 60 Deinde reſpondeo. Hic Paulum agere de tota fa¬

75 1406 866 63 milia, nõ de vna tãtùm eius parte. Nam ſi è pluri¬

72 1454 872 63 bus liberis in eadem familia inſtitutis, alii quidẽ

72 1503 872 63 ſanctè inſtituti cernantur: alii verò luxu diffluen¬

72 1554 872 62 tes appareant, hic luxus non tam ex paterna diſci¬

74 1604 867 62 plina & moribus naſci videbitur, quàm ex prauo

70 1652 868 70 ipſorum liberorum ingenio, quod eſt procliue

70 1698 254 75 ad libidinem.
