1500 2172
580 134 692 54 304 AD I PAVL. AD TIM.

574 171 864 75 Chriſtiano ius omne ſuum atque ſuffragium mi¬

572 226 866 69 ſere ſit hac ratione & in hoc genere vocationum

573 274 867 72 eccleſiaſticarũ ademptum, & in vnum quendam

573 324 867 70 epiſcopum magna tyrannide atque abuſu tranſla¬

573 375 867 62 tum. Dominus Deus talibus corruptionibus, quæ

574 420 866 72 adhuc in eccleſiis ipſius ſuperſunt & deffendun¬

579 471 861 66 tur, mederi magna ſua miſericordia dignetur &

579 518 867 69 velit, quæ tandem certè magnam eccleſiæ Dei

576 568 867 66 ruinam ſecum trahent, & ipſum ſacroſanctũ ver¬

578 616 867 68 bi Dei miniſterium reddent efficiéntque vel mer

579 666 864 68 cenarium: vel omnino contemptibile & abiectũ.

584 720 440 58 Quod Dominus auertat.

636 765 807 66 Vna modo quæſtio ſupereſt iil hoc argumen¬

580 810 868 66 to, Nimirum, quid de eorum adminiſtratione

579 861 872 68 ſit ſentiendum, qui non ſunt legitimè vocati: at¬

584 914 862 63 que vtrum iis fana conſcſentia adhærere debea¬

580 958 870 68 mus. In quo certè diſtinguendum eſt. Aut enim

580 1005 873 68 eſt Omnino illegitima vocatio eius, qui eccleſiã

580 1054 870 74 aliquam adminiſtrat: vel Nõ omnino illegitima,

585 1114 381 54 ſed tantum ex parte.

632 1148 825 75 Illegitima omnino eſt ea, in qua omnia Dei

586 1200 870 70 verbo pręſcripta, ſunt prætermiſſa vel violata, vt

588 1246 870 68 ſi quis ſeipſum intruſerit priuata autoritate. Nõ

588 1294 874 74 omnino ſed tãtùm ex parte illegitima eſt ea, in

591 1346 868 70 qua tantùm quædam ex illis non obſeruata fue¬

591 1392 874 70 Tunbieu prætermiſſa. Ergo cuius omnino illegiti

592 1443 872 72 ma vocatio eſt, is certè pro priuato habendus

592 1490 876 70 eſt, ac huiuſmodi vocatio pro nulla. Itaque ne¬

597 1540 870 70 que ſacramenta conferre poteſt, neque reli¬

596 1590 868 70 qua negotia eccleſiæ gerere: & quæ geſſit pro

597 1635 872 72 nullis habentur, niſi fortaſſe eſſet extraordinaria

597 1684 872 74 illius vocatio, id eſt, quæ ſignis teſtimoniíſque

598 1736 872 86 certis à Deo confirmata eſſet. Sola autem propa¬

1396 1785 76 66 gati
