1500 2172
548 154 81 33 JI0

705 135 562 54 AD I. PAVL. AD TIM.

543 178 860 69 hendendos eſſe qui peccant, quàm hîc Paulus iu¬

537 234 868 56 beat, nimirũ inter nos & illos ſolũ. Reſ.Illud Chri

534 284 872 62 ſti dictũ de priuatis offenſis intelligendum eſſe,

537 333 868 58 nimirum cùm nos priuatim læſi ſumus, necdum

536 380 866 58 offenſio publicè innotuit. Hoc autem delictum,

537 428 867 63 quod publicè docet arguendum Paulus, eſt pu¬

537 478 867 62 blicum. Nec enim niſi propter publica aut publi¬

537 530 868 56 cè nota crimina vel peccata reprehendi in cœtu

531 573 870 63 Eccleſiæ quiſquam debet, ſiue is ſit paſtor & Pre¬

534 627 870 57 sbyter, ſiue priuatus. Atque ita hunc locum ex¬

536 684 861 50 plieat Aoguitmus, nempe de peccatis Presbyte¬

530 722 870 63 rorum, quæ non latent, ſed publica ſunt. De Cor¬

531 774 870 62 rept. & Grat. cap. 16. cuius ſententiæ planè aſ¬

532 820 154 57 ſentior.

578 860 824 68 2 Obiicitur, peccata quę occulta eſſe opor¬

532 915 868 58 tuit, nota fieri hac ratione. Id quod & ab officio

528 962 868 63 hominis Chriſtiani alienum eſt, & pugnat cum

524 1011 879 62 ædificatione Eccleſię, ac illa veneratione, quæ de¬

524 1060 878 63 ferenda eſt præfectis noſtris. Reſpond. Ea tãtùm

524 1110 876 63 argui publicè ex hoc Pauli præcepto poſſe, quæ

525 1160 873 62 publicè nota ſunt: non autem quæ occulta ſunt,

528 1208 868 62 quæque celari, & ad cæterorum ædificationem

528 1254 870 58 tegi oportet, vt in exemplo Petri à ſe publicè in

528 1304 868 62 Eccleſia reprehenſi apparet Galat. 2. verſ.14. In

524 1352 873 62 ſumma omnino diſciplina aliqua Eccleſiaſtica o¬

525 1398 870 64 pus eſt in Eccleſia Dei, ſi modò hominum effræ¬

524 1452 873 56 nem licentiam coerceri, & morum ſanctorum

524 1497 872 60 neruum aliquem, atque vinculum inter nos reti¬

524 1544 872 60 neri volumus. Id quod, etſi veriſſimum eſt, Do¬

524 1592 872 62 ctoris tamen eximii, & primarii D. Ro. Gualteri

526 1640 862 64 verbis potius, quàm meis intelligi malo, qui in

525 1690 862 58 præfatione doctiſſimorũ illorum ſuorum in Ga¬

528 1740 855 78 latas commentariorum ita ſcribit. Quare, ait,

1227 1788 156 69 Eccleſiis
