1500 2172
282 152 296 28 CARVTVI.

846 124 75 62 614

120 176 807 70 Quod autem ad dictum Pauli, ſanè & ciuili¬

63 232 862 62 ter intelligendum eſt. Ex charitate enim dictum

62 284 862 60 eſt:non autem ex vera, exacta, & propria fratris,

63 330 862 62 id eſt, Chriſtiani hominis definitione. Sed quã¬

63 378 864 56 do illud verum eſt, Nemo deſperet meliora lapſis

62 428 866 57 & poteſt reſipiſcere qui hodie deſipit. Præterea

63 474 862 62 quos excommunicat Eccleſia, non odio perſona¬

62 524 866 56 rum ipſarum, ſed eorum tantùm ſceleris & con¬

62 573 866 54 tumaciæ ratione eiicit, fit, vt qui excommunica¬

62 621 866 56 ti ſunt, quatenus & homines ſunt, & aliquando

62 670 864 54 nobiſcum in Dei Ecceſia verſati ſunt, eorum de¬

60 716 866 62 ſyderio, amore, zelo, affectúque ſalutis ipſorm,

60 766 864 57 moueri debeamus, neque ſint prorſus à nobis

60 814 866 58 abiiciendi, ſed vt fratres agnoſcendi, admonendi

62 866 861 57 atque etiam, vt in viam reducantur, vti oues per¬

58 912 864 54 ditæ, ſedulò à nobis conquirendi. Ergo etiam ex¬

57 963 866 54 communicati χτ τι fratres noſtri ſunt, non tamen

56 1008 864 56 omnino & abſolutè, nec pares ijs habendi, qui in

56 1072 864 45 Derinetu peritaerut. La quipus omiibus expli¬

56 1104 866 64 catus videtur vberrimus & vtiliſſimus ille de ex¬

54 1158 640 58 communicatione locus. Sequitur,

74 1556 123 51 Q

356 1353 270 60 CAP. VI.

232 1428 686 72 VICVNQVE ſub iugo ſunt

228 1491 686 57 ſerui, ſuos dominos ouni honore

50 1593 477 84 doctrina blaſphemetur.

231 1542 662 70 dignos ducunto, ne nomen Dei et

104 1672 812 64 Videri poteſt abrupta huius capitis & loci ſe¬

46 1726 866 74 ries, & minimè conſentiens cum toto ſuperio¬
