<?xml version='1.0' encoding='UTF-8'?>
<alto xmlns:xsi="http://www.w3.org/2001/XMLSchema-instance" xmlns="http://www.loc.gov/standards/alto/ns-v4#" xsi:schemaLocation="http://www.loc.gov/standards/alto/ns-v4# http://www.loc.gov/standards/alto/v4/alto-4-2.xsd">
  <Description>
    <MeasurementUnit>pixel</MeasurementUnit>
    <sourceImageInformation>
      <fileName>2013021.jpeg</fileName>
    </sourceImageInformation>
  </Description>
  <Tags>
    <OtherTag ID="BT7" LABEL="CustomZone" DESCRIPTION="block type CustomZone"/><OtherTag ID="BT8" LABEL="DamageZone" DESCRIPTION="block type DamageZone"/><OtherTag ID="BT9" LABEL="DigitizationArtefactZone" DESCRIPTION="block type DigitizationArtefactZone"/><OtherTag ID="BT10" LABEL="DropCapitalZone" DESCRIPTION="block type DropCapitalZone"/><OtherTag ID="BT11" LABEL="GraphicZone" DESCRIPTION="block type GraphicZone"/><OtherTag ID="BT12" LABEL="MainZone" DESCRIPTION="block type MainZone"/><OtherTag ID="BT13" LABEL="MarginTextZone" DESCRIPTION="block type MarginTextZone"/><OtherTag ID="BT14" LABEL="MusicZone" DESCRIPTION="block type MusicZone"/><OtherTag ID="BT15" LABEL="NumberingZone" DESCRIPTION="block type NumberingZone"/><OtherTag ID="BT17" LABEL="QuireMarksZone" DESCRIPTION="block type QuireMarksZone"/><OtherTag ID="BT18" LABEL="RunningTitleZone" DESCRIPTION="block type RunningTitleZone"/><OtherTag ID="BT19" LABEL="SealZone" DESCRIPTION="block type SealZone"/><OtherTag ID="BT20" LABEL="StampZone" DESCRIPTION="block type StampZone"/><OtherTag ID="BT21" LABEL="TableZone" DESCRIPTION="block type TableZone"/><OtherTag ID="BT22" LABEL="TitlePageZone" DESCRIPTION="block type TitlePageZone"/><OtherTag ID="BT3407" LABEL="MainZone-Continued" DESCRIPTION="block type MainZone-Continued"/><OtherTag ID="BT3408" LABEL="MainZone-P" DESCRIPTION="block type MainZone-P"/><OtherTag ID="BT3409" LABEL="MainZone-Head" DESCRIPTION="block type MainZone-Head"/><OtherTag ID="BT3410" LABEL="MainZone-Other" DESCRIPTION="block type MainZone-Other"/><OtherTag ID="BT3411" LABEL="MainZone-Sp" DESCRIPTION="block type MainZone-Sp"/><OtherTag ID="BT3417" LABEL="MainZone-Sp-Continued" DESCRIPTION="block type MainZone-Sp-Continued"/><OtherTag ID="BT3418" LABEL="GraphicZone-Decoration" DESCRIPTION="block type GraphicZone-Decoration"/><OtherTag ID="BT3419" LABEL="MainZone-Entry" DESCRIPTION="block type MainZone-Entry"/><OtherTag ID="BT3420" LABEL="MainZone-Lg" DESCRIPTION="block type MainZone-Lg"/><OtherTag ID="BT3421" LABEL="MainZone-Entry-Continued" DESCRIPTION="block type MainZone-Entry-Continued"/><OtherTag ID="BT3422" LABEL="MarginTextZone-ManuscriptAddendum" DESCRIPTION="block type MarginTextZone-ManuscriptAddendum"/><OtherTag ID="BT3423" LABEL="MainZone-List" DESCRIPTION="block type MainZone-List"/>
    <OtherTag ID="LT7" LABEL="CustomLine" DESCRIPTION="line type CustomLine"/><OtherTag ID="LT8" LABEL="DefaultLine" DESCRIPTION="line type DefaultLine"/><OtherTag ID="LT9" LABEL="DropCapitalLine" DESCRIPTION="line type DropCapitalLine"/><OtherTag ID="LT10" LABEL="HeadingLine" DESCRIPTION="line type HeadingLine"/><OtherTag ID="LT11" LABEL="InterlinearLine" DESCRIPTION="line type InterlinearLine"/><OtherTag ID="LT12" LABEL="MusicLine" DESCRIPTION="line type MusicLine"/>
  </Tags>
  <Layout>
    <Page WIDTH="1500" HEIGHT="2172" PHYSICAL_IMG_NR="17" ID="eSc_dummypage_">
      <PrintSpace HPOS="0" VPOS="0" WIDTH="1500" HEIGHT="2172">
        <TextBlock HPOS="378" VPOS="150" WIDTH="316" HEIGHT="54" ID="block_1" TAGREFS="BT18">
          <Shape><Polygon POINTS="378 150 693 150 693 204 378 204 378 150"/></Shape>
          <TextLine ID="line_1" TAGREFS="LT8" BASELINE="376 188 693 188" HPOS="376" VPOS="162" WIDTH="316" HEIGHT="46">
            <Shape><Polygon POINTS="678 162 666 162 654 162 642 162 630 162 618 162 606 162 597 162 562 165 558 162 558 162 546 162 534 162 522 162 510 162 498 162 486 162 474 162 462 162 456 165 454 162 450 162 438 162 435 162 430 165 412 162 400 162 388 162 376 162 376 162 376 188 376 208 512 208 512 207 512 207 513 207 513 206 518 202 522 196 531 202 540 206 542 206 543 206 543 206 544 206 544 204 549 202 555 196 640 196 640 198 648 206 650 206 651 206 652 206 693 196 693 188 693 165 682 162 678 162"/></Shape>
            <String CONTENT="CAPVT III." HPOS="376" VPOS="162" WIDTH="316" HEIGHT="46" WC="0.9968599557876587"/>
          </TextLine>
        </TextBlock>
        <TextBlock HPOS="895" VPOS="156" WIDTH="86" HEIGHT="48" ID="block_2" TAGREFS="BT15">
          <Shape><Polygon POINTS="895 156 981 156 981 204 895 204 895 156"/></Shape>
          <TextLine ID="line_2" TAGREFS="LT8" BASELINE="898 186 975 186" HPOS="898" VPOS="138" WIDTH="76" HEIGHT="70">
            <Shape><Polygon POINTS="898 186 898 201 974 208 975 186 975 146 898 138 898 186"/></Shape>
            <String CONTENT="164" HPOS="898" VPOS="138" WIDTH="76" HEIGHT="70" WC="0.999987800916036"/>
          </TextLine>
        </TextBlock>
        <TextBlock HPOS="104" VPOS="202" WIDTH="879" HEIGHT="1127" ID="block_3" TAGREFS="BT3407">
          <Shape><Polygon POINTS="104 202 983 202 983 1328 104 1328 104 202"/></Shape>
          <TextLine ID="line_3" TAGREFS="LT8" BASELINE="104 249 975 242" HPOS="104" VPOS="196" WIDTH="872" HEIGHT="75">
            <Shape><Polygon POINTS="104 249 104 270 150 262 213 268 246 272 248 272 249 272 258 267 276 260 290 266 297 270 298 270 300 272 393 272 393 270 394 270 411 264 428 258 436 264 438 264 438 264 440 264 441 264 442 264 444 264 444 264 452 258 552 258 598 258 602 260 610 267 612 267 614 267 615 267 616 267 639 260 646 258 722 258 726 258 760 266 762 266 810 256 813 256 814 256 862 264 864 264 864 264 885 255 906 264 906 264 908 266 938 266 938 264 939 264 975 252 975 242 970 201 954 210 924 210 914 201 908 196 906 196 906 196 848 196 846 196 844 196 844 196 838 201 828 208 752 202 750 202 748 202 747 202 722 210 698 202 686 198 684 198 684 198 666 202 624 213 537 213 466 202 465 202 393 214 366 206 364 206 363 206 363 206 344 214 318 202 315 202 314 202 272 202 270 202 268 202 267 202 266 202 255 212 206 216 182 216 166 202 166 202 165 202 164 202 104 202 104 249"/></Shape>
            <String CONTENT="in canonibus Apoſtolorum, qui dicuntur; éſtque" HPOS="104" VPOS="196" WIDTH="872" HEIGHT="75" WC="0.9852660298347473"/>
          </TextLine>
          <TextLine ID="line_4" TAGREFS="LT8" BASELINE="108 297 975 291" HPOS="106" VPOS="255" WIDTH="868" HEIGHT="58">
            <Shape><Polygon POINTS="108 297 108 314 370 314 370 314 372 314 374 314 381 308 438 312 452 314 453 314 454 314 456 314 456 312 468 306 585 312 600 312 602 312 606 312 652 304 789 310 796 310 798 310 800 310 816 303 974 309 975 291 974 255 939 255 938 255 938 255 936 255 926 264 908 258 906 258 906 258 904 258 903 258 896 264 846 264 813 256 802 255 801 255 801 255 800 255 800 256 798 258 794 261 772 258 765 256 765 256 764 256 759 258 734 264 716 258 711 256 710 256 710 256 708 256 704 258 690 266 628 266 616 260 615 258 614 258 612 258 610 258 610 258 604 260 588 267 512 267 480 261 454 258 453 258 422 262 388 268 298 268 290 264 278 260 278 260 276 260 240 264 214 268 201 264 180 260 178 260 178 260 106 266 108 297"/></Shape>
            <String CONTENT="relatum in canon. Si quis viduam &amp; eiectam diſt." HPOS="106" VPOS="255" WIDTH="868" HEIGHT="58" WC="0.9869062614937624"/>
          </TextLine>
          <TextLine ID="line_5" TAGREFS="LT8" BASELINE="111 350 975 339" HPOS="110" VPOS="300" WIDTH="866" HEIGHT="69">
            <Shape><Polygon POINTS="111 350 111 368 146 369 147 369 147 369 148 369 150 368 159 362 213 366 225 368 226 368 242 366 304 360 314 364 314 366 314 366 315 366 316 368 434 368 434 366 435 366 444 363 456 360 546 363 604 363 604 363 606 363 608 363 610 362 616 357 654 362 670 363 672 363 694 360 759 354 972 357 975 339 970 309 864 309 840 300 838 300 778 300 777 300 777 300 754 310 754 312 728 312 710 312 678 302 678 302 676 302 597 302 596 302 594 302 578 314 456 314 428 304 426 304 424 304 351 310 330 304 328 304 327 304 327 304 298 315 288 306 286 306 285 306 218 306 216 306 216 306 214 306 214 308 206 314 184 308 184 308 183 308 182 308 180 308 166 316 166 316 138 310 136 310 110 316 111 350"/></Shape>
            <String CONTENT="34. &amp; à Neoceſarienſi concilio (quod Nicenum" HPOS="110" VPOS="300" WIDTH="866" HEIGHT="69" WC="0.9978311088350084"/>
          </TextLine>
          <TextLine ID="line_6" TAGREFS="LT8" BASELINE="105 394 975 388" HPOS="104" VPOS="351" WIDTH="872" HEIGHT="66">
            <Shape><Polygon POINTS="105 394 105 412 165 416 166 416 166 416 176 412 196 408 202 412 208 417 208 417 210 417 212 417 285 416 286 416 292 412 306 406 339 412 357 416 357 416 358 416 364 412 380 406 424 406 432 412 434 412 435 412 524 414 524 414 525 414 526 414 530 412 543 405 600 410 602 410 684 404 706 412 708 412 710 412 710 412 732 404 802 404 816 412 818 412 819 412 820 412 832 412 928 406 972 411 975 388 970 351 921 357 886 351 885 351 884 351 882 351 876 357 794 352 792 352 790 352 789 352 771 358 750 352 748 352 747 352 746 352 746 352 744 352 736 360 681 360 591 356 562 354 561 354 561 354 555 356 537 362 444 357 394 356 393 356 364 358 327 363 104 363 105 394"/></Shape>
            <String CONTENT="primum præceſsit,) repetitum cap. 8. Quod etſi" HPOS="104" VPOS="351" WIDTH="872" HEIGHT="66" WC="0.9857395213583241"/>
          </TextLine>
          <TextLine ID="line_7" TAGREFS="LT8" BASELINE="104 442 975 436" HPOS="104" VPOS="400" WIDTH="872" HEIGHT="63">
            <Shape><Polygon POINTS="104 442 104 464 186 462 188 462 189 462 196 456 214 462 216 462 216 462 327 462 328 462 344 454 356 462 357 462 357 462 358 462 429 462 429 462 430 462 432 460 448 454 520 460 532 460 534 460 538 459 572 453 602 459 610 460 612 460 614 460 615 460 616 459 628 452 972 454 975 436 970 408 741 410 740 410 728 402 726 402 724 402 723 402 710 406 702 400 700 400 699 400 636 400 634 400 634 400 633 400 633 400 622 411 597 411 592 411 543 400 542 400 540 400 520 411 519 411 483 404 482 404 440 410 430 402 429 402 428 402 426 402 327 410 304 402 303 402 302 402 302 402 278 412 274 412 260 412 147 406 146 406 104 412 104 442"/></Shape>
            <String CONTENT="non improbo ab ijs ita eſſe conſtitutum, ex eo ta¬" HPOS="104" VPOS="400" WIDTH="872" HEIGHT="63" WC="0.9932745885848999"/>
          </TextLine>
          <TextLine ID="line_8" TAGREFS="LT8" BASELINE="104 492 972 486" HPOS="102" VPOS="448" WIDTH="870" HEIGHT="60">
            <Shape><Polygon POINTS="104 492 104 507 468 508 468 508 470 508 471 508 472 507 480 502 516 507 528 508 530 508 543 507 592 501 620 507 622 507 622 507 633 507 726 501 746 507 747 507 748 507 750 507 752 507 753 507 760 500 969 506 972 486 969 456 900 448 900 448 898 448 870 456 866 456 861 456 822 448 820 448 820 448 796 456 795 456 794 456 783 448 783 448 782 448 756 448 754 448 753 448 753 448 742 456 740 459 672 459 668 456 654 450 654 450 652 450 603 450 602 450 591 456 588 458 585 456 578 450 576 450 574 450 549 450 548 450 546 450 544 450 536 456 530 459 513 456 482 450 480 450 440 456 416 459 376 456 326 452 324 452 322 452 306 456 288 460 250 456 212 452 210 452 208 452 201 456 194 459 102 456 104 492"/></Shape>
            <String CONTENT="men laqueum conſcientijs vllum induci nolim," HPOS="102" VPOS="448" WIDTH="870" HEIGHT="60" WC="0.9908622164617885"/>
          </TextLine>
          <TextLine ID="line_9" TAGREFS="LT8" BASELINE="104 538 975 532" HPOS="104" VPOS="495" WIDTH="872" HEIGHT="63">
            <Shape><Polygon POINTS="104 538 104 558 321 558 321 556 322 556 333 555 351 549 400 554 450 556 452 556 476 552 496 549 506 552 513 555 514 555 516 556 614 556 614 555 615 555 616 555 624 550 627 549 645 549 690 555 690 555 692 555 693 555 702 549 705 548 736 549 798 552 800 552 801 552 801 552 808 548 812 546 825 548 867 554 868 554 870 554 870 554 878 548 879 546 974 546 975 532 972 504 922 496 921 496 920 496 920 496 912 504 856 504 838 495 838 495 837 495 798 504 796 504 764 496 704 496 702 496 700 496 699 496 690 504 596 498 594 498 560 506 454 498 453 498 452 498 450 498 438 506 436 506 428 506 290 500 288 500 286 500 285 500 276 507 274 507 264 507 162 500 160 500 104 507 104 538"/></Shape>
            <String CONTENT="&amp; ita ſtrictè in omnibus obſeruari. Nam hoc ita" HPOS="104" VPOS="495" WIDTH="872" HEIGHT="63" WC="0.9875377975404263"/>
          </TextLine>
          <TextLine ID="line_10" TAGREFS="LT8" BASELINE="104 588 975 580" HPOS="104" VPOS="542" WIDTH="872" HEIGHT="66">
            <Shape><Polygon POINTS="104 588 104 608 434 608 434 606 435 606 444 603 447 600 450 602 460 606 462 606 462 608 522 608 522 606 524 606 524 606 530 602 531 600 550 600 654 604 656 604 657 604 678 598 684 598 708 598 826 604 826 604 828 604 830 604 838 597 840 597 844 597 926 603 927 603 975 594 975 580 972 550 856 542 855 542 854 542 828 550 826 550 816 550 710 543 708 543 706 543 684 550 681 552 675 550 648 543 646 543 645 543 644 543 616 550 610 552 604 550 567 543 538 543 537 543 537 543 536 543 525 550 522 554 513 550 490 544 489 544 488 544 488 544 466 550 459 555 405 555 402 550 396 546 394 546 394 546 393 546 392 546 374 550 368 554 363 550 356 546 354 546 352 546 351 546 310 552 288 555 268 552 255 549 254 549 244 552 226 555 218 552 208 548 208 548 207 548 172 552 141 555 129 552 116 548 114 548 112 548 111 548 104 550 104 588"/></Shape>
            <String CONTENT="conſtitutum ſolùm eſt à Patribus illis, quòd Ec¬" HPOS="104" VPOS="542" WIDTH="872" HEIGHT="66" WC="0.9856328485058803"/>
          </TextLine>
          <TextLine ID="line_11" TAGREFS="LT8" BASELINE="105 638 974 630" HPOS="104" VPOS="597" WIDTH="870" HEIGHT="57">
            <Shape><Polygon POINTS="105 638 105 654 972 645 974 630 969 597 682 603 597 600 506 598 504 598 466 602 446 604 436 603 412 597 411 597 351 603 332 604 327 604 314 598 312 598 258 598 258 598 256 598 244 604 240 606 237 604 224 598 222 598 122 598 120 598 118 598 104 604 105 638"/></Shape>
            <String CONTENT="cleſiæ ædificatio in tanta meretricum copia, &amp;" HPOS="104" VPOS="597" WIDTH="870" HEIGHT="57" WC="0.9967553745145383"/>
          </TextLine>
          <TextLine ID="line_12" TAGREFS="LT8" BASELINE="104 688 975 678" HPOS="104" VPOS="640" WIDTH="872" HEIGHT="68">
            <Shape><Polygon POINTS="104 688 104 702 243 708 244 708 246 708 258 702 261 699 322 699 327 700 340 706 342 706 344 706 381 700 384 700 386 700 400 706 402 706 404 706 405 706 428 700 434 699 450 700 504 705 506 705 506 705 507 705 514 700 518 698 528 700 548 704 549 704 549 704 566 699 578 696 597 699 612 702 614 702 640 699 676 696 682 699 687 702 688 702 690 702 690 702 975 696 975 678 974 646 866 640 864 640 864 640 862 640 855 646 850 648 774 648 771 646 759 640 758 640 756 640 676 646 621 650 616 646 614 644 612 644 610 644 543 644 543 644 513 646 476 651 447 646 430 645 429 645 400 646 340 652 327 646 322 646 321 646 320 646 298 646 208 654 104 648 104 688"/></Shape>
            <String CONTENT="inter gentes profanas verſantes exigere huiuſ¬" HPOS="104" VPOS="640" WIDTH="872" HEIGHT="68" WC="0.9890398033287214"/>
          </TextLine>
          <TextLine ID="line_13" TAGREFS="LT8" BASELINE="104 738 975 728" HPOS="104" VPOS="690" WIDTH="872" HEIGHT="68">
            <Shape><Polygon POINTS="104 738 104 748 184 758 184 758 186 758 212 748 213 748 216 748 258 756 260 756 320 747 328 747 339 747 406 754 406 754 408 754 436 747 442 746 460 747 537 753 537 753 538 753 555 746 560 746 573 746 609 752 610 752 634 746 648 744 651 746 656 750 657 750 658 750 660 750 700 746 723 744 728 746 734 752 734 752 735 752 736 752 844 750 846 750 858 746 866 741 878 746 890 748 891 748 892 748 975 744 975 728 970 692 746 700 706 696 650 690 648 690 648 690 622 698 610 702 558 699 430 693 429 693 428 693 400 702 394 704 388 702 375 698 374 698 372 698 346 704 344 704 333 694 332 694 330 694 328 694 248 696 246 696 246 696 230 705 166 696 166 696 165 696 164 696 164 698 153 708 104 708 104 738"/></Shape>
            <String CONTENT="modi quiddam videretur. Oſeas tamen duxit" HPOS="104" VPOS="690" WIDTH="872" HEIGHT="68" WC="0.9994823583742467"/>
          </TextLine>
          <TextLine ID="line_14" TAGREFS="LT8" BASELINE="104 784 969 774" HPOS="104" VPOS="736" WIDTH="866" HEIGHT="64">
            <Shape><Polygon POINTS="104 784 104 801 561 794 561 794 579 801 579 801 580 801 872 796 873 796 874 796 886 789 948 795 950 795 950 795 969 786 969 774 966 746 870 736 870 736 868 736 838 746 680 740 678 740 678 740 676 740 666 746 597 740 596 740 594 740 592 740 580 747 549 741 549 741 548 741 546 741 534 750 486 750 398 742 396 742 394 742 380 752 321 744 320 744 320 744 292 752 190 746 189 746 104 754 104 784"/></Shape>
            <String CONTENT="meretricem in vxorem, ſi quibuſdam credimus." HPOS="104" VPOS="736" WIDTH="866" HEIGHT="64" WC="0.9994477006522092"/>
          </TextLine>
          <TextLine ID="line_15" TAGREFS="LT8" BASELINE="150 834 975 825" HPOS="148" VPOS="786" WIDTH="826" HEIGHT="66">
            <Shape><Polygon POINTS="150 834 150 850 212 846 222 850 228 852 230 852 231 852 232 852 238 850 252 844 280 850 302 852 303 852 339 849 369 844 376 848 387 850 388 850 388 850 424 846 460 843 500 844 560 850 561 850 588 844 602 842 620 844 646 846 648 846 674 843 690 840 693 842 704 848 705 848 706 849 758 849 758 848 759 848 759 848 768 840 771 838 778 840 814 846 816 846 952 844 954 844 975 837 975 825 972 786 910 794 890 788 886 786 885 786 884 786 882 786 882 786 880 788 867 795 768 795 759 789 759 789 758 789 756 789 754 789 753 789 748 789 724 795 684 790 666 789 664 789 616 789 615 789 614 789 610 792 604 796 530 794 478 790 477 790 476 790 474 790 470 795 464 798 450 795 441 792 440 792 438 792 438 792 429 795 416 801 308 801 302 796 298 794 297 794 296 794 261 794 260 794 216 795 216 795 214 795 208 800 204 801 196 800 183 795 182 795 180 795 148 800 150 834"/></Shape>
            <String CONTENT="Sed &amp; ſiquis eam vxorem habet, quam ex legũ" HPOS="148" VPOS="786" WIDTH="826" HEIGHT="66" WC="0.9995095282793045"/>
          </TextLine>
          <TextLine ID="line_16" TAGREFS="LT8" BASELINE="102 884 974 872" HPOS="100" VPOS="834" WIDTH="873" HEIGHT="70">
            <Shape><Polygon POINTS="102 884 104 904 132 894 219 894 228 902 228 902 230 902 231 903 261 903 261 902 262 902 280 892 448 891 460 898 462 898 462 898 464 898 502 891 534 898 536 898 537 898 537 898 562 890 592 897 594 897 596 897 674 888 686 896 687 896 688 896 690 896 858 894 900 885 914 892 914 892 915 892 916 894 972 894 974 872 969 838 820 840 818 840 795 834 795 834 794 834 759 840 754 842 750 842 728 836 728 836 726 836 612 843 582 844 576 843 556 838 555 838 555 838 554 838 552 838 546 843 544 844 530 844 456 838 456 838 454 838 453 838 444 844 441 846 422 844 380 840 378 840 376 840 363 844 354 849 100 849 102 884"/></Shape>
            <String CONTENT="præſcripto ducere non poteſt, veluti ſi intra eum" HPOS="100" VPOS="834" WIDTH="873" HEIGHT="70" WC="0.9962624822344098"/>
          </TextLine>
          <TextLine ID="line_17" TAGREFS="LT8" BASELINE="104 932 682 922 972 924" HPOS="104" VPOS="882" WIDTH="868" HEIGHT="72">
            <Shape><Polygon POINTS="104 932 104 954 142 952 144 952 159 944 246 951 248 951 249 951 264 944 296 951 297 951 298 951 300 951 302 951 312 942 339 942 398 950 399 950 400 950 438 940 561 945 561 945 610 939 622 948 622 948 624 948 626 950 644 950 657 950 657 948 658 948 660 948 660 946 670 938 712 938 726 946 728 946 728 946 729 946 890 939 969 944 972 924 970 890 944 882 944 882 942 882 771 892 730 884 729 884 620 892 590 885 588 885 586 885 496 886 432 894 414 888 412 888 412 888 411 888 378 896 326 888 324 888 322 888 321 888 321 888 312 898 200 898 182 892 180 892 178 892 104 900 104 932"/></Shape>
            <String CONTENT="gradum, qui legibus alicuius prouinciæ politicis" HPOS="104" VPOS="882" WIDTH="868" HEIGHT="72" WC="0.9838819988071918"/>
          </TextLine>
          <TextLine ID="line_18" TAGREFS="LT8" BASELINE="104 981 494 974 974 974" HPOS="104" VPOS="932" WIDTH="870" HEIGHT="66">
            <Shape><Polygon POINTS="104 981 104 998 174 990 228 990 236 996 237 996 238 996 240 996 242 996 438 987 510 993 513 993 514 993 516 993 518 993 524 987 556 993 561 993 561 993 562 993 564 993 578 987 588 993 590 993 591 993 592 993 592 993 594 993 604 987 764 992 777 992 778 992 780 992 782 992 789 986 816 992 820 992 820 992 822 992 824 992 838 986 970 988 974 974 972 934 944 932 942 932 940 932 934 934 916 942 759 938 674 934 672 934 672 934 660 938 642 944 621 939 597 934 596 934 534 940 522 940 510 940 432 936 432 936 430 936 414 942 405 945 390 942 368 938 366 938 364 938 363 938 357 944 351 946 232 946 228 944 218 938 216 938 216 938 170 938 168 938 166 938 166 938 156 945 153 946 104 946 104 981"/></Shape>
            <String CONTENT="prohibetur, ad munus Eccleſiaſticum vocari &amp;" HPOS="104" VPOS="932" WIDTH="870" HEIGHT="66" WC="0.9909262291409753"/>
          </TextLine>
          <TextLine ID="line_19" TAGREFS="LT8" BASELINE="102 1026 969 1018" HPOS="100" VPOS="981" WIDTH="868" HEIGHT="63">
            <Shape><Polygon POINTS="102 1026 102 1038 320 1036 330 1038 368 1044 369 1044 369 1044 386 1038 393 1036 418 1038 474 1042 476 1042 477 1042 488 1038 494 1036 510 1038 543 1042 544 1042 585 1036 612 1035 646 1036 687 1041 688 1041 969 1036 969 1018 966 988 876 988 874 988 834 981 832 981 734 990 729 990 728 990 694 984 693 984 692 984 664 992 662 992 651 982 650 982 648 982 648 982 578 990 531 982 530 982 483 984 482 984 480 984 470 993 459 984 458 984 456 984 386 984 384 984 333 993 328 993 322 993 234 987 234 987 232 987 216 994 214 996 174 996 172 994 147 987 146 987 144 987 100 994 102 1026"/></Shape>
            <String CONTENT="admitti non debebit ex Synodo 6. generali, quæ" HPOS="100" VPOS="981" WIDTH="868" HEIGHT="63" WC="0.998603467060172"/>
          </TextLine>
          <TextLine ID="line_20" TAGREFS="LT8" BASELINE="102 1076 969 1068" HPOS="100" VPOS="1042" WIDTH="868" HEIGHT="45">
            <Shape><Polygon POINTS="728 1070 716 1070 704 1070 692 1070 680 1070 668 1070 656 1070 644 1070 632 1070 620 1070 608 1070 596 1070 584 1070 572 1070 560 1070 548 1070 536 1070 524 1070 512 1070 500 1070 488 1070 474 1070 462 1070 450 1070 438 1072 426 1072 414 1072 402 1072 390 1072 378 1072 366 1072 354 1072 342 1072 330 1072 318 1072 306 1072 294 1072 282 1072 270 1072 258 1072 246 1072 234 1072 222 1072 208 1072 196 1072 184 1072 172 1072 160 1072 148 1072 136 1072 124 1072 112 1072 100 1072 102 1076 102 1088 969 1083 969 1068 968 1044 747 1042 746 1042 746 1042 744 1042 738 1048 732 1052 728 1070"/></Shape>
            <String CONTENT="Ioit Gontaneinoponta in Piuno, &amp; eſt in cano." HPOS="100" VPOS="1042" WIDTH="868" HEIGHT="45" WC="0.9875003986888462"/>
          </TextLine>
          <TextLine ID="line_21" TAGREFS="LT8" BASELINE="100 1124 969 1116" HPOS="99" VPOS="1078" WIDTH="870" HEIGHT="63">
            <Shape><Polygon POINTS="100 1124 100 1134 225 1142 226 1142 352 1134 406 1132 412 1134 422 1140 423 1140 424 1140 483 1134 504 1134 508 1134 518 1138 519 1138 520 1138 522 1138 537 1134 552 1131 584 1134 606 1137 608 1137 628 1134 657 1131 732 1134 794 1137 795 1137 795 1137 806 1134 825 1128 858 1134 870 1136 872 1136 969 1134 969 1116 968 1089 912 1089 912 1088 888 1078 888 1078 886 1078 885 1078 864 1088 830 1078 828 1078 826 1078 771 1078 770 1078 768 1078 768 1080 759 1088 759 1089 753 1088 726 1078 724 1078 723 1078 722 1078 706 1088 704 1089 700 1088 684 1080 682 1080 610 1080 609 1080 608 1080 606 1080 597 1088 592 1090 564 1088 513 1082 512 1082 512 1082 510 1082 501 1086 494 1092 459 1092 448 1086 435 1082 434 1082 432 1082 432 1082 411 1086 387 1094 308 1094 285 1086 273 1083 272 1083 272 1083 270 1083 260 1086 240 1095 219 1095 208 1086 206 1084 204 1084 202 1084 202 1084 99 1086 100 1124"/></Shape>
            <String CONTENT="Preſbyterum non legalibus diſtinct. 28. vbi Gra¬" HPOS="99" VPOS="1078" WIDTH="870" HEIGHT="63" WC="0.981335656096538"/>
          </TextLine>
          <TextLine ID="line_22" TAGREFS="LT8" BASELINE="100 1172 969 1166" HPOS="99" VPOS="1128" WIDTH="870" HEIGHT="68">
            <Shape><Polygon POINTS="100 1172 100 1190 124 1186 135 1191 140 1194 141 1194 141 1196 198 1196 198 1194 200 1194 207 1191 219 1185 230 1190 234 1192 234 1192 236 1192 237 1192 246 1190 274 1184 296 1190 302 1192 303 1192 304 1192 326 1190 368 1184 452 1184 459 1190 462 1191 464 1191 465 1191 466 1191 495 1190 496 1190 498 1190 500 1188 510 1182 596 1182 606 1186 615 1191 616 1191 616 1191 618 1191 633 1186 652 1180 770 1182 772 1185 778 1190 780 1190 782 1190 783 1190 878 1190 900 1184 922 1179 968 1184 969 1166 968 1140 864 1140 864 1138 850 1128 850 1128 849 1128 848 1128 846 1128 825 1136 796 1128 795 1128 795 1128 794 1128 770 1138 766 1142 728 1142 726 1138 716 1130 714 1130 712 1130 711 1130 640 1138 618 1142 592 1142 586 1138 576 1131 574 1131 573 1131 544 1131 543 1131 543 1131 542 1131 532 1138 530 1142 496 1138 464 1136 462 1136 446 1138 422 1142 406 1138 388 1132 387 1132 386 1132 340 1138 310 1142 302 1138 288 1132 286 1132 285 1132 224 1138 190 1142 184 1138 178 1134 178 1134 177 1134 176 1134 99 1137 100 1172"/></Shape>
            <String CONTENT="tianus ſe imperitum prorſus prodit: vel ſi per i¬" HPOS="99" VPOS="1128" WIDTH="870" HEIGHT="68" WC="0.99478409363299"/>
          </TextLine>
          <TextLine ID="line_23" TAGREFS="LT8" BASELINE="104 1221 968 1215" HPOS="102" VPOS="1179" WIDTH="866" HEIGHT="62">
            <Shape><Polygon POINTS="104 1221 104 1240 237 1240 237 1239 246 1238 276 1232 310 1238 324 1239 326 1239 370 1236 444 1232 450 1234 456 1238 458 1238 459 1238 460 1238 462 1238 465 1233 471 1230 518 1233 558 1236 560 1236 591 1233 606 1230 610 1232 616 1238 616 1238 618 1238 620 1238 621 1238 638 1232 646 1228 692 1228 696 1230 704 1236 705 1236 706 1236 708 1236 741 1230 742 1230 744 1230 890 1234 891 1234 968 1226 968 1215 966 1188 948 1182 946 1182 945 1182 714 1188 704 1188 700 1188 648 1179 646 1179 572 1180 570 1180 554 1190 552 1190 550 1190 534 1180 532 1180 498 1180 496 1180 495 1180 494 1180 484 1190 483 1190 468 1190 339 1182 339 1182 338 1182 336 1182 326 1190 322 1190 312 1190 268 1184 267 1184 240 1190 230 1191 102 1190 104 1221"/></Shape>
            <String CONTENT="gnorantiam admiſſus eſt ad Epiſcopatum, inter¬" HPOS="102" VPOS="1179" WIDTH="866" HEIGHT="62" WC="0.996945242518964"/>
          </TextLine>
          <TextLine ID="line_24" TAGREFS="LT8" BASELINE="104 1269 966 1263" HPOS="102" VPOS="1224" WIDTH="864" HEIGHT="66">
            <Shape><Polygon POINTS="104 1269 104 1286 214 1282 231 1286 256 1290 258 1290 290 1286 324 1281 357 1286 382 1288 384 1288 411 1286 440 1281 453 1286 460 1288 462 1288 462 1288 549 1288 549 1288 550 1288 561 1284 574 1280 684 1278 722 1284 736 1287 738 1287 759 1284 816 1276 963 1282 966 1263 963 1234 938 1234 926 1224 926 1224 924 1224 922 1224 921 1224 892 1233 764 1226 762 1226 760 1226 742 1234 640 1226 639 1226 638 1226 636 1226 627 1233 567 1227 566 1227 564 1227 542 1236 513 1227 512 1227 512 1227 510 1227 508 1227 496 1238 446 1238 333 1227 333 1227 332 1227 330 1227 320 1236 302 1228 302 1228 300 1228 298 1228 278 1239 196 1239 172 1228 171 1228 170 1228 168 1228 166 1228 156 1238 144 1228 142 1228 141 1228 141 1228 140 1228 102 1239 104 1269"/></Shape>
            <String CONTENT="dici muneris ſui exercitio debebit, ex iiſdem Sy¬" HPOS="102" VPOS="1224" WIDTH="864" HEIGHT="66" WC="0.9978456156594413"/>
          </TextLine>
          <TextLine ID="line_25" TAGREFS="LT8" BASELINE="104 1320 364 1317" HPOS="102" VPOS="1278" WIDTH="262" HEIGHT="60">
            <Shape><Polygon POINTS="104 1320 104 1338 364 1335 364 1317 363 1288 308 1288 306 1287 284 1278 282 1278 280 1278 279 1278 261 1287 260 1287 256 1287 222 1280 222 1280 220 1280 201 1286 198 1287 196 1286 190 1281 190 1280 190 1280 189 1280 188 1280 102 1284 104 1320"/></Shape>
            <String CONTENT="nodi decretis" HPOS="102" VPOS="1278" WIDTH="262" HEIGHT="60" WC="0.9958552901561444"/>
          </TextLine>
        </TextBlock>
        <TextBlock HPOS="101" VPOS="1333" WIDTH="869" HEIGHT="494" ID="block_4" TAGREFS="BT3408">
          <Shape><Polygon POINTS="101 1333 970 1333 970 1827 101 1827 101 1333"/></Shape>
          <TextLine ID="line_26" TAGREFS="LT8" BASELINE="152 1366 970 1364" HPOS="150" VPOS="1318" WIDTH="820" HEIGHT="69">
            <Shape><Polygon POINTS="152 1366 152 1384 224 1378 264 1384 279 1386 280 1386 282 1386 290 1383 308 1378 314 1383 320 1388 320 1388 321 1388 322 1388 357 1383 368 1382 380 1383 423 1388 424 1388 424 1388 444 1382 450 1382 471 1382 528 1388 530 1388 530 1388 546 1382 560 1377 582 1382 614 1388 615 1388 651 1382 672 1376 764 1376 774 1380 792 1386 794 1386 795 1388 844 1388 844 1386 846 1386 867 1378 876 1376 884 1378 904 1386 906 1386 906 1386 908 1386 924 1378 930 1376 969 1377 970 1364 969 1320 922 1318 921 1318 920 1318 920 1318 916 1320 903 1330 880 1330 862 1322 860 1320 858 1320 858 1320 856 1320 855 1320 854 1322 844 1330 814 1330 801 1323 801 1322 801 1322 800 1322 740 1318 738 1318 736 1318 716 1324 696 1329 690 1324 686 1320 684 1320 684 1320 654 1320 652 1320 651 1320 638 1326 624 1332 558 1332 552 1326 544 1320 543 1320 543 1320 496 1320 495 1320 494 1320 494 1320 483 1328 478 1330 448 1328 390 1323 388 1323 362 1329 350 1332 272 1332 268 1330 261 1326 260 1326 258 1326 258 1326 256 1326 237 1330 207 1322 206 1322 204 1322 202 1322 202 1322 189 1332 176 1324 174 1324 172 1324 172 1324 150 1332 152 1366"/></Shape>
            <String CONTENT="Additum quoque eſt à concilio Chalcedonẽſi" HPOS="150" VPOS="1318" WIDTH="820" HEIGHT="69" WC="0.9984337321736596"/>
          </TextLine>
          <TextLine ID="line_27" TAGREFS="LT8" BASELINE="102 1419 963 1410" HPOS="100" VPOS="1374" WIDTH="862" HEIGHT="63">
            <Shape><Polygon POINTS="102 1419 102 1431 224 1437 225 1437 226 1437 246 1431 330 1437 332 1437 356 1431 369 1428 394 1431 429 1436 430 1436 432 1436 444 1431 452 1428 458 1431 466 1436 468 1436 468 1436 573 1434 573 1434 584 1431 597 1426 618 1431 624 1431 626 1431 627 1431 628 1431 640 1425 704 1431 716 1431 716 1431 717 1431 718 1431 718 1431 728 1425 776 1425 783 1431 783 1431 784 1431 786 1431 788 1432 824 1432 824 1431 825 1431 826 1431 855 1424 962 1431 963 1410 960 1380 788 1382 778 1380 759 1374 758 1374 756 1374 754 1374 744 1380 740 1382 672 1380 568 1376 567 1376 567 1376 555 1380 538 1383 514 1380 495 1376 494 1376 494 1376 483 1380 466 1386 417 1386 376 1380 362 1377 360 1377 358 1377 356 1380 342 1386 268 1380 256 1378 255 1378 254 1378 252 1378 252 1380 240 1388 170 1388 159 1380 159 1380 158 1380 100 1380 102 1419"/></Shape>
            <String CONTENT="cap. 14. &amp; ſancitum, ne qui vxorem hæreticam," HPOS="100" VPOS="1374" WIDTH="862" HEIGHT="63" WC="0.9754441486464607"/>
          </TextLine>
          <TextLine ID="line_28" TAGREFS="LT8" BASELINE="104 1464 968 1456" HPOS="102" VPOS="1419" WIDTH="866" HEIGHT="64">
            <Shape><Polygon POINTS="104 1464 104 1478 246 1484 246 1484 333 1476 342 1476 346 1476 387 1482 388 1482 966 1472 968 1456 964 1425 916 1419 915 1419 914 1419 896 1425 888 1426 870 1425 826 1419 825 1419 824 1419 822 1419 814 1425 812 1430 776 1430 771 1426 759 1420 758 1420 756 1420 754 1420 740 1426 738 1428 736 1426 729 1420 728 1420 728 1420 726 1420 724 1420 704 1426 686 1420 684 1420 684 1420 682 1420 658 1428 651 1430 645 1428 628 1424 627 1424 626 1424 602 1428 597 1430 591 1428 561 1422 561 1422 494 1430 492 1430 435 1424 434 1424 386 1431 381 1431 380 1431 369 1425 369 1425 368 1425 366 1425 320 1431 302 1425 302 1425 300 1425 248 1432 244 1432 240 1432 176 1425 174 1425 102 1434 104 1464"/></Shape>
            <String CONTENT="aut Paganam ſiue Gentilem &amp; idololatrã duxiſ¬" HPOS="102" VPOS="1419" WIDTH="866" HEIGHT="64" WC="0.9911704750164695"/>
          </TextLine>
          <TextLine ID="line_29" TAGREFS="LT8" BASELINE="99 1515 968 1506" HPOS="98" VPOS="1467" WIDTH="870" HEIGHT="63">
            <Shape><Polygon POINTS="99 1515 99 1530 819 1528 864 1521 864 1521 920 1527 921 1527 968 1518 968 1506 964 1473 854 1467 852 1467 850 1467 850 1467 842 1473 813 1468 812 1468 734 1474 714 1468 712 1468 711 1468 710 1468 694 1474 693 1476 540 1476 537 1476 474 1470 472 1470 471 1470 450 1478 448 1478 440 1478 339 1472 338 1472 336 1472 316 1479 315 1479 314 1479 272 1473 270 1473 268 1473 267 1473 260 1479 112 1474 111 1474 111 1474 98 1479 99 1515"/></Shape>
            <String CONTENT="ſet fieret Epiſcopus &amp; clericus, ne fortaſſe illa vi¬" HPOS="98" VPOS="1467" WIDTH="870" HEIGHT="63" WC="0.9868054378707454"/>
          </TextLine>
          <TextLine ID="line_30" TAGREFS="LT8" BASELINE="99 1563 964 1554" HPOS="98" VPOS="1516" WIDTH="867" HEIGHT="63">
            <Shape><Polygon POINTS="99 1563 99 1576 530 1580 531 1580 606 1572 693 1576 694 1576 696 1576 698 1576 705 1570 726 1576 728 1576 728 1576 838 1569 838 1569 932 1574 933 1574 963 1566 964 1554 962 1524 860 1516 858 1516 858 1516 856 1516 856 1516 846 1524 843 1524 654 1518 654 1518 652 1518 651 1518 640 1526 622 1521 621 1521 620 1521 618 1521 597 1527 596 1527 591 1527 532 1522 531 1522 482 1528 477 1528 474 1528 453 1521 452 1521 450 1521 450 1521 434 1527 315 1522 314 1522 314 1522 312 1522 300 1530 296 1530 207 1524 206 1524 204 1524 180 1530 178 1532 98 1532 99 1563"/></Shape>
            <String CONTENT="rum à fide Chriſti abducat, aut pietatem Chri¬" HPOS="98" VPOS="1516" WIDTH="867" HEIGHT="63" WC="0.9891977056543878"/>
          </TextLine>
          <TextLine ID="line_31" TAGREFS="LT8" BASELINE="99 1611 968 1604" HPOS="98" VPOS="1563" WIDTH="870" HEIGHT="68">
            <Shape><Polygon POINTS="99 1611 99 1624 210 1630 212 1630 346 1624 390 1623 414 1624 462 1629 462 1629 464 1629 477 1624 488 1622 964 1623 968 1604 966 1574 942 1564 940 1564 939 1564 885 1572 872 1563 870 1563 870 1563 842 1563 840 1563 838 1563 808 1574 795 1564 795 1564 794 1564 792 1564 790 1564 789 1564 777 1574 777 1575 710 1575 688 1574 600 1566 598 1566 598 1566 579 1574 574 1575 562 1574 502 1566 501 1566 500 1566 474 1574 462 1578 450 1574 432 1569 432 1569 430 1569 429 1569 428 1569 420 1574 412 1578 345 1576 345 1574 339 1569 338 1569 336 1569 334 1569 210 1574 208 1574 208 1574 201 1580 174 1574 153 1570 152 1570 98 1574 99 1611"/></Shape>
            <String CONTENT="ſtianam profanet, &amp; calumnietur, quia hoſtis eſt" HPOS="98" VPOS="1563" WIDTH="870" HEIGHT="68" WC="0.994910771648089"/>
          </TextLine>
          <TextLine ID="line_32" TAGREFS="LT8" BASELINE="104 1660 966 1653" HPOS="104" VPOS="1614" WIDTH="862" HEIGHT="64">
            <Shape><Polygon POINTS="104 1660 104 1671 222 1678 222 1678 346 1672 394 1671 442 1672 532 1677 534 1677 536 1677 548 1672 558 1670 592 1672 624 1677 626 1677 627 1677 638 1672 651 1668 736 1668 746 1672 747 1676 748 1676 750 1676 752 1677 784 1677 784 1676 795 1672 820 1666 832 1672 832 1674 834 1674 836 1674 837 1674 846 1672 888 1668 898 1672 900 1674 902 1674 903 1674 966 1672 966 1653 963 1623 820 1614 820 1614 819 1614 792 1623 790 1624 706 1624 705 1623 678 1616 678 1616 676 1616 675 1616 674 1616 663 1623 663 1624 630 1624 621 1623 576 1617 574 1617 483 1624 456 1626 442 1624 396 1617 394 1617 394 1617 393 1617 393 1618 386 1624 382 1628 363 1624 320 1618 318 1618 316 1618 297 1624 290 1629 219 1629 207 1624 195 1622 194 1622 192 1622 190 1622 190 1622 184 1624 183 1628 180 1624 172 1620 171 1620 170 1620 168 1620 104 1624 104 1660"/></Shape>
            <String CONTENT="&amp; inimica. Sic eſt in cano. Quoniã in quibuſdam" HPOS="104" VPOS="1614" WIDTH="862" HEIGHT="64" WC="0.9957226018110911"/>
          </TextLine>
          <TextLine ID="line_33" TAGREFS="LT8" BASELINE="100 1708 963 1702" HPOS="99" VPOS="1664" WIDTH="864" HEIGHT="66">
            <Shape><Polygon POINTS="100 1708 100 1720 230 1720 231 1720 268 1730 270 1730 272 1730 272 1730 272 1728 280 1720 282 1720 291 1720 370 1728 372 1728 410 1720 411 1720 412 1720 441 1728 442 1728 444 1728 496 1720 504 1719 524 1719 668 1726 669 1726 710 1719 716 1718 723 1718 789 1726 789 1726 880 1725 882 1725 882 1725 891 1718 894 1716 897 1718 938 1725 938 1725 939 1725 963 1716 963 1702 962 1671 904 1671 894 1664 894 1664 892 1664 891 1664 788 1671 634 1665 634 1665 633 1665 615 1671 462 1665 460 1665 459 1665 442 1672 128 1668 126 1668 124 1668 99 1676 100 1708"/></Shape>
            <String CONTENT="diſtinct.32. Sed &amp; qui duas ſucceſſiuè &amp; legitimè" HPOS="99" VPOS="1664" WIDTH="864" HEIGHT="66" WC="0.9883237714860954"/>
          </TextLine>
          <TextLine ID="line_34" TAGREFS="LT8" BASELINE="102 1756 966 1752" HPOS="100" VPOS="1714" WIDTH="866" HEIGHT="62">
            <Shape><Polygon POINTS="102 1756 102 1770 218 1770 225 1770 267 1776 268 1776 297 1770 302 1770 314 1770 382 1776 384 1776 386 1776 405 1770 411 1768 417 1770 434 1776 435 1776 436 1776 438 1776 459 1770 464 1770 468 1770 501 1776 502 1776 634 1776 634 1776 663 1770 680 1767 744 1767 752 1770 760 1774 762 1774 764 1774 964 1770 966 1752 963 1725 909 1714 908 1714 860 1724 858 1724 856 1724 814 1714 813 1714 812 1714 810 1714 801 1724 800 1724 794 1724 714 1714 712 1714 711 1714 710 1714 702 1722 699 1724 693 1722 658 1718 657 1718 656 1718 654 1718 648 1722 646 1725 634 1722 618 1719 616 1719 616 1719 606 1722 600 1725 594 1722 584 1716 582 1716 580 1716 549 1722 543 1722 542 1722 531 1718 530 1718 530 1718 528 1718 526 1718 522 1720 519 1725 512 1720 500 1718 500 1718 498 1718 496 1718 488 1720 478 1726 424 1726 414 1720 402 1716 400 1716 400 1716 399 1716 398 1716 392 1720 387 1725 368 1720 351 1718 350 1718 348 1718 339 1720 324 1726 100 1720 102 1756"/></Shape>
            <String CONTENT="ductas vxores habuerunt, Digami ſunt appellati" HPOS="100" VPOS="1714" WIDTH="866" HEIGHT="62" WC="0.9918866766535718"/>
          </TextLine>
          <TextLine ID="line_35" TAGREFS="LT8" BASELINE="98 1806 963 1800" HPOS="98" VPOS="1760" WIDTH="866" HEIGHT="78">
            <Shape><Polygon POINTS="98 1806 98 1818 258 1820 264 1821 322 1834 324 1834 326 1834 350 1826 374 1838 375 1838 376 1838 400 1838 400 1838 400 1838 402 1838 420 1824 426 1820 474 1816 561 1818 572 1826 578 1832 579 1832 579 1832 580 1832 582 1832 594 1826 618 1818 633 1827 634 1827 634 1827 636 1827 638 1827 639 1827 670 1815 710 1822 711 1822 740 1816 771 1830 777 1832 778 1832 780 1833 963 1833 963 1800 960 1760 898 1770 872 1761 870 1761 870 1761 868 1761 844 1770 736 1764 718 1762 717 1762 716 1762 711 1764 687 1770 664 1764 656 1762 654 1762 654 1762 652 1762 645 1764 627 1772 543 1772 524 1767 512 1764 510 1764 508 1764 480 1767 435 1774 316 1774 308 1770 292 1764 291 1764 290 1764 260 1770 240 1776 224 1772 202 1766 202 1766 124 1766 123 1766 123 1766 98 1772 98 1806"/></Shape>
            <String CONTENT="ab iſtis: ſed perperam. Itaque ab officio paſtorũ" HPOS="98" VPOS="1760" WIDTH="866" HEIGHT="78" WC="0.9871398544311524"/>
          </TextLine>
        </TextBlock>
      </PrintSpace>
    </Page>
  </Layout>
</alto>
