1500 2172
566 159 100 44 444

741 142 564 52 AD I. PAVL. AD TIM.

561 178 868 80 quæſt.1.Atque ita miſerrimus conſcientijs homi¬

561 238 868 64 num laqueus ſemper durior, & maior inuectus

561 286 867 64 eſt: & προς το ἀδύνατον tandem contra rerum natu¬

561 334 866 70 ram miſeræ illæ mulieres ſunt obligatæ, nempe

561 387 868 64 vt perpetuò cœlibes manerent, quantunuis intus

562 438 630 64 æſtuarent & magno igni vrerentur.

610 483 816 66 In Monaſterijs autem illis & cœnobijs, tanquã

564 530 867 69 carceribus, concluſæ horas canonicas, quas Papi¬

562 579 868 68 ſtę appellãt, & aliquot Pſalmos tãtùm cantillant.

566 628 866 68 Nã neq; Miſſam cancre ipſæ poſſunt, neque vaſa

566 676 864 63 ſacra aut veſtimenta, quibus in Miſſa ſacrificuli

566 728 866 63 vtuntur, contrectare, ac ne quidem ſine piaculo

562 776 866 63 attingere audent cano. Sanctimonialis & can ſeq.

564 820 867 68 diſtinct.23.Atqui etiam ſeculo Hieronym. Sacris

562 872 868 63 literis quæ virginitatem vouebant diligenter o¬

564 918 868 69 peram dabant, illúdque exercitium, non autem

564 966 868 64 cantillandi in templis habebant, quod magis erat

561 1011 867 72 tolerabile. Atque has ſuperſtitioſas pro ijs Dia¬

562 1074 872 52 conis, de quib Paui. nic agit, r’apiſtæ ſuſtituũt:

567 1113 866 66 quæ quales ſint. & vt à verbo Dei alienæ, atque

564 1164 868 62 etiam à veteribus canonibus & more Eccleſiæ

567 1210 868 63 diſſentaneæ, omnes iam vident qui modò aliquid

570 1260 736 72 videre poſſunt. Sed pergamus ad Paulum.

621 1352 810 80 14 Velim igitur iuniores nubere, libe¬

564 1413 867 75 ros gignere, domum adminiſtrare, nullam

567 1474 866 80 occaſionem dare aduerſario ad maledicendũ.

609 1548 825 69 Αʹντίθε Qς eſt vel potiùs Ε’πανοέρθοβις. Rationẽ

562 1600 868 64 enim ſubijcit, per quam ſuperiori malo Eecleſia

562 1650 868 63 medori poteſt. In quo ipſo canon vtiliſſimus, &

562 1696 872 68 quidem generalis, qui ad diſciplinam Eccleſiaſti¬

562 1748 874 70 cam pertinet, continetur. eſt autem hic canon Iu¬

1305 1796 128 62 niores
