1500 2172
903 142 72 69 508

378 158 267 28 CAPVT. V.

114 177 861 82 co vtcunque precibus inſtent & vrgeant nos a¬

111 234 864 74 lij, non eſſe alienis tamen peccatis communican¬

111 280 862 76 dum. Nam qui indignum eligit, vel eligi conſen¬

111 332 861 75 tit, reus eſt omnium errorum & peccatorum, quę

111 382 862 74 poſtea electus ille committit. Deinde conſentit

111 430 862 72 cum malè agentibus, quatenus ipſe temerariis

111 480 862 72 eorum ſuffragiis conſenſum ſuũ addit atque ad¬

110 524 866 75 iungit. Verum eſt enim illud, Agentes & Conſen¬

110 579 862 70 tientes pari pœna puniuntur: Iacob patriarcha

110 624 864 72 Geneſ.49. verſ. 6.negat ſe malo conſilio Simeo¬

105 674 864 70 nis & Leui de necandis Sichemitis aſſenſum eſſe.

105 720 867 75 Pſ.5o. verſ.18. Qui cum furibus currunt, pro furi¬

106 766 862 76 bus habentur apud Deum. Denique ait Paul.1.

111 814 860 76 Theſſ.5.ab omni malo malíque ſpecie eſſe nobis

104 862 872 80 abſtinendum. Neque hoc cuiuſquam gratiæ cõ¬

104 936 866 48 cedendum a nobis eſt, vt in illius fauorem pecce¬

104 958 864 82 mus, officium noſtrum negligamus, & Deum ip¬

105 1011 864 72 ſum deſeramus atque offendamus, cui nos noſtri

100 1060 870 75 ſuffragij & vocis rationem reddere aliquando

99 1110 220 58 oportebit.

152 1152 806 87 Quòd ſi iterum inſtent & premant nos alij, ꝙ

96 1206 866 78 plura ſint aliorum & cõtraria nobis ſuffragia, nos

96 1257 868 75 tamen puros ſeruemus, quid nobis videatur, libe¬

96 1302 867 80 rè declaremus, & noſtra conſilia ab huiuſmodi

93 1350 870 80 temerario ſuffragio indignis hominibus dãdo ſe¬

100 1406 864 72 paremus. Atque hoc eſt ſecundũ remedium, ſiue

96 1449 867 80 ſecũda legitima excuſatio & pręmunitio boni pa¬

94 1497 867 76 ſtoris aduerſus inſtantes quorũdam preces & ſuf¬

93 1544 868 80 fragia iã lata itémque aduerſus calumnias mul¬

93 1592 866 82 torum, qui nos putant, dum noſtra ſuffragia qui¬

98 1641 862 80 buſdam iam ab aliis electis & probatis denega¬

92 1689 870 81 mus, vel tam citò in illis non aſſentimur, duci ali¬

94 1740 861 92 quo in eos odio vel inuidia, vel etiam nos eſſe

738 1808 70 81 v.ij.
