1500 2172
564 148 64 48 645

748 111 576 63 AD I. PAVL. AD TIM.

550 165 860 78 tur. Ac primum conuenit hic locus cum alioe¬

549 214 862 75 iuſdem Pauli loco nimirum cum Tit.3. verſ.1o.

552 264 861 76 Quod enim hîc ait, Secede, illîc ait, Reijce. Nam

550 315 862 76 quemadmodum docet Auguſtinus lib.3.de Ani¬

549 364 862 74 ma cap.2.ad paſtorem pertinet reijcere, & dam¬

549 410 860 75 nare hæreſes. Nec verò hæc tantùm in huiuſmo¬

549 460 864 74 di doctores & Matæologos pœna ſtatuitur à

549 510 864 75 Paulo, per quam illi priuentur familiari paſtorũ

548 558 866 72 conſuetudine & colloquio: ſed per quam è to¬

549 606 864 76 tius Eccleſiæ cœtu pellantur & eiiciantur. Eſt e¬

548 652 866 76 nim hîc nobis perſona Timothei conſideranda,

549 702 864 75 quem alloquitur Paulus non vt priuatum aliquẽ

548 752 866 75 de populo Dei, ſed vt paſtorem gregis & publi¬

548 801 866 72 cam totius Eccleſiæ curam gerentem, adeò vt

546 850 867 70 hæc ſententia, ſecede ab ijs, idem ſonet, atque

544 898 866 72 hæc reijce eos de cœtu Eccleſia. Quẽ enim propter

543 945 870 72 hæreſim, aut vitia non licet paſtori familiarem

544 996 868 70 naberemec alijs fidelibus licet, qui multò minus

544 1048 866 68 ſibi cauere poſſunt, ne ab iſtis corrumpantur.

546 1092 864 72 Præterea non ita iſtos euitandos paſtoribus do¬

546 1142 866 69 cet Paulus, vt cæteris ſint ignoti: ſed quod à Ti¬

548 1190 867 76 motheo fieri vult, idem ab omnibus ſemel fieri

548 1257 176 58 oportet.

592 1286 819 75 Itaque vox hæc, Abſcede, totum dominicum

549 1335 861 76 gregem & Eccleſiam complectitur, qui ab iſtis

544 1382 864 78 fugere debebit. Fateor ego quidem primùm ab

543 1431 866 68 ab ipſis paſtoribus Eccleſiæ tales vitandos eſſe,

546 1484 864 72 ne ſi ijs familiares appareant, reliqui libentius

548 1533 861 70 vel audacius cum illis congrediantur, & commu¬

544 1580 866 72 nicent. Sic de Ioanne Euangeliſta ſcribit Irenæ.

546 1628 867 74 lib.3.cap.3. eum etiam loco ipſo abſtinuiſſe, in

549 1677 862 72 quo erat Cerinthus hæreticus: ſed ſolis paſtori¬

546 1725 864 88 bus eos notos aut interdictos eſſe oportere per¬

1305 1776 102 78 nego
