1500 2172
555 159 99 36 255

705 135 576 56 AD I. PAVL. AD TIM.

544 177 867 80 uangelij, Sacramentum fidei, & ipſam fidem Sa¬

544 234 867 68 cramentum: delectati nimirum voce ipſa Sacra¬

543 292 870 54 menti, ranquam auguſta, d doctrinæ huius maie¬

544 336 338 60 ſtati conſentanea.

594 380 820 68 Auget verò nanc appellationem à compara¬

543 432 870 62 tione Magnum enim vocat. Nam inter arcana i¬

544 486 868 58 pla Deranud anlo maius eit, & auguſtius. Hoc au¬

546 530 861 62 tem eſt ſummum, & ipſa mundi creatione longè

546 585 501 56 etiam maius, ac præſtantius.

594 622 816 68 Addit ſine controuerſia, id eſt, prout eſt o¬

544 674 868 63 mnibus in confeſſo. Amplificatio item eſt à con¬

544 723 868 64 ſenſu omnium piorum, & verè de pietate ſentiẽ¬

544 772 872 60 tium. Sed obſtat quòd hoc myſterium multi ne¬

546 818 868 68 gant vnquam extitiſſe: alij huic non aſſentiuntur.

543 864 873 66 Alijs verò eſt offendiculum vti Iudæis, alijs ſtulti¬

543 915 874 64 tia vt Gentibus. Reſpond. Iſtud à Paulo dici non

543 962 868 66 ex hominum infidelium iudicio, ſed ex fidelium

544 1011 868 66 tantùm & piorum ſenſu. Præclara igitur eſt illa

546 1059 868 68 Bernardi ſententia ſermo.45. Cantic. ab hoc lo¬

544 1108 866 64 co non aliena. Quàm mihi decorus es Domine

544 1155 868 66 mi, in ipſa huius tui depoſitione decoris. Etenim

544 1204 868 63 vbi te exinaniſti, ibi pietas magis enituit: vbi cha¬

543 1251 870 70 ritas plus effulſit, ibi amplius gratia radiauit. Quã

543 1300 868 63 ſpectabilis & ſtupendis etiam virtutibus ſuper¬

543 1358 868 56 nis in conceptu de Spiritu, in ortu de virgine, in

546 1396 867 60 vitæ innocentia, in doctrinæ fluente, in coruſca¬

544 1448 868 58 tionibus miraculorum: in reuelationibus Sacra¬

543 1494 868 66 mentorum: Quam denique rutilans ſol iuſtitiæ

546 1542 872 66 poſt occaſum, de corde terræ reſurgens, quàm

544 1592 868 63 formoſus in ſtola tua: demum rex gloriæ in alta

546 1641 578 62 cœlorum te recipis. Sequitur.

594 1688 820 63 Altera pars huius verſiculi, quæ rei ipſius, id

548 1734 866 75 eſt, veritatis & doctrinæ Euangelieæ ſummam

1244 1785 168 66 continet
