1500 2172
350 110 314 64 CAPVT. VI.

892 104 60 72 730

147 216 820 64 Præterea obſtat huic loco, quòd omnino ſe¬

102 264 867 68 qui inde neceſſe eſt, ſi vera ſit hæc ſentẽtia, nimi¬

102 314 867 69 rũ Deũ, qui eſt maieſtas illa infinita, certo tamẽ

102 363 872 64 loco contineri, & concludi, quia dicit Paulus eũ

100 412 874 66 ὀικεῖν, id eſt, habitare, at que lucem quidem. Quod

104 460 867 62 ſentire planè eſt blaſphemum. Hoc etiam argu¬

104 507 870 64 mentum ſenſit Chryſoſt. cuius veriſſima eſt hæc

104 556 870 64 reſponſio, nimirum de Deo iſta dici ex noſtræ

105 604 867 70 cognitionis imbecillitatis ſẽſu, & modo per ἀνθρο

108 656 868 60 ποπάθειάν quandã. Neque enim, quantumuis ni¬

106 704 870 68 tatur humanum ingenium, quicquam ſatis ma¬

110 752 868 69 gnificè & dignè de Dei maieſtate vel concipere

111 800 867 70 vnquam vel dicere poteſt. Ergo propoſita in ſu¬

111 849 868 66 periori epitheto Dei maieſtate, nunc ipſius ſoliũ

111 896 868 63 lucidiſſimum & ſplendidiſſimun deſcribit, vt

114 946 864 66 vndique effulgeat nobis auguſta, ex omni parte

112 994 862 63 ſacroſancta, & veneranda Dei illa gloria animis

114 1042 866 64 noſtris obuerſetur, & ſplendeat. Ex quo fit, vt &

114 1094 866 64 lucis & ſedendi voces hoc loco fint metaphori¬

117 1144 861 63 cæ, non autem natiua & primæua ſignificatione

114 1191 867 66 ſumendæ. Nec enim, vt præclarè docet etiam

116 1239 866 64 hunc locum explicans Auguſt.in Pſal.33. & in e¬

117 1286 862 69 piſt. ad Italicam Deus loco comprehendi vllo

118 1344 862 62 poroiaueciriniodo, qui locum omnem ipſe ſu¬

118 1388 864 68 perat, capit & excedit. Ex eo autem, quod ad li¬

118 1431 862 68 teram, vt aiunt, hic locus, ac quidam ſimiles alij

120 1480 866 62 accepti ſunt, inſulſum & planè puerile commen¬

122 1530 866 66 tum ſuum de loco, vbi Deus tanquam in receſſu

123 1580 858 66 & ſpecu quadam abditiſsima habitet, finxit atq;

124 1629 502 63 excudit impius Mahumetes.

176 1671 816 69 Neque etiam hîc quærendum eſt, vtrum lux

129 1725 862 76 illa, in qua Deus, qui eſt æternus, habitare dici¬

718 1772 118 74 H.iiij.

104 166 768 68 loci cum hac Pauli ſententia non pugnant.
