1500 2172
874 111 69 74 740

380 147 284 30 CANVTVI.

74 166 872 74 præſentia cernitur aſpectu, diuinę maieſtatis emi

75 225 872 54 nentiam metiamur & æſtimemus. Denique vt ſit

76 273 867 62 hæc tanquam hypophora quædam, & tacita re¬

76 321 864 54 ſponſio ad eorum obiectiones & dubitationes,

81 369 862 60 qui idcirco Deum eſſe vel negant prorſus, vel

75 417 872 57 dubitant, quòd ab ipſis oculis illius ὀσία mini¬

74 465 873 62 mè cernitur. Itaque dixit Paulus neminem vel

76 518 868 56 vidiſſe Deum antea, vel nunc, vel in poſterum e¬

75 572 868 52 tiam videre poſſe. Caro enim & ſanguis neque

75 615 872 60 ſunt, vt ait Bernard. diuinæ eſſentiæ capaces, ne¬

80 666 270 62 que capabiles.

124 706 824 66 Quartum epitheton ſequitur in quo totius ſu¬

76 758 870 66 perioris diuinæ naturæ deſcriptionis fructus, ſco¬

76 807 870 62 pus, & finis cõtinetur nempe, vt vni Deo laudem

78 858 862 58 omnẽ, gloriam, & potentia omnium rerũ tribuamus,

75 903 868 63 ídq; nõ ad tempus aliquod tantùm: ſed in æter¬

75 951 866 66 num, & in ſecula & vltrá. Hæc particula ſup. cap.

76 1018 861 40 Medouiquupurocepheutocle, ce lape recurrit,

74 1048 864 64 idcirco à pleriſque expoſita eſt, & à nobis latiùs

72 1098 872 63 non traderur. Vox Amen ipſius Pauli aſſenſom

76 1148 866 64 in eas omnes Dei laudes declarat, & eas quaſi ſi¬

78 1238 666 27 alla queaulalandacaa teuiniaes,

134 1293 810 75 17 Iis qui diuites ſunt in hoc ſeculo, de¬

74 1358 870 66 nuntia ne efferantur animo, neque ſpempo¬

74 1416 870 64 nant in diuitijs incertis, ſed in Deo viuo, qui

74 1468 814 74 præbet nobis omnia copioſè ad fruendum.

117 1530 826 63 Εʹπάνοδοςeſt & regreſſio. Intermiſſam enim de

74 1586 870 56 diuitum, & diurtiarum cura, vſu, totóue hoc argu¬

72 1634 873 60 mento exhortationem repetit. Idque duplici de

70 1682 874 58 cauſa. Primùm quòd, vti ex Iac.2. apparet, facilè

70 1732 874 75 ſint in reliquos iniurioſi diuites, iámque in Ec¬
