<?xml version='1.0' encoding='UTF-8'?>
<alto xmlns:xsi="http://www.w3.org/2001/XMLSchema-instance" xmlns="http://www.loc.gov/standards/alto/ns-v4#" xsi:schemaLocation="http://www.loc.gov/standards/alto/ns-v4# http://www.loc.gov/standards/alto/v4/alto-4-2.xsd">
  <Description>
    <MeasurementUnit>pixel</MeasurementUnit>
    <sourceImageInformation>
      <fileName>2013115.jpeg</fileName>
    </sourceImageInformation>
  </Description>
  <Tags>
    <OtherTag ID="BT7" LABEL="CustomZone" DESCRIPTION="block type CustomZone"/><OtherTag ID="BT8" LABEL="DamageZone" DESCRIPTION="block type DamageZone"/><OtherTag ID="BT9" LABEL="DigitizationArtefactZone" DESCRIPTION="block type DigitizationArtefactZone"/><OtherTag ID="BT10" LABEL="DropCapitalZone" DESCRIPTION="block type DropCapitalZone"/><OtherTag ID="BT11" LABEL="GraphicZone" DESCRIPTION="block type GraphicZone"/><OtherTag ID="BT12" LABEL="MainZone" DESCRIPTION="block type MainZone"/><OtherTag ID="BT13" LABEL="MarginTextZone" DESCRIPTION="block type MarginTextZone"/><OtherTag ID="BT14" LABEL="MusicZone" DESCRIPTION="block type MusicZone"/><OtherTag ID="BT15" LABEL="NumberingZone" DESCRIPTION="block type NumberingZone"/><OtherTag ID="BT17" LABEL="QuireMarksZone" DESCRIPTION="block type QuireMarksZone"/><OtherTag ID="BT18" LABEL="RunningTitleZone" DESCRIPTION="block type RunningTitleZone"/><OtherTag ID="BT19" LABEL="SealZone" DESCRIPTION="block type SealZone"/><OtherTag ID="BT20" LABEL="StampZone" DESCRIPTION="block type StampZone"/><OtherTag ID="BT21" LABEL="TableZone" DESCRIPTION="block type TableZone"/><OtherTag ID="BT22" LABEL="TitlePageZone" DESCRIPTION="block type TitlePageZone"/><OtherTag ID="BT3407" LABEL="MainZone-Continued" DESCRIPTION="block type MainZone-Continued"/><OtherTag ID="BT3408" LABEL="MainZone-P" DESCRIPTION="block type MainZone-P"/><OtherTag ID="BT3409" LABEL="MainZone-Head" DESCRIPTION="block type MainZone-Head"/><OtherTag ID="BT3410" LABEL="MainZone-Other" DESCRIPTION="block type MainZone-Other"/><OtherTag ID="BT3411" LABEL="MainZone-Sp" DESCRIPTION="block type MainZone-Sp"/><OtherTag ID="BT3417" LABEL="MainZone-Sp-Continued" DESCRIPTION="block type MainZone-Sp-Continued"/><OtherTag ID="BT3418" LABEL="GraphicZone-Decoration" DESCRIPTION="block type GraphicZone-Decoration"/><OtherTag ID="BT3419" LABEL="MainZone-Entry" DESCRIPTION="block type MainZone-Entry"/><OtherTag ID="BT3420" LABEL="MainZone-Lg" DESCRIPTION="block type MainZone-Lg"/><OtherTag ID="BT3421" LABEL="MainZone-Entry-Continued" DESCRIPTION="block type MainZone-Entry-Continued"/><OtherTag ID="BT3422" LABEL="MarginTextZone-ManuscriptAddendum" DESCRIPTION="block type MarginTextZone-ManuscriptAddendum"/><OtherTag ID="BT3423" LABEL="MainZone-List" DESCRIPTION="block type MainZone-List"/>
    <OtherTag ID="LT7" LABEL="CustomLine" DESCRIPTION="line type CustomLine"/><OtherTag ID="LT8" LABEL="DefaultLine" DESCRIPTION="line type DefaultLine"/><OtherTag ID="LT9" LABEL="DropCapitalLine" DESCRIPTION="line type DropCapitalLine"/><OtherTag ID="LT10" LABEL="HeadingLine" DESCRIPTION="line type HeadingLine"/><OtherTag ID="LT11" LABEL="InterlinearLine" DESCRIPTION="line type InterlinearLine"/><OtherTag ID="LT12" LABEL="MusicLine" DESCRIPTION="line type MusicLine"/>
  </Tags>
  <Layout>
    <Page WIDTH="1500" HEIGHT="2172" PHYSICAL_IMG_NR="111" ID="eSc_dummypage_">
      <PrintSpace HPOS="0" VPOS="0" WIDTH="1500" HEIGHT="2172">
        <TextBlock HPOS="322" VPOS="132" WIDTH="339" HEIGHT="50" ID="block_1" TAGREFS="BT18">
          <Shape><Polygon POINTS="322 132 661 132 661 181 322 181 322 132"/></Shape>
          <TextLine ID="line_1" TAGREFS="LT8" BASELINE="316 168 663 166" HPOS="315" VPOS="153" WIDTH="348" HEIGHT="36">
            <Shape><Polygon POINTS="654 153 640 153 628 153 616 153 604 153 592 153 580 153 568 153 556 153 544 153 532 153 520 153 508 153 496 153 488 153 315 153 316 168 316 184 360 189 362 189 363 189 374 186 399 178 412 186 414 188 416 188 417 188 426 186 472 178 483 186 484 189 486 189 488 189 488 189 498 186 534 178 548 188 549 188 549 188 550 189 621 189 621 188 622 188 622 188 630 182 660 188 663 166 660 153 654 153"/></Shape>
            <String CONTENT="CANVP IIII." HPOS="315" VPOS="153" WIDTH="348" HEIGHT="36" WC="0.9999052123589949"/>
          </TextLine>
        </TextBlock>
        <TextBlock HPOS="878" VPOS="134" WIDTH="77" HEIGHT="49" ID="block_2" TAGREFS="BT15">
          <Shape><Polygon POINTS="878 134 955 134 955 184 878 184 878 134"/></Shape>
          <TextLine ID="line_2" TAGREFS="LT8" BASELINE="879 166 950 166" HPOS="879" VPOS="122" WIDTH="70" HEIGHT="68">
            <Shape><Polygon POINTS="879 166 879 189 950 189 950 166 950 126 922 122 921 122 920 122 920 122 912 128 906 132 879 129 879 166"/></Shape>
            <String CONTENT="304" HPOS="879" VPOS="122" WIDTH="70" HEIGHT="68" WC="0.9999866485595703"/>
          </TextLine>
        </TextBlock>
        <TextBlock HPOS="79" VPOS="190" WIDTH="877" HEIGHT="584" ID="block_3" TAGREFS="BT3407">
          <Shape><Polygon POINTS="79 190 956 190 956 774 79 774 79 190"/></Shape>
          <TextLine ID="line_3" TAGREFS="LT8" BASELINE="81 224 950 224" HPOS="81" VPOS="184" WIDTH="868" HEIGHT="62">
            <Shape><Polygon POINTS="81 224 81 243 123 244 124 244 126 244 129 243 148 236 177 243 184 244 186 246 344 246 344 244 345 244 357 240 376 236 400 240 423 244 424 246 542 246 542 244 543 244 543 244 550 240 556 236 729 236 732 237 750 243 752 243 753 243 798 237 806 236 808 237 816 244 818 244 819 244 820 246 846 246 846 244 950 234 950 224 950 192 916 184 915 184 882 192 878 194 807 194 804 192 774 184 772 184 771 184 771 184 770 184 759 192 758 194 714 194 711 192 696 184 694 184 693 184 692 184 675 192 674 194 462 194 462 192 453 184 453 184 452 184 450 184 292 184 291 184 290 184 264 192 172 184 172 184 171 184 170 184 159 192 99 184 98 184 98 184 81 192 81 224"/></Shape>
            <String CONTENT="quere iuxta illud Alligatus es vxori, noli quære¬" HPOS="81" VPOS="184" WIDTH="868" HEIGHT="62" WC="0.9886043898913325"/>
          </TextLine>
          <TextLine ID="line_4" TAGREFS="LT8" BASELINE="80 274 950 272" HPOS="80" VPOS="231" WIDTH="870" HEIGHT="64">
            <Shape><Polygon POINTS="80 274 80 291 272 288 278 290 285 296 286 296 288 296 290 296 290 296 310 290 321 286 429 286 434 290 441 296 442 296 444 296 444 296 478 296 478 296 480 296 494 290 496 286 500 290 506 296 507 296 508 296 510 296 560 288 564 288 573 294 573 294 574 294 658 296 660 296 660 296 662 296 674 288 746 291 746 291 771 286 776 285 777 286 788 294 789 294 789 294 790 296 891 296 891 294 950 284 950 272 946 242 804 242 802 242 756 231 754 231 753 231 716 242 704 232 704 232 702 232 660 231 658 231 657 231 630 240 622 232 621 232 620 232 618 232 616 232 592 240 578 234 576 234 520 232 519 232 518 232 492 242 429 236 428 236 426 236 398 243 370 232 369 232 369 232 368 232 333 242 268 234 267 234 218 244 140 234 138 234 80 246 80 274"/></Shape>
            <String CONTENT="re ſolutionem. Primum falſa ſimilitudine nititur" HPOS="80" VPOS="231" WIDTH="870" HEIGHT="64" WC="0.9992942611376444"/>
          </TextLine>
          <TextLine ID="line_5" TAGREFS="LT8" BASELINE="82 321 950 320" HPOS="81" VPOS="282" WIDTH="868" HEIGHT="62">
            <Shape><Polygon POINTS="82 321 82 338 237 344 238 344 267 338 278 334 284 338 302 342 303 342 480 344 482 344 636 334 663 333 666 334 687 342 688 342 690 342 690 342 692 342 704 334 704 333 706 333 728 339 728 339 729 339 730 339 753 333 754 333 756 333 772 342 774 342 776 344 838 344 838 342 838 342 864 333 874 342 876 342 876 342 878 344 916 344 916 342 918 342 950 333 950 320 946 290 738 290 718 282 717 282 716 282 660 290 636 282 634 282 634 282 633 282 612 290 567 282 566 282 564 282 562 282 554 290 514 290 506 284 506 284 504 284 502 284 459 290 420 284 418 284 344 290 327 284 326 284 324 284 322 284 304 290 270 284 268 284 180 290 159 284 159 284 158 284 81 291 82 321"/></Shape>
            <String CONTENT="coniugij, &amp; vinculi paſtoralis: deinde nec eum i¬" HPOS="81" VPOS="282" WIDTH="868" HEIGHT="62" WC="0.9992317764126525"/>
          </TextLine>
          <TextLine ID="line_6" TAGREFS="LT8" BASELINE="81 370 950 368" HPOS="80" VPOS="330" WIDTH="870" HEIGHT="64">
            <Shape><Polygon POINTS="81 370 81 392 333 388 338 388 344 394 345 394 345 394 346 394 398 388 418 387 429 388 456 393 456 393 458 393 459 393 465 388 470 384 580 387 798 392 800 392 801 392 816 384 819 382 820 384 836 392 837 392 838 393 879 393 879 392 880 392 897 382 898 382 948 382 950 368 946 339 884 339 873 330 872 330 870 330 870 330 868 330 867 330 854 339 748 339 720 330 718 330 666 330 666 330 664 330 663 330 663 332 654 339 636 332 634 332 634 332 633 332 615 339 590 332 588 332 586 332 585 332 567 339 512 333 512 333 412 339 396 332 394 332 394 332 393 332 364 340 324 333 288 333 286 333 285 333 284 333 272 340 208 333 208 333 207 333 178 340 111 333 110 333 108 333 80 342 81 370"/></Shape>
            <String CONTENT="pſum Ogerium, qui gregem ſuũ deſeruerat, dam¬" HPOS="80" VPOS="330" WIDTH="870" HEIGHT="64" WC="0.9961288519527601"/>
          </TextLine>
          <TextLine ID="line_7" TAGREFS="LT8" BASELINE="80 418 950 417" HPOS="78" VPOS="380" WIDTH="872" HEIGHT="60">
            <Shape><Polygon POINTS="80 418 80 432 93 438 94 438 96 438 126 432 130 432 309 432 314 434 322 440 324 440 326 440 327 440 620 438 621 438 636 435 650 430 660 435 672 438 674 438 675 438 724 435 756 432 760 435 765 438 766 438 768 438 770 438 950 435 950 417 946 380 846 387 824 381 819 380 818 380 816 380 806 381 766 387 742 382 732 380 730 380 710 382 672 387 666 382 664 381 663 381 662 381 660 381 622 382 584 386 574 382 561 380 560 380 558 380 532 384 512 388 492 384 468 381 468 381 466 381 456 386 450 388 423 386 372 381 370 381 206 388 200 388 196 388 123 381 122 381 78 388 80 418"/></Shape>
            <String CONTENT="nat, tanquam qui ſit ab Eccleſia expellendus, ſed" HPOS="78" VPOS="380" WIDTH="872" HEIGHT="60" WC="0.9879367874593151"/>
          </TextLine>
          <TextLine ID="line_8" TAGREFS="LT8" BASELINE="82 468 950 465" HPOS="81" VPOS="428" WIDTH="868" HEIGHT="60">
            <Shape><Polygon POINTS="82 468 82 482 440 488 441 488 442 488 458 482 579 486 579 486 666 480 681 486 682 486 684 488 844 488 844 486 880 480 922 486 924 486 926 486 950 478 950 465 948 435 780 428 778 428 777 428 777 428 771 434 747 428 746 428 746 428 684 434 645 428 644 428 536 434 518 428 516 428 514 428 513 428 512 428 506 435 504 435 500 435 465 429 464 429 432 435 426 436 333 436 332 435 320 429 320 429 318 429 81 434 82 468"/></Shape>
            <String CONTENT="qui ſui facti &amp; temeritatis pœnitere debeat, non" HPOS="81" VPOS="428" WIDTH="868" HEIGHT="60" WC="0.9957147774597009"/>
          </TextLine>
          <TextLine ID="line_9" TAGREFS="LT8" BASELINE="82 514 946 513" HPOS="81" VPOS="476" WIDTH="866" HEIGHT="62">
            <Shape><Polygon POINTS="82 514 82 530 98 536 98 536 99 536 100 536 128 530 129 530 132 530 148 536 150 536 152 536 290 530 333 530 346 531 381 536 382 536 417 531 426 530 432 531 447 536 448 536 450 537 624 537 624 536 626 536 634 532 644 530 944 534 946 513 944 486 800 486 777 476 777 476 776 476 774 476 772 476 760 484 700 477 699 477 666 484 650 476 648 476 612 476 610 476 610 476 609 476 596 486 524 486 496 476 495 476 494 476 388 482 352 476 351 476 351 476 336 483 326 476 324 476 322 476 270 476 268 476 267 476 266 476 252 484 214 476 213 476 212 476 210 476 202 482 102 478 100 478 99 478 81 486 82 514"/></Shape>
            <String CONTENT="de eo gloriari. Et ſanè in eo falluntur homines," HPOS="81" VPOS="476" WIDTH="866" HEIGHT="62" WC="0.9860981763625631"/>
          </TextLine>
          <TextLine ID="line_10" TAGREFS="LT8" BASELINE="82 562 950 561" HPOS="81" VPOS="524" WIDTH="868" HEIGHT="60">
            <Shape><Polygon POINTS="82 562 82 584 948 584 950 561 946 531 894 524 892 524 858 530 834 524 832 524 832 524 778 530 777 530 777 530 738 524 736 524 687 530 686 530 684 530 645 524 644 524 540 530 513 531 506 530 480 525 430 525 429 525 428 525 426 525 422 530 418 531 81 530 82 562"/></Shape>
            <String CONTENT="qui non putant magis licere paſtori Eccleſiaſtico" HPOS="81" VPOS="524" WIDTH="868" HEIGHT="60" WC="0.9920555365328886"/>
          </TextLine>
          <TextLine ID="line_11" TAGREFS="LT8" BASELINE="82 610 948 614" HPOS="82" VPOS="573" WIDTH="866" HEIGHT="58">
            <Shape><Polygon POINTS="82 610 82 632 946 628 948 614 948 584 918 574 916 574 915 574 838 580 782 574 780 574 730 582 728 582 722 582 616 573 615 573 558 582 554 582 549 582 516 573 514 573 513 573 436 580 435 582 414 582 414 580 405 573 405 573 404 573 402 573 400 573 369 579 348 573 346 573 345 573 345 573 344 573 333 579 316 573 315 573 314 573 216 580 206 580 202 580 168 573 166 573 82 579 82 610"/></Shape>
            <String CONTENT="miniſterii profeſsionẽ ſemel ſuſceptam mutare," HPOS="82" VPOS="573" WIDTH="866" HEIGHT="58" WC="0.9990709741064843"/>
          </TextLine>
          <TextLine ID="line_12" TAGREFS="LT8" BASELINE="86 662 950 658" HPOS="86" VPOS="627" WIDTH="864" HEIGHT="57">
            <Shape><Polygon POINTS="760 639 748 639 736 639 724 639 712 639 700 639 688 639 676 639 664 639 652 639 640 639 628 639 616 639 604 639 592 639 579 639 567 639 555 639 543 639 531 639 519 639 507 639 495 639 483 639 471 639 459 639 447 639 435 639 423 639 411 639 399 639 387 639 375 639 363 639 351 639 339 639 327 639 314 639 302 639 290 639 278 639 266 639 254 639 242 639 230 639 218 639 206 639 194 639 182 639 170 639 158 639 146 639 134 639 122 639 110 639 98 639 86 639 86 662 86 678 117 684 118 684 120 684 122 684 129 678 129 676 194 676 204 678 261 684 262 684 264 684 279 676 284 675 286 676 306 682 308 682 308 682 309 682 310 682 320 676 321 675 324 676 340 682 342 682 344 682 378 675 388 674 390 675 399 682 400 682 400 682 402 682 404 682 428 675 432 674 436 675 456 682 456 682 458 682 506 675 519 682 520 682 522 684 580 684 580 682 582 682 584 682 592 676 658 682 660 682 693 675 710 680 711 680 712 680 832 672 892 681 894 681 950 670 950 658 946 632 771 627 770 627 768 627 765 627 760 639"/></Shape>
            <String CONTENT="quam maritato coniugem nõ adulteram dimit¬" HPOS="86" VPOS="627" WIDTH="864" HEIGHT="57" WC="0.9880913870279179"/>
          </TextLine>
          <TextLine ID="line_13" TAGREFS="LT8" BASELINE="81 712 946 708" HPOS="80" VPOS="675" WIDTH="867" HEIGHT="62">
            <Shape><Polygon POINTS="81 712 82 734 98 728 170 734 171 734 303 726 381 726 400 734 405 734 406 734 406 734 416 734 450 726 466 734 474 736 476 736 477 736 590 735 591 735 592 735 596 732 604 724 622 732 630 735 632 735 633 735 710 732 794 728 836 732 870 734 870 734 872 734 880 732 900 724 944 730 946 708 944 675 80 678 81 712"/></Shape>
            <String CONTENT="tere. Etſi ſine ratione iſta vitæ mutatio fieri non" HPOS="80" VPOS="675" WIDTH="867" HEIGHT="62" WC="0.9938467343648275"/>
          </TextLine>
          <TextLine ID="line_14" TAGREFS="LT8" BASELINE="81 758 212 760" HPOS="80" VPOS="740" WIDTH="132" HEIGHT="38">
            <Shape><Polygon POINTS="202 740 190 740 178 740 166 740 153 740 141 740 129 740 117 740 105 740 93 740 81 740 81 758 80 777 210 772 212 760 210 740 202 740"/></Shape>
            <String CONTENT="debet." HPOS="80" VPOS="740" WIDTH="132" HEIGHT="38" WC="0.9993954002857208"/>
          </TextLine>
        </TextBlock>
        <TextBlock HPOS="80" VPOS="794" WIDTH="875" HEIGHT="125" ID="block_4" TAGREFS="BT3409">
          <Shape><Polygon POINTS="80 794 954 794 954 919 80 919 80 794"/></Shape>
          <TextLine ID="line_15" TAGREFS="LT8" BASELINE="208 838 948 832" HPOS="208" VPOS="782" WIDTH="740" HEIGHT="80">
            <Shape><Polygon POINTS="208 838 208 850 336 850 356 858 357 858 357 858 358 858 376 850 387 860 388 860 388 860 390 861 426 861 426 860 428 860 444 850 454 860 456 860 456 860 458 861 488 861 488 860 488 860 489 860 489 858 500 850 516 850 519 850 576 860 578 860 579 860 579 860 592 850 594 849 602 850 634 856 634 856 636 856 654 850 658 849 660 850 669 858 670 858 672 858 672 860 718 860 718 858 720 858 722 858 728 850 753 858 753 858 754 858 948 849 948 832 945 795 920 792 909 783 909 782 908 782 906 782 806 782 804 782 802 782 801 782 786 792 783 794 777 792 759 789 759 789 758 789 750 792 744 795 670 795 660 790 636 783 634 783 634 783 633 783 632 783 622 789 616 795 574 796 534 796 522 789 513 783 512 783 512 783 490 783 489 783 488 783 488 783 480 789 474 794 460 789 446 783 444 783 444 783 442 783 434 789 417 796 393 796 380 789 378 789 376 789 376 789 322 796 312 789 310 789 309 789 308 789 246 792 208 786 208 838"/></Shape>
            <String CONTENT="Caterum profanas &amp; aniles fabulas" HPOS="208" VPOS="782" WIDTH="740" HEIGHT="80" WC="0.9971114360924923"/>
          </TextLine>
          <TextLine ID="line_16" TAGREFS="LT8" BASELINE="78 897 828 891" HPOS="76" VPOS="849" WIDTH="752" HEIGHT="74">
            <Shape><Polygon POINTS="78 897 78 914 87 921 88 921 90 921 92 922 158 922 158 921 159 921 159 921 172 912 174 912 202 921 202 921 204 921 206 921 224 912 236 906 346 910 375 912 376 912 376 912 380 910 392 904 414 910 447 918 448 918 450 920 488 920 488 918 488 918 489 918 501 909 508 904 567 903 597 903 602 909 610 916 610 918 610 918 612 918 614 918 660 918 660 918 660 918 680 908 690 903 699 908 705 912 706 912 708 912 710 912 710 912 711 912 716 908 720 906 826 906 828 891 826 856 762 856 746 849 744 849 742 849 741 849 723 855 498 850 496 850 400 860 400 860 399 860 345 852 345 852 302 861 302 861 296 855 294 855 292 855 226 852 225 852 183 862 178 862 76 862 78 897"/></Shape>
            <String CONTENT="reijce: ſed exerce teipſum ad pietatem." HPOS="76" VPOS="849" WIDTH="752" HEIGHT="74" WC="0.998344653692001"/>
          </TextLine>
        </TextBlock>
        <TextBlock HPOS="77" VPOS="920" WIDTH="878" HEIGHT="784" ID="block_5" TAGREFS="BT3408">
          <Shape><Polygon POINTS="77 920 955 920 955 1705 77 1705 77 920"/></Shape>
          <TextLine ID="line_17" TAGREFS="LT8" BASELINE="126 957 950 951" HPOS="124" VPOS="912" WIDTH="825" HEIGHT="64">
            <Shape><Polygon POINTS="126 957 126 976 158 970 178 975 180 975 182 975 183 975 200 968 246 974 248 974 369 966 414 974 418 974 418 974 420 974 422 974 432 966 462 972 462 972 464 972 465 972 466 972 474 966 506 970 507 970 538 964 548 970 549 974 550 974 552 974 554 974 576 974 576 974 578 974 579 974 580 970 588 964 608 970 616 974 618 974 620 974 651 969 693 964 700 968 704 972 705 972 706 972 708 972 752 968 802 963 832 968 856 969 858 969 950 964 950 951 948 924 872 924 858 912 856 912 855 912 832 912 832 912 831 912 830 912 813 922 789 912 788 912 786 912 784 912 783 912 771 924 750 914 748 914 747 914 746 914 717 924 692 912 690 912 690 912 688 912 687 912 672 926 627 926 608 915 606 915 604 915 604 915 574 926 542 915 540 915 538 915 537 915 506 926 486 915 484 915 483 915 482 915 453 926 447 926 376 926 363 915 363 915 362 915 326 915 324 915 322 915 302 926 284 916 282 916 204 916 202 916 202 916 178 924 141 916 140 916 138 916 136 916 124 926 126 957"/></Shape>
            <String CONTENT="Ἀντίθεσις. Sanæ enim &amp; ſuperiori doctrinæ" HPOS="124" VPOS="912" WIDTH="825" HEIGHT="64" WC="0.9970535802286725"/>
          </TextLine>
          <TextLine ID="line_18" TAGREFS="LT8" BASELINE="80 1004 950 1000" HPOS="80" VPOS="964" WIDTH="870" HEIGHT="62">
            <Shape><Polygon POINTS="80 1004 80 1017 106 1024 108 1024 110 1024 184 1017 196 1017 388 1017 399 1017 438 1024 440 1026 507 1026 507 1024 508 1024 510 1024 516 1018 536 1023 537 1023 537 1023 538 1023 540 1023 546 1018 550 1023 552 1023 554 1023 555 1024 608 1024 608 1023 609 1023 610 1023 616 1018 621 1016 638 1018 666 1023 668 1023 669 1023 682 1018 692 1016 706 1018 722 1023 722 1023 723 1023 724 1023 740 1018 753 1016 759 1018 766 1023 768 1023 770 1023 771 1024 818 1024 818 1023 819 1023 820 1023 826 1018 834 1016 948 1018 950 1000 948 969 912 964 910 964 909 964 898 969 892 972 884 969 868 964 867 964 866 964 864 964 852 969 844 972 834 969 812 964 810 964 808 964 794 969 788 974 722 974 712 970 684 964 682 964 681 964 680 964 670 970 668 972 654 970 600 966 598 966 598 966 597 966 591 972 590 974 471 974 468 972 462 966 460 966 459 966 372 966 370 966 338 974 336 974 333 974 308 966 308 966 306 966 304 966 303 966 294 974 246 966 244 966 243 966 242 966 231 974 80 974 80 1004"/></Shape>
            <String CONTENT="opponit Paulus fabulas, quas Prophanas, &amp; Ani¬" HPOS="80" VPOS="964" WIDTH="870" HEIGHT="62" WC="0.9930408804312997"/>
          </TextLine>
          <TextLine ID="line_19" TAGREFS="LT8" BASELINE="80 1054 950 1048" HPOS="78" VPOS="1010" WIDTH="872" HEIGHT="66">
            <Shape><Polygon POINTS="80 1054 80 1066 122 1074 123 1074 201 1066 284 1076 285 1076 336 1066 404 1074 405 1074 406 1074 426 1065 506 1065 526 1072 528 1072 530 1072 594 1065 663 1072 664 1072 666 1072 666 1072 681 1064 696 1072 698 1072 698 1072 699 1074 774 1074 774 1072 824 1065 838 1070 838 1070 840 1070 842 1070 843 1070 850 1062 921 1072 922 1072 924 1072 950 1060 950 1048 945 1018 890 1018 886 1017 862 1010 861 1010 860 1010 858 1010 840 1017 838 1020 752 1020 746 1017 740 1011 738 1011 736 1011 735 1011 734 1011 734 1011 726 1017 722 1020 710 1017 688 1011 687 1011 686 1011 684 1011 663 1017 651 1020 640 1017 627 1011 626 1011 624 1011 598 1017 579 1022 560 1017 548 1012 546 1012 544 1012 543 1012 543 1012 543 1014 538 1017 532 1023 501 1023 456 1016 424 1011 424 1011 423 1011 412 1016 394 1023 381 1016 376 1012 375 1012 264 1012 264 1012 262 1012 258 1014 243 1023 123 1023 78 1014 80 1054"/></Shape>
            <String CONTENT="les vocat. Fabularũ nomine intelligit tum ſupe¬" HPOS="78" VPOS="1010" WIDTH="872" HEIGHT="66" WC="0.9938486119111379"/>
          </TextLine>
          <TextLine ID="line_20" TAGREFS="LT8" BASELINE="78 1104 946 1098" HPOS="76" VPOS="1058" WIDTH="870" HEIGHT="64">
            <Shape><Polygon POINTS="78 1104 78 1118 276 1122 278 1122 357 1116 363 1116 366 1116 418 1122 418 1122 420 1122 438 1116 440 1116 460 1116 597 1122 598 1122 710 1114 714 1114 717 1114 771 1120 771 1120 945 1112 946 1098 944 1065 849 1065 848 1065 826 1058 826 1058 825 1058 824 1058 822 1058 813 1065 812 1066 708 1066 704 1066 678 1059 676 1059 675 1059 674 1059 672 1059 663 1066 662 1068 582 1068 579 1066 570 1062 568 1062 567 1062 567 1062 556 1066 555 1068 543 1066 471 1060 470 1060 468 1060 450 1068 450 1068 444 1068 372 1060 370 1060 369 1060 354 1070 352 1070 348 1070 297 1062 296 1062 228 1071 220 1071 218 1071 196 1062 195 1062 194 1062 129 1070 111 1062 110 1062 108 1062 106 1062 76 1071 78 1104"/></Shape>
            <String CONTENT="rius damnatam de prohibitione ciborum doctri¬" HPOS="76" VPOS="1058" WIDTH="870" HEIGHT="64" WC="0.9884059309959412"/>
          </TextLine>
          <TextLine ID="line_21" TAGREFS="LT8" BASELINE="78 1152 945 1148" HPOS="76" VPOS="1110" WIDTH="868" HEIGHT="62">
            <Shape><Polygon POINTS="78 1152 78 1166 207 1172 208 1172 208 1172 210 1172 222 1166 222 1166 258 1166 276 1172 278 1172 278 1172 363 1164 372 1164 381 1164 474 1172 474 1172 476 1172 477 1172 486 1164 496 1172 498 1172 500 1172 500 1172 501 1172 526 1166 604 1170 604 1170 606 1170 608 1170 615 1162 616 1162 640 1170 640 1170 642 1170 700 1164 712 1170 714 1170 716 1170 716 1170 732 1161 734 1161 734 1161 748 1168 750 1168 752 1168 753 1168 771 1161 774 1161 776 1161 798 1168 800 1168 801 1170 886 1170 886 1168 888 1168 888 1168 900 1161 900 1161 944 1161 945 1148 942 1110 902 1118 756 1118 738 1113 729 1110 728 1110 728 1110 716 1113 692 1118 651 1114 628 1112 628 1112 578 1114 506 1119 471 1116 438 1113 438 1113 416 1116 402 1119 398 1116 390 1113 388 1113 388 1113 351 1118 336 1119 308 1118 224 1114 222 1114 195 1119 188 1120 176 1120 108 1114 106 1114 76 1120 78 1152"/></Shape>
            <String CONTENT="nam: tum etiam reliquas, quæ in rebus externis" HPOS="76" VPOS="1110" WIDTH="868" HEIGHT="62" WC="0.9996338214563287"/>
          </TextLine>
          <TextLine ID="line_22" TAGREFS="LT8" BASELINE="74 1202 952 1197" HPOS="74" VPOS="1158" WIDTH="879" HEIGHT="63">
            <Shape><Polygon POINTS="74 1202 75 1221 93 1215 222 1215 232 1221 232 1221 234 1221 234 1221 236 1221 237 1221 238 1221 240 1221 249 1215 279 1220 280 1220 282 1220 294 1214 399 1220 417 1221 418 1221 424 1220 454 1214 476 1220 480 1221 482 1221 483 1221 700 1220 702 1220 708 1218 734 1210 783 1210 796 1216 800 1218 801 1218 801 1220 867 1220 867 1218 868 1218 870 1218 870 1216 878 1210 950 1215 952 1197 950 1158 714 1167 645 1167 633 1161 626 1160 624 1160 622 1160 592 1162 555 1166 543 1162 531 1160 530 1160 530 1160 528 1160 518 1162 507 1168 432 1168 426 1164 422 1160 420 1160 418 1160 418 1160 326 1166 310 1166 309 1166 297 1160 296 1160 296 1160 188 1161 186 1161 184 1161 176 1167 123 1161 123 1161 74 1168 74 1202"/></Shape>
            <String CONTENT="cultum Dei conſtituunt Prophanas voca, quòd" HPOS="74" VPOS="1158" WIDTH="879" HEIGHT="63" WC="0.9986812567169016"/>
          </TextLine>
          <TextLine ID="line_23" TAGREFS="LT8" BASELINE="75 1250 944 1244" HPOS="74" VPOS="1203" WIDTH="870" HEIGHT="68">
            <Shape><Polygon POINTS="75 1250 75 1264 202 1264 218 1270 219 1270 220 1270 268 1263 274 1263 285 1263 372 1270 374 1270 418 1263 426 1262 438 1262 519 1269 520 1269 747 1263 766 1268 768 1268 770 1268 944 1258 944 1244 944 1215 904 1203 903 1203 902 1203 900 1203 882 1214 870 1208 870 1208 868 1208 795 1214 772 1203 771 1203 771 1203 770 1203 768 1203 750 1215 705 1208 704 1208 704 1208 702 1208 692 1215 591 1216 512 1216 500 1209 498 1209 496 1209 495 1209 494 1209 478 1215 462 1206 462 1206 460 1206 459 1206 438 1215 402 1208 400 1208 400 1208 399 1208 382 1216 249 1208 248 1208 246 1208 246 1208 234 1214 87 1209 86 1209 86 1209 84 1209 84 1209 74 1216 75 1250"/></Shape>
            <String CONTENT="ſint blaſphemæ. Aniles autem, quòd ſint nihili." HPOS="74" VPOS="1203" WIDTH="870" HEIGHT="68" WC="0.9925087988376617"/>
          </TextLine>
          <TextLine ID="line_24" TAGREFS="LT8" BASELINE="78 1299 946 1293" HPOS="76" VPOS="1257" WIDTH="870" HEIGHT="62">
            <Shape><Polygon POINTS="78 1299 78 1314 298 1311 356 1314 418 1318 418 1318 420 1318 432 1314 450 1310 498 1314 514 1316 516 1316 518 1316 520 1314 531 1310 548 1314 555 1317 556 1317 558 1317 621 1314 716 1311 758 1314 771 1316 771 1316 783 1314 855 1308 864 1314 866 1314 867 1314 868 1316 945 1316 946 1293 944 1264 814 1264 801 1257 800 1257 798 1257 771 1263 741 1257 740 1257 740 1257 738 1257 729 1264 729 1264 723 1264 660 1264 600 1257 598 1257 543 1264 518 1258 516 1258 514 1258 462 1264 268 1258 267 1258 266 1258 234 1268 231 1269 147 1269 147 1268 140 1260 138 1260 136 1260 86 1260 84 1260 82 1260 81 1260 76 1264 78 1299"/></Shape>
            <String CONTENT="Eſt autem hoc poſtremũ dictum ex forma qua¬" HPOS="76" VPOS="1257" WIDTH="870" HEIGHT="62" WC="0.9996709769422357"/>
          </TextLine>
          <TextLine ID="line_25" TAGREFS="LT8" BASELINE="75 1346 948 1341" HPOS="74" VPOS="1304" WIDTH="874" HEIGHT="60">
            <Shape><Polygon POINTS="75 1346 75 1364 946 1358 948 1341 945 1314 867 1314 866 1312 838 1304 838 1304 837 1304 783 1312 782 1312 777 1312 742 1305 741 1305 740 1305 740 1305 729 1312 726 1314 705 1312 652 1308 651 1308 600 1311 572 1314 561 1311 532 1304 531 1304 530 1304 432 1305 430 1305 429 1305 422 1311 416 1314 388 1311 374 1308 372 1308 370 1308 364 1311 351 1314 340 1310 330 1306 328 1306 272 1306 270 1306 268 1306 260 1310 246 1316 231 1310 220 1306 219 1306 218 1306 74 1308 75 1346"/></Shape>
            <String CONTENT="dam vulgaris prouerbii ſumptum, quia ſolent a¬" HPOS="74" VPOS="1304" WIDTH="874" HEIGHT="60" WC="0.999513759561207"/>
          </TextLine>
          <TextLine ID="line_26" TAGREFS="LT8" BASELINE="75 1394 948 1390" HPOS="74" VPOS="1359" WIDTH="874" HEIGHT="54">
            <Shape><Polygon POINTS="762 1366 750 1370 738 1370 726 1370 714 1370 702 1370 690 1370 678 1370 666 1370 654 1370 640 1370 628 1370 616 1370 604 1370 592 1370 580 1370 568 1370 556 1370 544 1370 532 1370 520 1370 508 1370 496 1370 484 1370 472 1370 460 1370 448 1370 436 1370 424 1370 412 1370 400 1370 388 1370 376 1370 363 1370 351 1370 339 1370 327 1370 315 1370 303 1370 291 1370 279 1370 267 1370 255 1370 243 1370 231 1370 219 1370 207 1370 195 1370 183 1370 171 1370 159 1370 147 1370 135 1370 123 1370 111 1370 98 1370 86 1370 74 1370 75 1394 75 1413 272 1407 312 1412 351 1413 351 1413 387 1410 423 1406 591 1407 879 1412 880 1412 946 1404 948 1390 946 1366 920 1359 920 1359 918 1359 916 1359 915 1359 906 1365 820 1359 820 1359 819 1359 807 1365 766 1359 765 1359 762 1366"/></Shape>
            <String CONTENT="nus mulieres fabulas &amp; fictitia quædam comme¬" HPOS="74" VPOS="1359" WIDTH="874" HEIGHT="54" WC="0.9920082595613268"/>
          </TextLine>
          <TextLine ID="line_27" TAGREFS="LT8" BASELINE="80 1443 950 1440" HPOS="78" VPOS="1400" WIDTH="872" HEIGHT="62">
            <Shape><Polygon POINTS="80 1443 80 1461 93 1455 946 1456 950 1440 945 1408 914 1408 912 1408 894 1400 892 1400 891 1400 846 1408 834 1412 638 1412 634 1408 628 1404 627 1404 626 1404 624 1404 584 1408 570 1410 561 1408 513 1400 512 1400 438 1408 428 1410 424 1408 416 1401 414 1401 412 1401 412 1401 336 1408 333 1408 328 1408 225 1401 224 1401 178 1408 165 1412 159 1408 138 1401 136 1401 135 1401 78 1408 80 1443"/></Shape>
            <String CONTENT="morare lubentiùs, quòd propter ætatem multa" HPOS="78" VPOS="1400" WIDTH="872" HEIGHT="62" WC="0.9973273370001051"/>
          </TextLine>
          <TextLine ID="line_28" TAGREFS="LT8" BASELINE="75 1492 945 1486" HPOS="74" VPOS="1449" WIDTH="872" HEIGHT="62">
            <Shape><Polygon POINTS="75 1492 75 1504 248 1510 249 1510 296 1506 330 1504 354 1506 394 1510 394 1510 432 1506 464 1503 476 1506 486 1510 488 1510 488 1510 489 1510 496 1506 504 1504 550 1508 596 1510 597 1510 770 1508 771 1508 771 1508 777 1502 786 1508 788 1508 789 1508 789 1509 944 1509 945 1486 944 1458 861 1458 836 1449 834 1449 832 1449 790 1455 771 1449 771 1449 770 1449 768 1449 740 1458 708 1449 706 1449 705 1449 704 1449 686 1458 567 1452 566 1452 518 1460 498 1449 496 1449 460 1449 459 1449 458 1449 418 1461 417 1461 249 1450 248 1450 152 1458 90 1452 88 1452 87 1452 86 1452 74 1460 75 1492"/></Shape>
            <String CONTENT="ſibi tribuunt: atque ſunt natura verboſæ. Has ta¬" HPOS="74" VPOS="1449" WIDTH="872" HEIGHT="62" WC="0.9879001172221437"/>
          </TextLine>
          <TextLine ID="line_29" TAGREFS="LT8" BASELINE="76 1539 945 1536" HPOS="75" VPOS="1497" WIDTH="870" HEIGHT="57">
            <Shape><Polygon POINTS="76 1539 76 1554 944 1554 945 1536 942 1502 840 1506 798 1503 746 1497 744 1497 742 1497 741 1497 734 1503 730 1504 728 1503 717 1498 716 1498 716 1498 714 1498 704 1503 694 1508 586 1508 562 1504 522 1498 520 1498 490 1504 477 1508 472 1504 459 1498 458 1498 412 1498 412 1498 376 1504 362 1509 357 1506 348 1498 346 1498 345 1498 304 1498 303 1498 302 1498 302 1498 291 1506 286 1510 268 1510 264 1506 258 1500 256 1500 255 1500 254 1500 252 1500 237 1504 166 1498 165 1498 164 1498 135 1508 130 1509 75 1509 76 1539"/></Shape>
            <String CONTENT="men fabulas Chryſoſt. refert non ad ſuperiorem" HPOS="75" VPOS="1497" WIDTH="870" HEIGHT="57" WC="0.9926432461842246"/>
          </TextLine>
          <TextLine ID="line_30" TAGREFS="LT8" BASELINE="75 1587 944 1582" HPOS="74" VPOS="1548" WIDTH="870" HEIGHT="62">
            <Shape><Polygon POINTS="75 1587 76 1610 99 1604 272 1608 273 1608 274 1608 276 1608 297 1602 942 1604 944 1582 942 1557 890 1557 866 1548 864 1548 864 1548 862 1548 834 1556 788 1548 786 1548 784 1548 783 1548 774 1556 754 1548 753 1548 753 1548 658 1557 650 1550 648 1550 648 1550 586 1548 585 1548 585 1548 584 1548 568 1558 441 1558 422 1550 420 1550 418 1550 418 1550 394 1558 382 1550 381 1550 380 1550 345 1550 345 1550 344 1550 318 1558 294 1550 292 1550 291 1550 216 1551 214 1551 201 1558 190 1551 190 1551 189 1551 188 1551 117 1557 94 1551 93 1551 92 1551 92 1551 74 1560 75 1587"/></Shape>
            <String CONTENT="doctrinã, ſed ad Iudaicas traditiones, &amp; cæremo¬" HPOS="74" VPOS="1548" WIDTH="870" HEIGHT="62" WC="0.9800943367335261"/>
          </TextLine>
          <TextLine ID="line_31" TAGREFS="LT8" BASELINE="74 1638 945 1635" HPOS="72" VPOS="1596" WIDTH="873" HEIGHT="64">
            <Shape><Polygon POINTS="74 1638 74 1659 150 1653 208 1653 224 1659 226 1660 228 1660 228 1660 249 1659 345 1653 354 1659 356 1660 357 1660 357 1660 358 1660 459 1659 460 1659 480 1653 525 1659 530 1659 530 1659 532 1659 560 1653 650 1658 651 1658 652 1658 664 1652 800 1656 801 1656 840 1652 864 1659 866 1659 867 1659 906 1653 944 1659 945 1635 942 1606 852 1606 850 1606 818 1596 816 1596 814 1596 768 1606 766 1606 765 1606 741 1596 740 1596 740 1596 738 1596 712 1606 711 1608 675 1608 674 1606 657 1596 656 1596 654 1596 654 1596 580 1598 579 1598 558 1606 555 1608 554 1606 525 1598 524 1598 482 1598 480 1598 480 1598 446 1608 444 1610 378 1610 376 1608 363 1598 363 1598 362 1598 360 1598 308 1608 300 1610 296 1608 282 1602 280 1602 279 1602 237 1608 228 1600 228 1599 226 1599 225 1599 172 1598 171 1598 170 1598 168 1598 156 1606 104 1598 102 1598 100 1598 72 1606 74 1638"/></Shape>
            <String CONTENT="nias: ſed perperã, vt quilibet facile animaduerte¬" HPOS="72" VPOS="1596" WIDTH="873" HEIGHT="64" WC="0.9939773819025826"/>
          </TextLine>
          <TextLine ID="line_32" TAGREFS="LT8" BASELINE="74 1684 255 1684" HPOS="72" VPOS="1650" WIDTH="183" HEIGHT="54">
            <Shape><Polygon POINTS="74 1684 74 1696 116 1704 117 1704 141 1700 147 1698 153 1700 165 1704 166 1704 166 1704 190 1701 208 1698 254 1702 255 1684 254 1659 226 1650 225 1650 224 1650 222 1650 198 1656 72 1654 74 1684"/></Shape>
            <String CONTENT="re poteſt." HPOS="72" VPOS="1650" WIDTH="183" HEIGHT="54" WC="0.9838587284088135"/>
          </TextLine>
        </TextBlock>
        <TextBlock HPOS="71" VPOS="1702" WIDTH="878" HEIGHT="106" ID="block_6" TAGREFS="BT3408">
          <Shape><Polygon POINTS="71 1702 950 1702 950 1808 71 1808 71 1702"/></Shape>
          <TextLine ID="line_33" TAGREFS="LT8" BASELINE="122 1736 945 1731" HPOS="120" VPOS="1690" WIDTH="825" HEIGHT="64">
            <Shape><Polygon POINTS="122 1736 122 1746 256 1752 258 1752 321 1746 327 1746 330 1746 370 1754 372 1755 372 1754 414 1746 416 1746 417 1746 456 1754 458 1754 514 1746 524 1754 525 1754 526 1754 528 1754 579 1746 585 1746 585 1746 598 1752 600 1752 602 1752 945 1744 945 1731 944 1698 927 1692 926 1692 926 1692 924 1692 906 1698 900 1702 801 1702 798 1700 789 1694 789 1694 788 1694 786 1694 784 1694 783 1694 774 1700 771 1702 716 1702 714 1701 704 1690 704 1690 702 1690 700 1690 660 1690 660 1690 658 1690 628 1701 616 1692 615 1692 614 1692 570 1690 568 1690 567 1690 543 1700 477 1690 476 1690 414 1702 405 1696 405 1695 404 1695 402 1695 362 1690 360 1690 358 1690 322 1704 321 1706 290 1706 224 1706 202 1694 201 1694 146 1692 144 1692 142 1692 120 1704 122 1736"/></Shape>
            <String CONTENT="Sed exerce teipſum) Tranſitio eſt, per quam ad" HPOS="120" VPOS="1690" WIDTH="825" HEIGHT="64" WC="0.9900390687196151"/>
          </TextLine>
          <TextLine ID="line_34" TAGREFS="LT8" BASELINE="68 1785 944 1782" HPOS="68" VPOS="1742" WIDTH="876" HEIGHT="80">
            <Shape><Polygon POINTS="68 1785 68 1808 148 1814 150 1814 180 1808 188 1808 195 1808 234 1816 234 1816 296 1808 308 1808 315 1808 357 1821 357 1821 358 1821 394 1816 396 1816 398 1816 408 1809 414 1806 468 1809 530 1814 531 1814 532 1814 542 1809 549 1806 554 1809 560 1815 561 1815 561 1815 562 1815 594 1810 612 1820 614 1820 615 1820 670 1814 678 1820 680 1820 681 1820 682 1820 852 1820 852 1820 854 1820 873 1810 885 1806 940 1810 944 1782 939 1752 846 1752 844 1752 832 1742 832 1742 831 1742 830 1742 828 1742 806 1752 804 1752 758 1752 756 1752 740 1743 740 1743 738 1743 736 1743 711 1752 690 1742 690 1742 688 1742 687 1742 668 1750 561 1743 561 1743 560 1743 558 1743 546 1752 544 1754 412 1754 394 1754 382 1744 381 1744 380 1744 378 1744 376 1744 376 1744 362 1754 351 1754 316 1754 315 1754 292 1744 291 1744 92 1744 92 1744 90 1744 68 1752 68 1785"/></Shape>
            <String CONTENT="alterã miniſterij &amp; muneris Euãgelici parté acce" HPOS="68" VPOS="1742" WIDTH="876" HEIGHT="80" WC="0.9847818087129032"/>
          </TextLine>
        </TextBlock>
      </PrintSpace>
    </Page>
  </Layout>
</alto>
