1500 2172
876 122 54 75 478

376 154 202 30 CANVT

590 154 50 32 Vs

70 180 867 72 Eccleſiis diſciplina opus, eſt ſine qua non magis conſi¬

69 234 870 66 Stere poſſunt, quàm res domestica, quæ patrefamil.

72 286 860 60 & moderatore idoneo destituitur: non magis item,

70 333 866 63 quàm Respub. quæ nullis legibus gubernatur, aut nul¬

68 384 870 63 los habet legũ vindices. Etenim non minus verè quàm

70 436 866 57 prudenter tum puiuamuracimnt, matu eſſe ſub prin¬

69 477 864 68 cipe viuere, ſub quo nihil liceat: ſed multò peiorẽ eſſe

72 530 864 60 eorum ſortem, qui principem habent, ſub quo licent o¬

72 576 868 56 mnia. At qui huic loco commodùm adiicere libet

75 622 864 68 quod idem Doctor præſtantiſſimus & pientiſsi¬

74 674 864 63 mus in iiſdem commentariis ad cap.2. Homil. 14

70 718 867 68 his verbis diſertiſsimè, ſanctiſsiméque ſcribit.

72 774 860 58 Admonemur hoc exemplo (de Petro à Paulo pu¬

72 818 870 68 blicè reprehenſo agẽs) ait nullã vel in Eccleſia, vel

70 870 867 62 in Republ. dignitatem eſſe tantam, quæ cenſuræ & re¬

70 920 866 58 prehenſioni eos eximat, qui aliquid præter officium

72 968 866 62 faciunt. Etenim cum omnium Dominus ſit Deus, eius

72 1016 867 63 quoque verbo omnes homines cuiuſcun ſint loci, aut

70 1084 867 42 crcunis,uυiei, & voeuire vonnent, & ad omnes ver¬

69 1131 868 45 oi Detpracones pertinet, quod olim Hieremie dice¬

69 1161 867 64 bat Deus, Ecce ego te facio hodie ciuitatem munitam.

69 1210 867 64 columnam ferream, & murum æneum contra omnem

68 1262 870 64 terram, contra reges Iuda, contra principes eius,

68 1308 867 66 contra ſacerdotes, contra vniuerſum populum terræ.

69 1356 708 63 Hæc Gualterus mihi obſeruandiſsimus.

112 1406 825 63 Ex hoc autem loco colligitur, iam tempore

72 1448 862 69 Pauli in Dei Eccleſia duplex cenſuræ Eccleſia¬

72 1500 866 56 ſticæ genus fuiſſe vſitatum, vnum Priuatum, alte¬

70 1548 866 63 rum Publicum. Priuatum eſt, cùm qui offendit, a¬

72 1599 862 64 gnoſcit culpam eámque fatetur ei, quẽ offendit,

72 1646 866 66 nullo confeſsionis teſte adhibito, ſed inter ſe &

74 1696 861 62 eum, quem offendit, tantùm & priuatim id facit.

70 1743 866 78 Hanc deſcripſit Chriſtus Matth. 18. deſcripſit
