1500 2172
390 147 302 44 CAPVT III.

906 120 72 74 152

106 178 868 69 Sacerdotibus ineſſe oporteret. Omnis enim ille

105 236 870 63 cultus & ſummi Sacerdotis ornatus, qui Exod.28.

106 284 868 62 verſ.3o.31. & ſequent. deſcribitur, quanta pietas,

104 333 872 64 ſanctitáſque à paſtore Eccleſiæ requiratur, oſten¬

106 382 868 62 dit: quemadmodum etiam explicat Iſychius lib.

105 429 873 64 6.in Leuitici cap.21, & 22. Externa enim illa Leui¬

105 477 870 58 tici miniſterij ſpecies & ſplendor fuit interni or¬

104 526 872 58 natus & vitæ ſymbolum. Ex ijs autem tot virtuti¬

105 574 870 66 bus, quas deſcribit Paulus hoc loco, vt veram

105 622 870 68 perfectámque boni Epiſcopi ideam habeamus,

108 672 867 66 quædam oſtendunt, qualem Epiſcopum ipſum

105 720 870 63 In ſeſe eſſe oporteat, & Ratione ſuæ familiæ, Itẽ,

105 768 870 64 Extraneorum & infidelium, Quæ omnia diſtri¬

106 819 868 63 buo in tria hæc capita, vt congeſtas hîc à Paulo

106 868 868 62 dotes diſtinguere aliqua ratione poſſimus. Berna.

104 918 872 56 autem Sermo.77. in Cantica breuiter has omnes

108 964 867 64 dotes videtur his verbis complexus. Ad ſolam

105 1011 870 64 ciuitatis, id eſt Eccleſiæ cuſtodiam, vt quantum

105 1062 870 62 ſatis eſt, procuretur, opus eſt viro forti, ſpirituali,

106 1107 868 69 fideli: forti ad propulſandas iniurias: ſpirituali ad

111 1167 864 54 deprehendendas inſidias: fideli, qui non, quæ ſua

110 1209 866 58 ſunt, quærat. Sed etſi doctus fuerit, non ſit autẽ

111 1257 864 57 bonus: verendum, ne non tam nutriat doctrina v¬

108 1306 866 58 beri, quàm ſterili vita noceat. Idiota autem pa¬

108 1353 867 66 ſtor quomodo in paſcua diuinorum eloquiorum

111 1404 494 58 deducet greges dominicos?

156 1449 819 63 Eò verò diligentius iſta Pauli præcepta ſunt

108 1498 867 62 obſeruanda. Primum, Quòd ex quibus cauſis E¬

110 1546 864 64 piſcopi eligi prohibentur: ex iiſdem electi de¬

111 1598 864 63 ponuntur. Eas autem hîc expreſſas à Spiritu ſan¬

111 1647 864 58 cto habemus. Secundum. Quòd præter has con¬

112 1694 866 63 ditiones & qualitates, aliæ ſunt ſynodorum de¬

116 1746 864 72 cretis poſtea additæ, quarum quæ dam prorſus

726 1791 88 90 g.iij.
