1500 2172
406 141 260 28 CAFVT V.

876 111 69 74 584

92 165 868 70 ſti, quod Matt.18. & Ioan.2o.recitãt. Ex quibus i¬

93 216 867 74 pſis locis eã ſpiritualis cẽſurę & caſtigationis ſpe¬

93 268 868 66 ciem in vſu fuiſſe in Eccleſia docetur, vti ex Ioan.

93 318 866 64 cap.9. & 1.Cor.5 & 2.7. & hoc ipſo loco. Neque

96 366 866 64 de eo dubitari potuit, niſi duo quædã argumenta

96 417 861 60 contra afferrentur. Primùm neminem inuitum

94 462 864 60 cogendum eſſe, vt rectè viuat aut ſentiat. Nam,

98 512 864 64 vt vulgò dicitur, Inuitum qui ſeruat idem facit

98 562 862 54 occidenti. Id autem faciunt, qui inobſequentes

98 610 862 56 Deo excommunicant. Huic argumento ſæpe re¬

98 658 864 60 ſpondit Auguſtinus in diſputationibus contra

98 705 866 58 Donatiſtas & negat veram eſſe hanc ſententiam.

98 753 864 64 Sæpe enim qui primùm inuitus ab errore vitæ

99 801 866 57 vel doctrinæ abductus eſt, poſtea volens & lubẽs

98 850 866 64 in recto itinere permanſit. Præterea cùm quis

98 900 864 56 corrigitur inuitus, ſi hoc ipſum illi non prodeſt,

100 948 861 57 quia inuitus id facit: alijs tamẽ prodeſt, qui metu

100 998 866 63 pœnæ coercentur, ne ad eadem ſcelera exemplo

100 1059 862 50 perenananeuriDemquoide cauemrucio facit ne

98 1096 864 63 in ſceleratos homines vllos, quantumuis impios

98 1143 866 64 & dereſtabiles, pœnæ vllæ etiam à Magiſtratu

98 1194 864 58 decernantur, quia ea ratione inuiti reſipiſcere &

98 1244 866 63 modeſtè viuere coguntur. Itaquè hæc prima ra¬

98 1288 459 64 tio eſt abſurdiſſima. O

136 1338 825 57 Alterum argumentum, quod contra vſum ex¬

98 1388 872 60 communicationis affertur, ducitur ex loco Pauli

102 1431 860 68 2 Corinth. 1o. verſ.8. Nempe datam eſſe paſtori¬

104 1480 856 66 bus, & Miniſtris verbi Dei poteſtatem ad ædifi¬

104 1530 858 57 cationem, non ad ſubuerſionem & deſtructionẽ.

104 1580 856 63 At excommunicatio deſtruit gregem Domini,

106 1629 856 62 quem minuit, & eum ipſum qui excommunica¬

104 1677 862 64 tur, perdit, quia exponit Diabole:ergo ea vti pa¬

104 1725 861 70 ſtoribus non licet in Eccleſia. Reſpond. Aliquid

710 1776 98 68 B.iij.
