1500 2172
400 178 292 24 CANvI III.

114 192 872 70 ex Dei verbo ſumptum eſt: ſed humanum planè

116 252 872 63 commentum eſt dum nimium Eccleſiaſticæ poli¬

114 302 872 62 tiæ formam & regimen ad ciuilis diſciplinæ nor¬

116 348 872 63 mam homines exigunt contra præceptũ & Chri¬

112 396 873 62 ſti Luc 22. verſ.25. & Petri 1. Pet. 5. verſ.3. Idem

114 444 873 66 docet Auguſtinus Epiſt. 19. hæc honorũ diuerſa

116 494 870 62 vocabula & diſtincta ex hominum tantùm con¬

112 543 874 64 ſuetudine, non ex Dei verbo introducta & re¬

114 591 873 63 cepta in Eccleſia eſſe. Nam neque tempore A¬

114 639 872 60 poſtolorum hæc diſtinctio in Eccleſia fuit: neque

114 687 862 66 Epaphroditum, quem remittit Philippenſ.neq:

111 738 872 63 Archippum, quem Colloſſis agentem exhorta¬

111 786 873 62 tur Paulus, aut Epiſcopum, aut Presbyteris præ¬

112 832 874 66 poſitum appellat. Imo Irenæ. Higinum Epiſcopũ

114 882 867 63 Roma. ſemper Presbyterum vocat, vt docet Eu¬

111 932 872 62 ſeb. lib.5 cap.26. nunquam autem Epiſcopum, aut

111 978 872 64 Presbyteris præpoſitum. Et cùm nihil ſit ad Dei

112 1029 868 58 verbum addendum dicimus omnino temerè, id

110 1074 867 62 introductum fuiſſe & receptum in Ecleſijs Dei:

111 1124 868 63 & hæc illius tyrannidis, quæ poſtea miſerrima ir¬

110 1173 870 60 repſit in Eccleſiam, veriſſima ſemina & funda¬

111 1220 868 68 menta dico fuiſſe: vti apparet ex Epiſt.3. Ioannis

111 1272 861 62 vbi Diotrephes φιλόπρωτέυων damnatur v.9. Atq;

110 1318 870 62 varia eſſe huius proeſtaſiæ incommoda docet

108 1370 867 60 Caluinus cùm Epiſt. 375. tum in ſuis commenta¬

106 1418 873 66 rijs in Epiſt. ad Philip. cap.1. quanquam is fuit ve¬

111 1468 868 62 tus mos, & iampridem receptus, vt apparet ex

111 1512 864 64 Nicena Synodo prima vti ex Ruffino docuimus.

117 1560 860 66 Vnde igitur & cur primum eſt introductus? Reſ.

110 1610 862 66 Primùm quidem, vt ex Epiph. & Hieronym. ap¬

111 1660 864 62 paret, hoc Alexandriæ inſtitutum fuiſſe, præter

108 1710 867 62 morem cæterarum Eccleſiarum. Cur autem, ra¬

108 1756 866 78 tio eſt, vt ait Hieronym. nimirum vt ſciſmatum

744 1814 58 62 12
