1500 2172
561 156 93 30 303

720 130 570 60 AD I. PAVL. AD TIM.

549 178 867 74 poſſint. Reſpond. Deum quidẽ in quem vult do¬

549 234 868 62 na ſua conferre. Itaque eum nobis eligendũ eſſe,

548 284 872 62 cui maiores dotes & χαρίσματα De? ipſe dederit.

555 328 866 68 Tamen longè tutiùs eſſe, vt, niſi magna aliqua

550 381 868 63 cauſa ſubſit, ij potiſſimum eligantur, qui diutius

549 432 872 54 nii iueru beripture lectione verſati ſunt, & à tene¬

549 476 870 64 ris annis ſanam Domini doctrinam tum didice¬

546 531 522 58 runt, tum etiam profeſſi ſunt.

598 572 824 70 Secũdò quæritur, An à ſuſcepta ſemel profeſ¬

549 622 874 66 ſione Euangelici miniſterij abduci & reuocari

549 672 872 66 homines paſtores poſſint. Vult enim Paulus Ti¬

548 724 873 62 motheum in ea cognitione & arte perſeuerare,

550 771 873 62 quam ſemel aſſectatus eſt. Deinde damnantur &

549 818 874 64 Demas & Marcus, qui Paulum deſeruerant, &

549 866 876 64 fuſceptam ſemel miniſterij vicariam delegationẽ

549 915 876 64 reliquerant, mutato vitæ genere ac inſtituto. Reſ.

548 962 879 66 Deum nullum huiuſmodi tam arctum & ſtrictũ

549 1011 876 66 vinculum inter paſtorem & gregem inſtituiſſe, vt

549 1062 876 63 nunquam ſolui poſſit. Sæpe enim ex multis, & iis

554 1110 872 62 quidẽ iuſtis, cauſis liberantur paſtores, & habent

549 1156 878 68 à ſuo ſuſceptóque munere legitimam miſſionem.

550 1209 876 62 Id tamen, niſi ex iuſta cauſa fiat, proculdubio in

550 1256 874 60 temeritatis & eius quidem turpiſsimæ non tan¬

549 1300 878 64 tùm ſuſpicionem, ſed etiam criminationem meri¬

550 1350 874 60 tò incidit, qui conſilium ſuſcepti ſemel miniſterij

550 1400 878 62 mutauit & deſerit. Et quòd Demas, & Marcus

552 1452 876 58 damnantur, ex eo eſt, quòd ſeculum Deo prætu¬

549 1500 876 60 lerant: non tamen propterea excommunicantur,

550 1545 879 58 aut eiiciuntur ex Eccleſia à Paulo, etſi nulla fuit

550 1593 880 66 deſerẽdi miniſterij iuſta, quæ ab iis prætẽderetur

550 1644 876 68 cauſa. Et quòd ait Bernard.epiſtola 87.Aut ergo

552 1695 878 63 oportuit te gregem dominicum minimè ſeruan¬

554 1740 876 78 dum ſuſciperetaut ſuſceptum nequaquam relin¬

1314 1800 116 60 quere
