1500 2172
363 159 297 39 CARVT III.

890 144 66 64 26

80 182 874 81 non niſi à loquente & vocali paſtore fieri poteſt.

82 243 868 64 Clamoſos tamen concionatores, & Stentoreos,

82 288 872 72 quoſdam indoctos homines & incondîtos, qui

76 339 873 68 nihil niſi boant in templis & vaſtè vocifetantur,

80 396 870 60 non probamus. Obtundunt enim tantùm audito¬

76 438 723 63 rum aures, non ædificant neque docent.

124 486 825 64 Iam verò ex hoc loco, & verè & appoſitè col¬

72 531 878 69 ligit in epiſt ad Titum Hieronym. Inertiam, deſi¬

74 584 876 63 diam, ſomnum & otium excuti Miniſtris verbi

74 628 874 72 Dei & paſtoribus Eccleſiæ hac voce. Qui enim ſe

72 678 874 69 his vitiis dedunt & ſegnitiei præſertim, non poſ¬

69 729 879 66 ſunt ipſi eſſe διδακτποί. Oportet igitur ſedulò &

69 777 874 68 diligenter Epiſcopum & paſtorẽ Eccleſiæ euol¬

68 830 878 62 uere ſcripturas, & earum lectioni intẽdere, quod

69 876 874 64 etiam ipſi Timotheo, licet tanto viro, præſcripſit

68 926 876 64 Paulus inf. cap.4. verſ.13. Ergo & ſacrarum ſcri¬

68 982 874 57 pturarum libros verſare, & legere eos oportet aſ¬

68 1023 873 63 ſiduè, vt diſcant: atque etiam hæreticorum ſcri¬

66 1072 870 64 pta noſſe, vt eos refotent, quemadmodum etiam

63 1125 868 60 diſertè concil. Chartag. 4. cap.16. præceptum eſt,

63 1166 645 68 & eſt in cano. Epiſcopus diſtinct. 37.

114 1216 819 63 Quæſitum eſt autem vtrum in artium, quas ſe¬

62 1266 870 66 culares vocant (qualis Poëtica, Hiſtoria, Diale¬

60 1314 870 72 ctica, Phyſica, linguarum variarum cognitio &

58 1365 873 68 interpretatio) cognitione verſatum & peritum

60 1413 868 68 eſſe Epiſcopum, aut paſtorem Eccleſiæ oporteat.

58 1460 870 70 Reſpondeo, Quidam ne has quidem Epiſcopis,

58 1515 870 63 aut eorum filiis (excepta & linguarum trium nẽ¬

57 1560 868 68 pe Hebraicæ, Græcæ Latinæ cognitione) at¬

56 1618 870 57 tingendas putant, quia corrumpunt bonos mores

52 1658 873 66 colloquia praua, & per Philoſophiam nos à veri¬

52 1704 873 69 tate abduci & ſæpe decipi docet Paulus Coloſſ¬

51 1752 866 93 2.verſ. 8.Quæ ſententia in artes quidem ipſas, que
