1500 2172
363 158 261 30 CARVIVe,

87 183 862 75 que canones conſtituit omnino & ſemper ec¬

80 242 868 64 cleſię necenarios;i inouo cam recte adminiſtra¬

80 280 248 64 re ipſi velint.

818 302 112 52 151650

130 328 813 75 Cur autem hæc pręſcribat Paulus facilis ratio

78 375 866 78 eſt, Nam ſi vel minimi cuiuſque ratio in Dei ec¬

78 423 864 81 cleſia haberi debet, multò magis eorum, qui prę¬

76 471 866 78 ſunt eccleſiæ. Si ſinguli, qui ſunt in eccleſia ordi¬

75 524 866 75 nes, regendi ſunt certis legibus, vt omnia rectè

74 576 867 69 fiãt in Dei eccleſia, multò magisij, à quibus maius

75 624 862 76 periculum iminuumgo mlla quædam hîc pro¬

75 708 126 24 peules.

118 717 603 69 I Quid præſtandum Presbyteris.

120 768 412 66 2 Quibus Presbyteris.

124 814 618 68 3 Cur præſtari illis aliquid debeat.

117 862 816 75 Presbyterorum autem nomen hoc loco, & in

72 933 860 54 toto noc argumento & capite, dignitatis nomen

68 956 866 78 eſt, non ætatis, quicquid Chryſoſto. & alij contrà

69 1005 862 80 ſentiant vti ſæpe alibi & I.Petr.5.verſ.1.accipitur.

68 1052 862 84 Id autem eſſe ita accipiendum apparet ex his ver

62 1102 492 70 bis, Qui laborant in ſermone.

110 1150 822 82 Ergo illis, debetur honor, íſque duplex, ait Paulus

64 1200 867 82 Honoris voce ſubſidium omne piúmque offi¬

63 1251 868 81 cium, more Hebræorum, ſignificatur, vti ſupra

62 1299 870 80 eodem ſignificato verſ.3. Viduas honora & 1. Pe¬

62 1350 872 74 tr.3.verſ.7. Vir vxori honorem tribuat. Sumpta eſt

62 1394 870 81 hæc dicendi ratioex lege Dei & præcepto 5. Ho¬

60 1449 873 75 nora patrem. Sunt enim nomine parentum, ſed

60 1491 872 82 ſpiritualium comprehenſi, qui nos verbo Dei paſ

62 1542 868 80 cunt: & præſunt nobis, nóſque in Chriſto vel ge¬

57 1590 876 81 nuerunt: vel iã genitos cœleſti cibo alunt, quod

58 1635 873 86 faciunt hi Presbyteri. I taque hic canon Pauli ex

62 1690 868 81 quinto legis diuinæ præcepto ductus eſt. Con¬

56 1734 870 94 ſentit autem hic locus cũ 1. Corinth.9. &Hebr.13.

681 1814 72 60 uej¬
