1500 2172
693 135 564 69 AD I. PAVL. AD TIM.

531 160 86 68 414

528 182 867 90 quam eſt ex iniuſta cauſa repudiata à viro, tamen

530 236 864 84 eo viuo alteri non nubet, ſed propter vinculum

530 284 866 86 coniugij, & Dei præceptum, quandiu prior ille

531 333 864 80 maritus, à quo iniuſtè repudiata fuit, viuit, éſtque

532 382 862 84 ſuperſtes, alterius coniugio abſtinet. Quæ enim

534 436 861 80 ex iniuſta, vel potius nulla cauſa repudiatur, ma¬

534 482 864 84 net vxor: & vel recõciliari debet vel innupta ma

534 528 862 82 nere 1. Corinth.7.verſ.1o. Neque tamen impedi¬

537 579 860 81 tur, quæ ita immerit ò repudiata eſt à viro, viro

537 627 864 84 ipſo ad alteras nuptias conuolante, quin & ipſa

537 678 864 82 alij nubere poſſit. Sed hoc præſertim in ea, quæ

537 726 864 82 in Diaconatum allegenda eſt, requirit Paulus,

538 782 862 76 quoniam maioris continentiæ ſignum & exem¬

540 825 866 80 plum in iſta muliere cerni debeat. Erit autem

540 870 867 80 hoc certiſſimum, ſi immeritò repudiata, tamen

540 920 864 81 alteri non nupſit, ſed continuit. Sed quid ſi meri¬

542 968 864 81 tò illa repudiata eſt, veluti propter adulterium,

543 1011 862 88 vel quòd ipſa ſit deſertrix coniugij? Nemo dubi¬

543 1062 862 86 tare tunc poteſt, quin ea ad hoc munus eccleſia¬

540 1110 867 99 ſticum eligenda omnino non ſit, ſed ab hochono

544 1191 255 58 rene drcenda.

594 1204 816 84 Vult autem Paulus, vt quæ eſt allegẽda, fuerit

550 1256 860 86 Vxor. Ergo ſi fuit vel concubina, vel pellex, vel

549 1311 862 78 meretrix eligi non poterit. neque enim ſine ma¬

550 1356 864 82 gno eccleſiæ offendiculo tales cooptari in vllam

554 1406 860 82 ceciellaiticam dignitatem poſſunt, quãlibet pœ¬

552 1474 154 62 niteant.

598 1491 820 94 Ait Paulus. Quæ fuerit. Quid ſi adhuc illa ſit v¬

550 1548 867 87 xor, etiam in illa ætate ſexagenaria, num allegi &

550 1598 868 86 aſciſci poterit, cùmillud, quod de epiſcopo ſuprà

554 1650 866 76 dicitur, Sitepiſcopus vnius vxoris vir, locum ha¬

554 1702 864 68 beat: ſiue adhuc ſit ille maritus & vir vnius vxo¬

552 1743 867 108 ris: ſiue mortua vxore maritus fuerit & iameſſe

1288 1794 126 62 deſier
