1500 2172
519 160 70 56 678

698 144 555 60 AP I. PAVL. AD TIM.

512 183 870 86 præclarè hoc loco aunotauit Chryſoſtom. quòd

512 243 868 72 quæ tantopere optant iſti, & quæ tanti æſtimant,

512 290 870 74 vt dies noctéſque propterea crucientur & labo¬

510 339 873 74 rẽt, opinione tantùm magna ſunt & pulchra, non

512 388 870 70 natura. Sola enim opinio illis pretium facit. Nã

512 435 870 76 ſi quis eos admoneat, doceát que aurum tantùm

513 486 868 69 terram eſſe: argentum glebã: verum eſſe appare¬

513 536 868 69 bit & erubeſcere cogentur. Præterea non eodẽ

512 585 870 70 in pretio iſta ſunt apud omnes gentes. Nam au¬

512 634 868 68 rum, vt docet Tertull. De cultu mulierum, & gẽ¬

513 682 867 66 mæ apud Indos, & Æthiopas pro luto habentur,

512 734 872 63 nec niſi in ſoccis & calceis, ídque in contemptum

513 778 872 69 ab ijs geſtari ſolebãt. Quæ autem natura pulchra

514 828 872 69 ſũt & pretioſa, ea apud omnes peræquè populos

513 876 870 63 ſuum pretium ſuámque æſtimationem obtinent,

518 926 867 66 vti Solis iſtius ſplendor, cœli pulchritudo, aquæ

516 974 663 66 & reliquorum elementorum vtilitas.

561 1022 825 69 Quod autem idem Chryſoſt. putat facillimam

514 1066 872 70 eſſe rationem huius flammę & cupiditatis in no¬

518 1116 870 74 bis extinguendę, nimirum ſi voluerimus (voluiſ¬

518 1168 868 63 ſe enimeam extinguere, ait, eſt eam ſuperaſſe)

519 1215 870 68 Certè de his dici nõ poteſt, qui amant diuitias:

520 1269 868 64 quia neque ij volunt eam flammam extinguere:

518 1316 870 68 neque etiam quandiu illi indulgent, poſſunt. Præ¬

518 1364 873 63 terea hæc ipſa voluntas, per quam huic vitio me¬

518 1412 873 64 deri volumus, non eſt à nobis: ſed à Deo ipſo.

520 1461 870 64 Sed ita loquitur Chryſoſt. vt hominibus pudorẽ

518 1508 872 66 incutiat, neque vllã tanto malo medendi deſpe¬

518 1556 849 69 rationem iniiciat, aut excuſationem relinquat.

582 1629 810 72 10 Siquidem radix omnium malorum

516 1688 876 70 eſt amor pecuniæ: quam quidam dum appe¬

518 1740 874 87 tunt, aberrarunt à fide, & ſeipſos transfi¬

1263 1797 130 84 xerunt
