1500 2172
552 154 104 39 1o4

710 135 578 58 AD I. RAVL. AD TIM.

549 178 873 74 bo: quæ res omnis impietatis proculdubio fons

549 237 414 60 eſt ac origo Coloſſ.2.

579 284 840 63 Magnopere igitur huiuſmodi doctrinæ vene¬

544 333 874 60 num nobis cauendum eſſe ſatis docẽt hæc Pauli

548 380 870 64 verba, per quæ eã vocat, Defectionẽ à fide, Dæ¬

543 444 872 46 Iomorumjuocerinan, vtretiain facob.3.V.15. do¬

543 480 870 64 cet eam eſſe plenam hypocriſeos, & Conſcien¬

543 526 568 60 tiam cauterio infectam afferre.

591 574 822 66 Alterum caput huius diſputationis rem ipſam

542 626 872 63 explicat, & Cauſam huius doctrinæ, & Tempus

542 672 872 66 & Doctrinam ipſam ſiue illius dogmata. Cauſa

543 720 868 66 verò huius doctrinæ eſt multiplex, quædã Supe¬

537 771 873 63 rior, Spiritus deceptores, & quædã inferior De¬

538 816 870 68 fectio à fide, & Hypocriſis, maláq; hominũ, tum

538 867 870 63 Docẽtium, tũ Diſcentiũ conſcientia. Vocat autẽ

536 918 874 60 hîc Paulus ſpiritus non homines quidem horum

536 964 874 63 dogmatum & errorũ præcones & miniſtros: ſed

537 1011 872 68 Sathanam ipſum, & illius Angelos, quos poſtea

536 1064 870 60 Dæmones nominat, quia illi ſunt & flabella &

534 1112 872 62 authores veræ doctrinæ corrumpendæ, ne ho¬

531 1158 872 63 mines ad ſalutem perueniant. Præterea qui

534 1206 872 68 hæc venena ſpargunt, etiam ſpiritum iactant, ſed

531 1256 870 63 ille eſt ſpiritus vertiginis & erroris, cui Dominus

530 1305 868 63 ad puniendum nominis ſui contemptum dat effi¬

528 1352 870 66 caciam. Hi igitur ſpiritus dicuntur πάνοι, id eſt,

530 1406 866 62 non tantùm deceptores, ſed etiam ſeductores,

532 1449 862 66 quia nos à recta via, cui iam inſiſtebamus, & in

530 1497 864 63 qua iam incedebamus, deflectunt, id eſt, à verbo

530 1546 866 64 Dei abducunt, cui vni tanquam ſoli veritatis co¬

524 1598 868 63 lumnæ eſt acquieſcendum: quod plus eſt, quàm

522 1646 867 68 nos adhuc veritatis ignaros decipere, & in erro¬

518 1690 272 62 re confirmare.

564 1742 822 80 Ex parte autem auditorum cauſa quoque no¬

1306 1797 84 72 tata
