1500 2172
346 158 262 42 CAPVT V.

854 132 84 76 404

69 182 868 82 ſunt, atque adeò valent ad eum finem, ad quem

70 240 867 70 Deus dedit illa. Itaque vti ingratitudo Iudęorum

70 290 864 70 non aboleuit ſignum fœderis nempe circunciſio

68 339 866 69 nẽ: ſic neque improbitas parentum efficit quò

72 387 864 69 minus liberi ex fœdere in populo Dei cenſean¬

68 435 868 70 tur. Particularisquidem effectus donorum Dei in

68 482 870 72 ipſis improbis nullus eſt, generalis autem effe¬

68 532 864 72 ctus eorundem manet propter baptiſmum & fœ

69 602 862 44 dus Der, vt propterea non ſint omnino cum in¬

68 628 864 74 fidelibus exæquandi, nec debeant eorum liberi à

68 711 308 32 Dapillllo atceil

132 752 801 78 9 Vidua allegatur non minor annis ſe¬

64 810 728 76 xaginta, quæ fuerit vnius viri vxor.

98 872 832 78 Τάξις. Ingreſſus enim Paulus diſputationem

68 926 862 70 de viduis, quæ ab eccleſia aluntur, canonem ad¬

68 972 860 69 dit de iiſdem valde neceſſarium, maximè pro ra¬

64 1023 862 72 tione & illius temporis, & huius quod poſtea ſub

63 1068 862 74 ſecutum eſt. Nam noſtro hoc ſeculo in omnibus

64 1119 862 74 reformatis eccleſiis ceſſat huius canonis & præ¬

62 1170 866 69 cepti vſus. Ex quo apparet, quæ ad particularem

62 1220 866 69 eccleſiæ politiã pertinent & pro ratione tantùm

58 1270 866 68 temporum aut locorum aut perſonarum conſti¬

58 1317 867 72 tuta & recepta ſunt, ea non eſſe perpetua:ſed pro

62 1366 862 64 diuer ſa temporum, locorum, perſonarum &c.cir

66 1419 856 62 conſtantia mutari poſſe: quemadmodum etiã ex

60 1460 862 74 iis apparet, quę à prima ſynodo Hieroſolymita¬

58 1510 864 68 na, quæ ab Apoſtolis habita eſt, decreta ſunt A¬

56 1558 868 69 ctor.15. Neque enim illa ſemper fuerũt obſerua¬

54 1608 867 69 ta, quod in eo cernitur, quod de ſuffocato conſti¬

56 1654 862 74 tutum eſt. Illud enim prorſus hodie & ceſſat &

58 1702 261 62 ſublatum eſt.

94 1752 820 84 Hic igitur canon de Viduis à Paulo ſancitur,
