1500 2172
555 140 99 36 741

716 120 560 48 AD f. TAVL. AD TIM.

549 165 864 60 cleſia quidam tales exiſterent. Præſertim autem

549 214 862 63 in amplis & opulentis ciuitatibus ſæpe id acci¬

548 266 860 60 dere & cerniſolet. Hoc autem & ipſis diuitibus

548 314 862 57 exitioſum eſt: & cæteris in Dei Eccleſia præbet

546 362 862 63 offendiculum. Cui malo remedium afferendum

548 411 860 60 fuit. Atque tale quid iam tunc in Epheſina Ec¬

544 471 864 52 cieila coneigme, veriime mit ex eo ſit, quòd

544 512 862 66 non fruſtra has præceptiones de diuitijs repetit

546 556 156 58 Paulus.

596 603 812 62 Secunda verò huius regreſſionis cauſa eſt, ne,

543 654 864 63 cùm ſuperioribus verſiculis tã acerbè in diuitiarũ

543 706 862 58 appetitum inuectus eſſet, diuites Chriſtiani o¬

543 752 864 58 mni ſpe & ſalutis, & bene vtendi ſuis diuitijs ſe

542 801 866 56 deſtitutos eſſe ſtatuerent & quererentur. Itaque

542 850 864 56 eas abiicerent, tanquam omnino cum Chriſtia¬

540 898 864 63 ni nominis profeſſione pugnantes & ὀσυζύγος,

538 946 870 60 Deóque exoſas. Neque enim ſuprà diuitias per¬

536 996 873 58 ſe damnauit Paulus, quemadmodum rectè Au¬

542 1044 864 57 guſtinus ſcribit: ſed diuitiarum morbum: neque

540 1096 866 57 præcipit Paulus diuitibus, vt ſuas diuitias abiici¬

537 1142 866 62 ant, quod inſanus ille Antiſthenes philoſophus

537 1191 864 63 & poſt eum Ariſtippus fecit: ſed vt ijs benè vtan¬

537 1240 866 60 tur, tum ad Dei gloriam: tum ad ſuam ipſorum

537 1292 867 62 ſalutem, & proximorum commodum & ædifica¬

534 1338 867 63 tionem. Hæc igitur cauſa eſt repetitæ huius ex¬

536 1388 866 62 hortationis, vt hoc tam neceſſario præcepto, tã¬

540 1434 864 60 quam præclaro colophone & fine, totam hanc

537 1480 646 62 epiſtolam tandem clauderet Paulus.

564 1527 838 66 Ergo quid hæc præceptio contineat ſigillatim

532 1580 874 56 nobis expendendum eſt. Duo verò obſeruemus

531 1628 873 57 hoc loco, & Quibus præcipiat, & Quid præci¬

532 1677 872 62 piat. Præcipit igitur Paulus diuitibus, & ijs qui¬

534 1725 870 75 dem, qui in hoc ſeculo diuites ſunt. Quæ verba

1326 1778 75 66 ſuo
