1500 2172
864 111 84 74 602

358 142 261 30 CAEVT V.

82 166 866 68 & animarum ſalutem, quam adimit obſtinato:

84 222 862 58 non eſt autem pœna politica, vt quidam putant.

92 264 855 63 Vti enim diſtincta eſt iuriſdictio ciuilis, & Eccle¬

86 314 862 63 ſiaſtica:ita ſunt diuerſi vtriuſque fines, pœnæ di¬

86 369 864 57 uerſæ, & effectus diuerſi. Ciuilis enim iuriſdictio

86 417 864 57 in corpus aut bona hæc terrena exercetur: Eccle¬

84 477 866 46 haitieu m aninamiue comerenciam, & in bona

86 512 861 64 æterna, quibus nos priuat. Itaque à paſtoribus

86 556 603 66 infligitur, non à ciuili magiſtratu.

134 609 818 54 Hominum autem ratione priuat excommuni¬

86 663 867 52 catio excommunicatum non omnium quidem

84 702 868 63 hominum: ſed Fidelium tantùm & Chriſtiano¬

81 753 870 57 rum communione. In quo quæritur, quanam cõ¬

84 800 862 60 munione Fidelium, vtrum omni prorſus com¬

86 850 864 56 munione cum Fidelibus: an certarum tantùm

82 898 867 57 rerum & bonorum cum ijs participatione & vſu

82 944 864 58 communi. Reſpondẽt Scholaſtici maiorem ex¬

84 999 864 56 communicationem priuare excommunieatũ o¬

82 1042 864 58 mni licita cõmunione cũ Fidelibus, ſiue in bonis

81 1092 866 56 ſpiritualibus, ſiue corporalibus, terrenis, & ciuili¬

82 1143 864 52 bus. Nos in vniuerſum ſtatuimus, excommunica¬

82 1194 864 58 tionem legitimam arcere per ſe excommunica¬

82 1239 866 60 tum ab omnibus ſpiritualibus & communibus

84 1288 867 60 bonis, quæ Dominus ſuæ Eccleſiæ, id eſt, omni¬

82 1335 866 63 bus Fidelibus largitus eſt. Cùm enim excommu¬

82 1384 866 62 nicati extra Dei Eccleſiam eiecti ſint, non ſunt ijs

82 1432 866 63 magis, quàm canibus & porcis danda illa bona,

86 1484 864 58 quæ Dominus ſuorum filiorum propria & pecu¬

84 1524 866 66 liaria eſſe vult, illíſque ſolis reſeruata, iuxta dictũ

84 1578 864 62 Chriſti. Non ſunt margaritæ obiiciendæ porcis:

82 1623 866 66 itémque illud, Non eſt bonum dare panem filio¬

81 1671 868 68 rum canibus Match.15. verſ.26.7. verſ.6. Alijs autẽ

82 1724 866 68 donis, quæ non ſunt generaliter omnibus veris &

690 1770 80 75 C.j.
