1500 2172
579 147 57 38 795

722 114 561 62 AD f. PAVET AD TIM

561 160 870 75 Et hac ratione fuit æquè vtrique redemptio ſol¬

564 214 867 69 uens illum hominem, & ſeruans iſtum angelum.

567 261 864 76 Liquet ergo ſanctis angelis Chriſtum Dominũ

556 312 874 75 fuiſſe redemptionem, ſicut iuſtitiam, ſicut ſapien

561 362 872 75 tiam, ſicut ſanctificationem. Hæc Bernard. Au¬

564 410 867 76 guſti in Enchirid. ad Laurentium cap. 28. idem

566 474 130 56 ſentit.

614 506 819 74 Ac de obteſtatione quidem hæc dicta ſunt. Vi

566 560 867 70 deamus iam, à quibus vitiis paſtori iudicium ec¬

566 604 867 78 cleſiaſticum exercenti ſit cauendum, atque fu¬

572 669 188 60 giendum.

567 700 873 72 Duo autem ſunt nimirũ. 1. Prælatio perſonarum

567 752 864 76 propter ipſarum dignitatem 2 Temeritas, prop¬

567 801 868 69 ter iudicãtis affectum. Neminem enim propter

567 848 870 76 dignitatem excuſari debere cenſet Paulus. Ne¬

567 896 868 75 minem etiam propter affectum iudicis præcipi¬

567 944 868 74 tanter, & inconſideratè damnandum eſſe vult.

570 994 867 75 Quæ duplex ratio magnos in Iudicando erro¬

567 1042 870 75 res inducit, ex quibus tandem euertitur eccle¬

567 1092 867 75 ſia. Cauſſæ igitur propter quas peruertuntur

568 1138 868 70 iudicia ſunt in nobis: vel in illis ipſis, de quibus

568 1188 870 75 iudicamus, à nobis quæruntur. Vocem Προκρίμα¬

573 1240 864 74 τος ad præiudicia illa referunt, per quæ non per¬

572 1287 868 72 ſona: ſed cauſa potius Presbyteri, qui iudicandus

572 1340 867 70 eſt, vel grauatur, vel leuatur, id eſt, antequam

572 1383 866 74 cognitũ ſit à nobis de eo ( de cuius cauſa agitur)

573 1432 867 74 iam animi quadam præcipiti ſententia domi cõ¬

573 1482 867 72 cepta definitum eſt. πρόσκλισιν autem eam eſſe vo¬

573 1530 868 74 lunt in iudicando rationem, quę leges ordinarias

574 1581 866 69 & ſtatutas prætermittit, vt faueat illi, de quo agi¬

574 1630 870 66 tur. Sed Græcæ vocis ſignificatio non patitur

576 1677 867 70 hanc interpretationem, potiúſque ſequenda no¬

574 1724 870 84 bis eſt D. Bezæ explicatio. Vtcunque Paulus

1359 1778 86 52 non
