1500 2172
856 117 51 80 622

368 153 284 32 CAPVT VI.

51 172 862 74 & quantum ab hominibus obſeruari poſſunt, pa¬

50 228 866 68 reant, & ſibi præpoſitos honorent ſerui, & ſub¬

52 300 862 45 ditn.ſed ryneere, & ex animo id racſat. Nam õpbαA¬

50 326 654 64 μοδολύα à Paulo vbique damnatur.

102 372 813 70 Quod autem ait, omni honore dignos eſſe domi¬

50 423 864 69 nos, hanc exceptionem habet, etiam ipſol Paulo

48 470 861 72 teſte & interprete Epheſ.6.v.6. Ne vltra ea, quæ

50 519 864 70 Deus tribui dominis vult, ſerui pareant. In Do¬

50 567 864 64 mino enim obſequendum eſt illis, id eſt, eatenus

52 616 861 69 quatenus Deus ipſe ius ſuum tum in ſeruos, tum

48 687 867 46 ail fubuitos incegrum & totui retmet; & non of¬

45 714 866 68 fenditur: non autem omnino ſimpliciter & ἀπλῶς

50 762 862 74 quicquid domini aut magiſtratus iuſſerint, ſta¬

46 813 729 57 tim eſt præſtandum atque exequendum.

94 858 816 70 Addita denique ratio eſt, quòd niſi dominis

44 906 867 68 ſuis ſerui paruerint etiam infidelibus, Dei nomen

44 954 866 69 & doctrina blasphematur. Hæc ratio ducta eſt à

42 1006 867 70 contrario eius finis, propter quem ſanctum Dei

39 1056 867 66 nomen ſuper nos inuocatur, & Chriſtianam re¬

40 1104 866 74 ligionem profitemur. Eſt enim, vt per nos, &

42 1156 864 64 propter nos Dei Nomen, & Doctrina benè au¬

42 1209 864 62 diat, propagetur, & glorificetur, ídque inter o¬

42 1252 864 68 mnes homines. Nos enim in ſuum populum pe¬

40 1296 862 75 culiariter adoptauit Deus propter ſuam gloriam

39 1348 866 68 non vt ipſe blaſphemetur ſiue à nobis, ſiue pro¬

40 1395 861 68 pter nos ab alijs. Quod cùm fit, grauiſſimè con¬

42 1444 674 68 queritur Iſai.51.verſ.5.Rom.2.verſ.24.

86 1490 816 70 Nomen Dei eſt ipſius gloria, maieſtas, ſapien¬

38 1540 862 69 tia, & tanquam diuina ipſa eſſentia. Doctrina

36 1588 866 70 Dei eſt illa cognitio, quam de ſe patefecit per

36 1640 864 69 verbum ſuum, quam nos profitemur. Ergo vtrun¬

39 1690 858 68 que in calumniam rapitur ab improbis, cùm nõ

36 1734 861 92 facimus officium, ſed refractarij, improbi, & àre
