1500 2172
837 135 76 64 692

314 160 296 38 CAPVT VI.

44 183 872 75 ſtat. Sic enim Athanaſius in ſuo Symbolo appel¬

46 246 868 66 lat. Eſt enim verus Deus: & verus homo, atque

48 291 870 66 vtrunque quidem vna perſona eſt. Vnde & ab

50 339 870 68 Auguſtino, & à Bernardo, HomoDeus vnica

52 388 867 68 voce appellatur: & à Græcis Theologis θεάνSpω¬

50 435 872 64 πις. Nec enim ſic Deum ſuſcepit homo Chriſtus

54 486 867 68 vt reliqui homines ſuſcipiunt. Nam alios homi¬

52 543 870 58 nes Deus regit tantum, hunc autem etiam gerit,

56 584 864 63 quemadmodum loquitur Auguſtinus de Agone

57 638 348 57 Chriſtiano cap.20.

102 674 826 74 Sed ſectare ] Αντιθεσις eſt, vt & quibus potiſsimũ

56 728 874 68 ſtudijs incumbere: & quas maximè diuitias com¬

58 778 870 62 parare debeant fideles omnes, imprimis autem

58 826 870 68 Eccleſiæ paſtores, intelligamus. Ex vtrorúmque

58 876 870 64 autem ſtudij, auarorum dico & paſtorum, colla¬

60 922 867 69 tione facilè iam animaduerti poteſt, quàm lon¬

68 974 864 68 gè paſtorum & ſtudia & opes, auarorum &

62 1020 864 69 ſtudijs & opibus præſtent, & ſint anteferendæ.

68 1071 864 63 Varias autem virtutes enumerat Paolus, vt vi¬

64 1116 867 69 deant pij paſtores habere ſe, in quibus ſe ſtrenuè

66 1167 866 66 exerceant, vt & inſanas omnes occupationes fu¬

68 1215 867 70 giant, & curioſas eorum quæſtiones, quos antea

68 1270 432 57 damnauit verſ.4.vitent.

114 1308 824 68 Dicit autem Αιώκες perſequere, ſectare, id eſt.

68 1364 870 60 ſummo ſtudio & animi conatu incumbe, quę vox

72 1412 867 66 tum opponitur ſuperiori το φεῦγε: tum etiam o¬

70 1458 867 66 ſtendit non eſſe nobis fathiſcendum neque defa¬

74 1504 870 68 tigandum, ſed perſeuerandum conſtanter, alacri¬

74 1554 870 69 ter & acriter in harum virtutum progreſſu faciẽ¬

75 1605 868 64 do. Non omnes autem virtutes recenſet Paulus,

78 1652 867 74 quæ ſunt vel paſtori neceſſariæ: vel quæ auaritiæ

75 1704 873 66 & curioſitati opponuntur (eſſent enim omnes

81 1754 868 74 commemorandæ, cùm ſit omnium vitiorum ra¬
