1500 2172
417 153 254 32 CARVT V.

903 108 15 82 416

102 166 873 78 deſierit. Reſp. non eſſe ex mente Pauli eligendã

98 231 872 66 ſexagenariam, quæ adhuc vxor manet, quia de vi¬

99 280 870 63 duis loquitur Paul': & variis illis muneribus & cu

98 327 870 68 ris nimiũ illa diſtraheretur, ſi iam alligata ſit viro

98 378 867 64 ſuo: & tamen cura etiam pauperum illi ſit ge¬

96 426 870 66 renda. Vtrique enim oneri ac curæ vna ſatis eſſe

98 474 861 66 non poteſt. Nam quæ nupta eſt, inquit Paulus,

94 524 868 66 curat ea, quæ ſunt mundi, & quomodo placitura

93 572 870 62 ſit viro 1.Corinth.7.verſ. 34. Ergo ea, quæ funt

94 621 873 66 Dei & pauperum, liberè, quemadmodum Diaco

93 670 870 57 niſſam decet iam curare aut adminiſtrare nõ po¬

92 716 870 62 teſt. Alia verò & diuerſa eſt ratio viri & epiſcopis

92 771 870 62 qui quanquam cùm eſt maritus, curat, quomodo

88 828 872 52 ſit vxori placiturus. 1.Corint.7.ver.31. tamen non

88 866 872 63 perinde in ea cura ſubiicitur vxori, quemadmodũ

92 912 864 69 vxor viro. Itaque manens maritus, munus eccle¬

86 962 578 66 ſiaſticum gerere ac obire poteſt.

146 1026 812 75 to In operibus bonis idonec teſtimanió

86 1080 870 80 ornata, ſi liberos educauit, ſi fuit hoſpitalis,

86 1140 868 75 ſi ſanctorum pedes lauit, ſi afflictis ſubuenit

84 1200 768 72 ſi omne bonum opus eſt aſsidüé ſectata.

129 1262 822 74 Αύξησις Amplificat enim ornamenta futuræ &

82 1316 868 66 eligendæ Diaconiſſæ, quòd eam publica voce to¬

82 1364 867 64 tius eccleſiæ & aliorum etiam extraneorum ho¬

81 1407 870 70 minum, qui à fide Chriſti ſunt alieni, conſenſu

81 1461 868 64 vult habere idoneum teſtimonium & probitatis,

80 1510 870 64 & charitatis, & beneficentiæ, & curæ & diligen¬

81 1558 860 69 tię Hoc idem ſupra in Epiſcopis requirebat cap.

87 1614 860 58 3verſ.7. ex quo apparet quanti ſit momenti pu¬

81 1654 868 68 blica illa fama & opinio de nobis cõcepta, modò

78 1712 867 54 non temere, ſed idoneis argumentis & teſtibuz

75 1752 868 81 fulta ſpargatur. Eſt enim velut quidam odor?

712 1804 87 70 fuij
