1500 2172
888 141 62 63 638

354 156 280 28 CANVT VI.

98 178 826 76 qui ea docet. Hoc primum eſt ἀντίθέσιως caput.

147 232 806 64 Secundum autem, rationes varias complecti¬

94 284 858 68 tur, propter quas huiuſmodi homines, & meri¬

93 332 858 64 tò quidem, damnandi ſunt: & tam grauiter, vt

93 378 856 70 quidem excommunicentur, quemadmodũ poſt¬

92 429 858 63 ea apparebit. Quas autem rationes affert Paulus,

93 476 856 63 vidẽtur omnes eæ ex tribus locis ſumptæ nimirũ

92 524 861 68 ex. I Veræ doctrinæ & falſæ epithetis & diffe¬

87 572 866 68 rentia. 2 Cauſarum, à quibus falſa doctrina e¬

86 622 868 68 manat, deſcriptiont, voriplæ uocentium perſonæ

86 669 866 68 depinguntur à Paulo. 3 Effectorum falſæ i¬

82 718 867 72 pſius doctrinæ (quæ quidem ſunt teterrima &

81 768 444 63 peſſima) enumeratione.

129 814 820 70 Ergo ad primi loci argumenta pertinet, quod

81 884 862 48 Pauius verau doctimam vocat Euangelicam,

80 914 864 64 ſanos ſermones, & doctrinam pietatis: falſam au¬

75 958 866 64 tem doctrinam contr à nominat inſaniam, igno¬

75 1010 868 68 rantiam, verborum pugnas, & peruerſas exerci¬

75 1084 735 38 cationes nue peitheras ainii attiitlones.

117 1106 820 69 Ad ſecundum locum referuntur eæ voces, quę

75 1155 864 66 veriſsimas falſæ doctrinæ cudendæ cauſas conti¬

69 1206 868 64 nent, quales ſunt hæ inflatus est. Sunt homines

69 1257 868 63 mente corrupti, veritate priuati, auari & pieta¬

68 1300 549 63 tem in quæſtum conuertentes.

106 1350 831 63 Ad tertij loci argumenta reduco omnia effe¬

66 1398 872 66 cta, quæ ex huiuſmodi praua doctrina conſequi

63 1444 870 68 docet Paulus, qualis eſt inuidia, maledicentia, lis,

63 1496 873 63 ſuperſtitio mala, &c. quæ varijs in locis enume¬

58 1545 876 66 rantur. Quæ omnia eò magis annotaſſe operæ¬

60 1592 872 68 pretiũ eſt, quòd Satan matæologiam ijs nunc ti¬

57 1641 876 64 tulis ornauit, atq; tã ſplendidis nominibus deco¬

57 1689 874 66 rauit, vt nihil ſimile ijs omnibus, quæ Paulus re¬

57 1738 870 81 cẽſet, habere videatur: ſed ita perſtringit hominũ
