1500 2172
748 134 552 52 AD I. PAVL. AD TIM.

573 158 82 39 381

566 177 862 70 ligunt fuiſſe ſcriptam hanc epiſtolam, cùm Pau¬

561 234 867 62 lus in Syriam poſtremum venturus eſſet, non vi¬

561 291 868 57 deo nauere lacio hihum argumentum & funda¬

561 334 190 60 mentum.

614 381 816 78 14 Ne negligito donum quod in te est:

561 456 870 70 quod datum eſt tibi ad prophetandum, cum

560 512 651 69 impoſitio ne manuum presbyterij.

612 567 825 72 Secunda exhortatio ab officio vel fine donorũ

561 622 870 64 Dei, quam amplificat etiam à circunſtantia, eáq;

564 669 873 69 duplici nempe à Doni Dei excellentia, quo præ¬

564 718 870 69 ditus erat Timotheus, & Prophetia quæ de Ti¬

562 770 874 64 motheo præceſſerat, quod vtrunque delebit &

562 814 874 68 deturpabit Timotheus, niſi ſuo muneri diligen¬

561 864 879 66 ter operam nauet & impẽdat. Eodem verò mo¬

562 910 879 68 do debet quiſque animaduertere, quæ à Deo do¬

562 962 878 64 na peculiaria acceperit, ne apud ipſum otioſa &

564 1008 878 64 infructuofa lateant, aut inutilia maneant, & de¬

564 1059 873 63 foſſa: ſed vt illa in Eccleſiæ vſum communem,

564 1104 876 74 propter quem illa talenta data ſunt à Domino,

570 1164 243 51 conferantur.

616 1203 790 63 Similis locus Matth.25.verſ.14.1. Pet. 4.V.1o.

624 1252 819 63 Quò autem maiora ſunt Dei dona erga nos,

567 1298 878 68 eò diligentiores in cæteris lucrandis eſſe debe¬

568 1346 874 68 mus, ne illa apud nos otioſa iaceant, vel rubigi¬

570 1398 873 70 nem contrahant. Nam cum fœnore à Deo repe¬

573 1461 147 48 tentur.

618 1488 830 72 De Prophetia autem, quæ de Timotheo præ¬

572 1540 878 64 ceſſit, quod dicit hoc loco Paulus, etſi quidam ſic

573 1592 878 66 explicant, quaſi finis illius Dei doni oſtendatur:

573 1636 874 70 nõ autem vlla inſignis prædictio' Dei & teſtimo¬

573 1684 879 74 nium de futuris! in Timotheo donis antegreſſa

576 1736 876 86 ſit:ta men malo accipere:vti ſupra 1.verſ.18. & 2.

1292 1782 159 66 Timoth.
