1500 2172
706 138 584 58 AD I. PAVL. AD TIM.

550 160 116 42 264

543 186 772 74 Deus humana luſtrn ſub imagine terras.

546 234 868 74 Sed per vnionẽ hypoſtaticã per quam vniuit ſibi,

544 288 878 64 id eſt diuinæ ſuæ naturæ humanã naturam, vt fie¬

544 334 873 69 ret vnum & idem ύφιςάμενον, qui eſſet verus Deus,

548 388 872 62 & verus homo. Diuina quidem natura non eſt

548 430 878 72 humana dicenda: ſed quia illa vtraque natura di¬

548 482 868 70 uina, nempe & humana, vnica tãtùm perſona eſt,

549 531 867 68 idcirco idem dicitur & Deus & homo, & homo

549 579 866 72 ille qui apparuit nobis dicitur eſſe Deus. Quare

549 628 868 70 cùm fuerit Deus, Deus in carne nobis eſt mani¬

549 684 172 52 feſtatus.

590 723 825 72 Modum autem addidit Paulus per quem id fa¬

549 777 864 63 ctum eſt. in carne, id eſt, per humanam naturam,

548 824 866 68 quam verbum aſſumpſit Ioan.1.verſ.14. Hebr. 2.

549 874 866 63 verſ.16. Quare idem ipſe Chriſtus air, Qui me

549 918 868 72 videt, videt & Patrem Ioann.14.v.9. Hoc ipſum

548 968 867 69 etiam explicat Ioan.1. Epiſt.1.verſ.1.2.3. Quod e¬

546 1017 873 69 nim erat per ſe æternum, inuiſibile & à principio

546 1065 870 74 aſſumpſit eam naturã, quæ videri, tangi, palparí¬

549 1114 868 70 ue potuit, per quã factus eſt Deus nobis quodã¬

548 1164 874 72 modo propter vnionem hypoſtaticam conſpi¬

548 1214 870 62 cuus & viſibilis, non conuerſione diuinæ naturæ:

546 1260 873 70 ſed aſſumptione humanæ, & vnione cum diuina,

549 1312 867 68 quæ vtraque in vnam perſonam Chriſti coaluit.

549 1359 867 69 Ergo carnis vox hîc nõ vitioſitatem illam (quam

549 1408 866 63 natiuam habemus) ſignificat: ſed humanam natu¬

548 1461 868 63 ram & eſſentiam totam & veram, quatenus cor¬

549 1514 866 58 pore & animo illa conſtat: non autem quæ tan¬

549 1552 867 69 tùm corpore conſtat, ne in errorem Apollinari¬

552 1604 392 62 ſtarum incidamus.

982 1620 26 39 16

591 1647 822 63 Aſſumpta verò eſt hæc caro ſiue humana na¬

546 1698 868 64 tura in vnionem verbi hypoſtaticam, vt in per¬

546 1746 868 80 petuum illi maneret in poſterũ coniuncta. Quare

1292 1802 126 70 neque
