1500 2172
720 134 579 56 AD I. PAVL. AD TIM.

567 154 116 42 306

564 178 866 70 dit Paul. Eſt autem hæc altera pars Pia, & religio¬

562 234 867 64 ſa vita. Neque enim paſtores tantùm ſanam do¬

562 280 868 63 ctrinam tradere debent, ſed etiam vitæ ſuæ ho¬

562 333 867 63 neſto exemplo eam confirmare, & cæteris prælu¬

564 380 864 64 cere. Quemadmodũ & Chriſtus ipſe Matt.5.V.13.

562 428 866 60 & Petrus 1. Pet. 3.V.2.3. docent. Ratio igitur huius

566 476 866 64 additionis duplex eſt. Prima, quòd Miniſtri verbi

561 526 867 58 Dei cæterorũ cõparatione eſſe debent lux mun¬

561 573 870 57 di, & lucidũ exemplar ſanctæ vitæ non tantùm

562 621 868 68 fidelibus, ſed etiã ipſis infidelibus, vt docet inf.v.

562 670 867 63 Paul.12. & Tit.2.v.7. Secunda verò, quòd doctri¬

560 718 873 70 næ ſuę fidẽ illi derogãt, qui ſunt turpis, & inhone¬

561 768 870 66 ſtæ vitæ paſtores. Si quis enim docet non eſſe fu¬

558 819 873 63 randũ & ipſe furetur, eleuat ſuæ præceptioni vim

556 866 878 64 & authoritatem, quemadmodum ait Paul. Rom.

560 914 872 63 2. Contrà verò ipſa ſuæ doctrinæ praxi & præ¬

560 960 872 68 ſtatione conſtanti cæteros in ea doctrina confir¬

558 1011 878 68 mut Caueliuom igitur nobis eſt, ne prædican¬

560 1058 872 66 tes alijs ipſi reprobemur, nobíſque verè obiicia¬

558 1112 873 60 tur illud, quod Chriſtus Phariſæis, Dicunt, ſed nõ

560 1154 873 64 faciunt 1.Corinth.9.v.27. Matt.23.verſ.3. Pulchra

561 1204 873 66 igitur eſt harmonia rectè docentis & ſanctè vi¬

561 1256 468 58 uentis Miniſtri verbi Dei.

610 1299 824 69 Similis huic locus eſt 2. Timoth. 2.verſ.15.Tit.

564 1354 164 56 2.verſ.7.

610 1390 824 66 Diſsimiles verò loci afferri vidẽtur poſſe. Pri¬

561 1444 874 66 mum dictum Chriſti Math. 23. verſ.1. Etſi enim

561 1497 876 57 erant Phariſæi moribus impuris, eorum tamen

562 1544 874 57 ſanam doctrinam ſequendam & retinendam eſſe

561 1592 876 64 docet Chriſtus. Reſpond. Gregis quidem ratio¬

561 1641 876 62 ne illa Chriſti ſententia vera eſt, eorum nempe

562 1689 874 63 paſtorum doctrinam eſſe amplectendam: qui à

566 1737 873 78 veritate non diſcedunt. Sed tamen illi ipſi ſi malè

1286 1785 154 74 vixerint
