1500 2172
906 153 20 62 4

376 166 261 36 CAPVT V.

93 195 868 69 non eſt iam in his terris, neque in medio noſtri

93 249 868 66 verſatur ſiue viſibilis, ſiue inuiſibilis præſentie, vt

88 300 868 63 noſtras actiones oculis cernat, modo: ſed tantùm

93 348 866 64 quà Deus eſt & omnia hęc inferiora videt. Rectè

92 394 866 66 tamẽ Ieſus Chriſtus dicitur teſtis omnium actio

92 446 866 68 num noſtrarum, quia ille Deus & homo, eſt vnica

88 494 868 66 tantùm perſona, quæ hypoſtatica vnione vtra¬

88 543 870 66 que illa natura conſtat. Neque hîc curioſè diſ¬

92 591 866 63 putandum eſt, Vtrum humana Chriſti natura,

90 640 866 62 quæ in cœlos euecta eſt, omnia, quæ hîc in terris

86 690 870 62 geruntur, ex ſeſe ſciat. Quanquam enim ſupra

86 740 870 62 omnes angelos dignitate! eſt euecta, tamen illa

82 788 873 60 non eſt in deitatem mutata, vel deificata. De ſo¬

84 834 870 57 lo Deo dicitur illum, quæ hîc fiunt, omnia noſſe

81 882 872 64 & videre: quanquam Chriſtum, qui homo eſt ad

84 942 861 52 Dei dexteram exaltatus, non tantùm ea ſcire, quę

80 980 870 64 angeli, fatemur: ſed omnia, quę ad eccleſię ſuæ ad¬

81 1026 866 66 miniſtrationẽ, totiúſq; huius mundi curã quam à

82 1074 864 69 patre acceptã habet, pertinẽt & ſpectãt, habere

80 1128 326 60 nota & perſpecta.

123 1173 820 64 Addit, electis Angelis. Primũ electos vocat, vt

76 1222 867 66 eos diſtinguat à malis Angelis qui vulgò dicũtur,

74 1272 873 60 & qui à Chriſto Angeli Diaboli, id eſt, maledicti

74 1322 866 66 nominantur in Math.25. verſ. 41. deinde docet, ꝙ

74 1370 870 68 hi ipſi angeli propter cuſtodiam fidelium ſibi à

75 1419 868 63 Deo demandatam interſint eccleſiæ cœtibus, &

72 1466 870 66 actionibus eccleſiaſticis, tanquam teſtes & ſpe¬

74 1518 867 62 ctatores paſtorum negligentiæ vel temeritatis:

70 1563 870 66 vel perfidiæ, ſi quam admittant. Meritò igitur ter

69 1612 872 63 tio loco citantur. Sunt enim ſpiritus Miniſtrato¬

68 1659 873 66 rij, qui ad ſubſidium fidelium & piorum à Deo

66 1712 878 60 mittuntur. Itaque actiones noſtras norunt. Inci¬

64 1758 872 78 dunt autem in hunc locũ variæ quæſtiones, quas
