1500 2172
584 148 82 42 J8.

728 124 574 56 AD I. TAVL. AD TIM.

624 172 813 69 Quæritur, Quid ſi ea res, propter quam quis

579 225 858 68 reprehenditur, verbo Dei non eſt expreſſè dã¬

572 274 866 64 nata & definita, Vtrum perſeuerans in ea excom¬

573 324 862 63 municari poſſit, velut propter veſtitum nimis

573 374 864 57 ſumptuoſum, nimias menſæ lautitias. Reſpond.

574 423 864 60 Cùm rebellio ſit excommunicationis cauſa, re¬

573 468 866 68 bellio autem eſſe non poſſit, ſi in nulla re Dei

573 519 867 64 præceptum violetur, certè quando illud quod

573 567 864 64 facimus, & quomodo facimus, lege Dei non eſt

574 618 867 62 vetitum, ex eo neque offendiculum, neque iuſta

573 668 864 57 reprehenſio naſcitur, neque etiam excommuni¬

570 711 867 62 catio fieri vlla debet vel poteſt. Sed quoniam in

573 762 862 64 tota vita noſtra ex Dei verbo, Dei & proximi

568 810 867 66 ratio eſt habenda, ſiue in re ipſa quam facimus,

567 867 872 57 nue mmouo, quo quie germaspoteſt dupliciter

566 906 872 60 ànobis peccari, vt in eo peccato noſtro obſtinatè

568 956 870 62 & cõtumaciter perſeuerantes poſſumus excom¬

568 1004 867 68 municari, tamen temeraria Eccleſiæ iudicia eſſe

572 1054 231 57 non debent.

604 1101 834 64 Quartùm autẽ quæritur, quomodo excõmuni¬

568 1150 872 64 catio fieri debeat. Primùm vtrum Voce ipſa, an

568 1203 874 62 potius ex Scripto. Deinde qua verborum forma.

572 1250 866 58 Ac quidem videntur ex ſcripto excommunicati

570 1296 868 68 ij, de quibus agit in 2. Theſſ.3. Paulus, non autem

573 1347 864 63 viua voce. Ait enim, notate per Epistolam. Et for¬

568 1394 879 66 taſſe ad euitandam excommunicatorum inuidiã

568 1440 867 64 & odium hoc prodeſt. Sed contrà vſus Eccleſiæ

573 1492 866 56 obtinuit. Fieri enim vina voce ſolet: ſcripto ta¬

572 1538 867 66 mẽ poteſt. Vtcunque ea poſtea debet alijs inno¬

570 1587 870 66 teſcere, quorum intererit ſcire. Et hoc ſibi vult

570 1634 867 64 in 2. Theſſaloniſ. Paulus, Sic autem, ſiue verbis ſi¬

573 1684 864 68 ue ſcripto fiat, concipienda eſt, vt & perſona ipſa

573 1732 866 81 excommunicanda: & factum, propter quod eiici¬

1374 1788 68 56 tur
