1500 2172
338 148 261 30 CARVI V..

56 190 728 52 paſtor eligitur, Eccleſiæ vniuerſæ detur.

846 123 78 75 524

105 228 822 66 Ergo peſſimè faciunt, qui plebem quam vocãt

56 274 870 70 ab omni ſuffragio in Eccleſiaſticarum dignitatũ

57 327 868 60 electionibus ferendo repellunt & ſemouent, tan¬

58 381 866 62 quam non ſit & ipſa plebs pars Eccleſiæ Dei, eá¬

62 426 268 54 que maxima.

429 434 84 48 6

102 468 824 66 Peſſimè quoque hallucinantur qui non diſtin¬

57 519 870 66 gunt quæ ſint Preſbyterij, quæ autem plebis, in

54 567 874 66 electionibus iſtis partes: ſed quod eſt illius, iſti

54 616 872 66 tribuunt, inducentes in Eccleſiã Dei magnam o¬

54 666 876 62 mnino confuſionem. Præclarè enim Ambroſius

54 714 872 63 in lib. de Sacerdot. dignitate cap.3. Aliud eſt, ait,

56 764 872 63 quod ab Epiſcopo requirit Dominus: aliud quod

52 812 872 60 à plebe. Idem Chryſoſt. in libro3. de Sacerdotio

51 860 873 62 infra medium. Idem quoque Bernard.ſermo 49.

54 909 872 60 Cant. cuius ætate iam hæc perturbata & popula¬

51 956 874 63 ris in electione ordinandorum ratio, à quibuſdã

54 1004 873 64 videtur fuiſſe inuecta. Ordinauit me in charita¬

52 1053 873 63 tem, ait. Factum autem eſt hoc cùm in Eccleſia

56 1101 870 68 quoſdam quidem dedit Apoſtolos, quoſdã Pro¬

54 1154 872 62 phetas, alios Euangeliſtas, &c. Oportet autẽ vt

52 1203 870 60 hos vnâ omnes charitas liget & contemperet in

56 1251 870 60 vnitatem corporis Chriſti. Quod minimè omni¬

51 1296 872 64 no facere potuerit, ſi ipſa non fuerit ordinata.

56 1359 866 52 Nam ſi ſuo quiſque feratur impetu ſecundum

51 1395 868 63 ſpiritum, quem accepit: & ad quæque volet, in¬

54 1446 874 60 differenter, prout afficitur, & non rationis iudi¬

52 1492 870 60 cio conuolarit, dum ſibi aſſignato officio nemo

56 1542 868 58 contentus erit, ſed omnes omnia indiſcreta ad¬

52 1590 867 62 miniſtratione attentabunt, uon planè vnitas erit,

56 1638 676 63 ſed magis confuſio. Hæc Bernardus.

102 1684 819 63 Sic igitur tota hæc res eſt diſtinguenda, vt in

56 1737 864 69 vocatione & electione duos quoſdam actus di¬
