1500 2172
585 146 104 33 624

735 123 585 54 AD I. PAVL. AD TIM.

580 166 862 72 πότακτοι ſumus. Item vbique docet Petrus in t.

579 226 339 58 epiſtola cap.2.&3.

627 264 818 69 Cur autem blaſphemetur Deus ex iſta rebel¬

576 315 867 66 lione ſeruorum & ſubditorum in dominos ſuos

579 369 864 69 & præfectos, ratio eſt multiplex: ſed hæ duæ im¬

584 424 138 57 primis

626 456 820 72 Prima, quòd cenſetur & Deus ipſe, & ipſius

579 516 864 57 doctrina iſtius confuſionis atque ἀ ταίας cauſa.

579 562 864 62 Atqui Deus neque ſeditionis, neque confuſionis

578 615 866 57 author eſt, vt docet Paulus 1. Corinth. 14. verſ.33.

578 662 867 56 Imò verò nemo poteſtatem habet niſi à Deo,

579 710 867 60 quemadmodum ait Dominus noſter Ieſus Chri¬

576 759 870 60 ſtus Ioan.19. verſ.11. Ex quo fit, vt qui poteſtati ſi¬

576 807 870 62 ut domttiutæ, ſiue publicæ reſiſtit, Deo ipſi reſi¬

576 856 868 54 ſtat. Quæ verò rerum confuſio, quantáque per¬

578 904 867 57 turbatio inducatur, ſi neque ſerui Chriſtiani ſuis

578 954 868 62 dominis, neque ſubditi ſuis magiſtratibus pareãt

576 1005 772 62 nunquam ſatis cogitari poteſt, nedum dici.

626 1048 822 63 Secunda ratio, cur Dei nomen ob iſtam rebel¬

574 1098 870 63 lionem blaſphemetur, hæc eſt. Quòd Deus i¬

579 1148 867 62 pſiuſque Euangelium, humana iura tollere, &

579 1197 867 57 quod cuiuſque proprium eſt, illi adimere tunc

579 1245 867 62 cenſetur. Itaque furta turpiſſima præcipere. Nam

574 1293 870 62 ſeruus cuiuſque noſtrum tam noſter eſt, & ius

574 1341 870 62 nobis in eum tam competit, quàm quælibet alia

574 1388 870 60 res noſtra, noſtra eſt. Quod ius ſi Chriſtiani no¬

578 1438 868 57 minis profeſſio à ſeruo facta adimit, furtum rei

576 1486 867 62 alienæ facere præcipit Deus, & adimit Domino

572 1534 876 63 quod eſt ſuum ipſo, etiam inuito. Neque obſtat

580 1586 864 56 quod de Oneſimo obiici poteſt, Paulum pro eo

574 1635 868 58 deprecatum eſſe. Hoc enim verum eſt. Sed neq;

573 1683 873 57 ſeruum inuito domino eripuit Paulus: neque id¬

578 1732 870 68 circo liberum eſſe pronuntiat Oneſimum, quòd

1224 1776 220 76 Chriſtianus
