1500 2172
357 159 321 39 CAPVT IIII.

876 140 68 69 326

80 192 864 66 his verbis, quæ recito vt appareat, quantum no¬

80 244 864 63 ſtri Monachi ab illis veteribus differant. Veræ,

80 292 864 62 ait ille, domus luctus ſunt Monaſteria, vbi cinis

80 342 866 58 atque cilicium: vbi ſolitudo, vbi riſus nullus, nul¬

80 392 862 62 lus negotiorum ſecularium ſtrepitus, vbi ieiunia,

82 441 862 52 vbi terrenorum duritia lectulorum, vbi munda

80 486 861 57 ſunt omnia. Nullus ibi nidoribus locus, nulli ſan¬

81 537 864 62 guinis riui, &c. quæ quantum ab Monaſtica vita

76 584 868 56 noſtri ſeculi differunt vident omnes. Et Bernar¬

76 630 868 63 dus in Apolo. ad Guill. Abbatem veriſſimè mul¬

76 681 867 60 ta de luxu Monachorum & ἀσωτία dixit, quæ ho¬

74 729 870 57 die, vti alia vitia omnia, in ijs maior eſt & intole¬

74 777 870 63 rabilior, quàm vnquam: imò verò prorſus inſa¬

72 826 872 56 nabilis & inueterata. Sed & hoc vitæ genus viris

74 872 866 66 quibuſdam bonis ſtatim diſplicuit, & poſtea Sy¬

74 924 868 60 nodis vti Gangrenſ. & Matiſconenſi, improbatũ

74 972 866 60 eſt & velut ſuperſtitioſum damnatũ. Modũ verò

74 1023 864 56 non habuit. cùm quotidie noui ritus, inauditæq;

74 1072 867 52 ſuperſtitiones inducantur, vt nouus Monachorũ

72 1116 867 58 ordo excudatur, veluti Stilidæ olim:nunc Ieſuitę,

72 1168 867 60 adeò vt non ſi mihi centum ſint linguæ, ſint orá

74 1218 866 58 que centũ, ferrea vox, poſſim eorum varias com¬

72 1264 867 63 prehendere formas. Sed & illud immane, quod

72 1316 862 60 inter eos ipſos huiuſmodi genera reperiuntur,

69 1362 872 63 quæ humanam exuant naturam prorſus & in bel¬

69 1413 870 57 luinam mutent qualia ſunt hæc Armenta Bασκοὶ &

69 1458 866 60 ἀπαθεῖς vt eſt apud Nicephorum lib. 14. cap.50.

76 1506 861 62 Tamen nunquam iſtæ laudes tantùm obtinue¬

69 1554 868 63 runt, vt propterea reliqua Chriſtianorum gene¬

68 1604 870 62 ra, quæ nihil cum iſta ἀυθαδεία & vitæ genere cõ¬

69 1653 868 54 mune habent, minus ad Chriſtum pertinere cen¬

68 1701 870 60 ſerentur. Dixit Paphnutius Epiſcopus in Ni¬

68 1749 867 80 cęna Synodo, in omni ordine, & non in ſolo Mo¬
