1500 2172
674 182 576 74 AD I. PAVL. AD TIM.

530 202 111 60 294

524 228 870 90 rebus creatis vtendum ad quem à Deo conditæ

522 284 870 87 ſunt. 2 Non modò Deo gratias agendas, poſt¬

524 332 872 84 quam ijs rebus vſi ſumus: ſed etiam Deum inuo¬

524 386 872 74 candũ, vt vti liceat, cùm ex eius manu ſint eæ res

524 428 868 88 ſumẽdæ: cuius propriè ſunt, vt apparet ex oratio¬

525 480 873 82 ne Dominica.καλὸν verò non refertur hoc loco

526 526 868 81 ad mores honeſtos: ſed ad vſum, qui à nobis Dei

528 573 870 87 nomen inuocantibus rectè fieri & ſalua cõſcien¬

530 624 868 82 tia poteſt. Aliâs enim perinde, atque fures dam¬

531 672 870 86 naremur etiam ex minutulæ cuiuſuis rei vſu: &

534 723 867 82 merito quidem, quaſi rem alienam contrectan¬

537 768 864 86 tes: niſi Dominus ipſe nobis eam in vſum con¬

538 818 867 82 cederet, eámque commoditatem ex rebus à ſe

538 866 868 82 creatis permitteret. Bonitas item ciborum hîc

536 918 872 81 non pertinet ad valetudinem & ſanitatem cor¬

537 962 872 88 poris, nec ad ſalubritatem ipſorum ciborum. Ne¬

540 1011 867 87 que enim hîc medicum agit Paulus, ſed Theo¬

542 1058 866 86 logum & Apoſtolum: ne quis fortè obiiciat ſi¬

542 1110 870 82 bi aliquos cibos nõ eſſe ſalubres, dum ijs vtitur.

543 1160 870 82 Atque propterea hunc Pauli locum calumnietur,

548 1204 866 81 quia generaliter dicit Paulus ὀδὲν ἀπόβλντον, id eſt,

544 1252 868 86 nihil eſſe reiiciendum ex ijs, quæ Dominus in v¬

548 1302 866 81 ſum & cibum hominum creauit. Quid enim li¬

549 1352 864 86 ceat conſcientiæ noſtræ ratione ſpectat Paulus,

549 1402 868 81 non autem quid conferat ſtomacho noſtro, vel

555 1464 372 63 valetudini corporis.

602 1491 816 88 Hîc tamen & inferiori verſiculo duplicem ci¬

549 1550 870 75 borum bonitatẽ proponere videtur, Vnam, quæ

552 1592 868 81 ex Ipſorum ſubſtantia: & Alteram, quæ ex vſu

552 1638 872 84 noſtro cõſideranda & æſtimanda nobis eſt. Quod

554 1690 870 81 ad primã: illa nobis teſtata eſt Geneſ. cap.1. Quæ¬

555 1740 870 80 cunque enim cõdidit Deus, illa ſubſtãtiæ, in qua

558 1786 868 93 ſunt creata, ratione bona ſunt, vt Dominus ipſe,

1218 1833 208 86 pronuntia¬
