1500 2172
270 153 286 32 CAPVT VIs

850 134 70 66 668

46 176 873 70 ſtitus & victus luxum eſſe & ſemper fuiſſe ve¬

48 234 866 62 riſſimam Eccleſiæ corruptelam reſpondet Boni¬

48 284 870 60 facius Martyr. Id quod verum eſſe rerum expe¬

48 330 866 60 rientia manifeſtiſſimè docet hodie in Papatu,

54 396 864 46 quo magie nor ao nta magnarum opum copia

52 435 861 57 cauere debent Epiſcopi Euangelici & paſtores.

120 506 800 76 9 Qui autem volunt diteſcere, incidũt

52 564 868 70 in tentationem & laqueum, & cupiditates

52 622 870 72 multas amentes & damnoſas, quæ demergũt

54 682 674 62 bomines in exitium & interitum.

98 753 825 63 Εʹπεξεργασία Perſequitur enim ſuſceptam ex¬

54 801 870 64 hortationem de fugiendo opum accumulanda¬

56 849 867 66 rum ſtudio Deterret autem ex effectis & pericu¬

56 897 868 64 lo, quod huiuſmodi ſtudium comitatur. Ita verò

57 946 867 64 comparat & enumerat Paulus hæc effecta diuer¬

56 996 864 64 ſa & varia, vt alia aliorum reſpectu & ratione

56 1046 867 63 ſint antecedentia & priora ac velut cauſæ: alia

62 1107 864 52 vero poſterſora lequentia, & tanquai teterrimi

60 1143 860 66 è ſuperioribus fructus promanantes. Sunt igitur

58 1192 867 64 nut checta Cupiditates, quas, & Amentes, &

60 1238 866 63 Damnoſas vocat. Naufragium ſiue defectio a fi¬

62 1288 866 63 de. Illud effectum prius eſt: hoc autem poſterius

62 1338 302 62 eſt & ſecundum.

104 1383 822 68 Eſt autem totus hic locus ὀθικὸς & παραμνεπαὸν

62 1436 866 58 id eſt, prauorum morum ſtudiíque hominum

68 1482 570 66 præpoſteri & inſani increpatio

108 1530 819 62 Eſt verò eò magis neceſſaria hæc exhortatio,

66 1580 862 66 quòd commune, vile, & penè nullum vitium ha¬

64 1632 862 58 betur inter homines auaritia: imò verò laudatur

66 1677 862 68 nomine diligentiæ (vt ait ille tanquam frugi lau¬

68 1728 862 72 datur auarus) nomine induſtriæ, & prudentiæ.
