1500 2172
346 158 291 32 CAPVT VI.

914 128 76 69 704

129 178 868 68 1.Actor.28. verſ.25. Sic in concilio Nicæno pri¬

129 238 866 57 mo dictum eſt Deus de Deo, id eſt, Filius de Pa¬

126 286 867 56 tre, non quod diuerſa eſſentia ſit filij à Patris eſ¬

126 333 873 58 ſentia. Nam vti Pater eſt Deus, ſic & filius: ſed

126 382 870 57 à Patre Deo genitus eſt Filius Deus, idem tamen

126 435 867 52 & vnus vterque Deus, etſi non vna & eadem v¬

128 483 868 52 terque perſona. Cur autem vna tantùm ex tri¬

129 530 867 58 bus diuinis perſonis Deus poſsit appellari, id eſt,

135 579 861 58 voce totam naturam & eſſentiam diuinam ſigni¬

128 642 868 48 Meunte de compieccentesuenotuiry ratio eſt,

130 676 868 62 quòd in quaque ex illis tribus perſonis ineſt tota

128 728 866 60 illa eſſentia diuina, atque ea etiam ad numerum

132 776 867 58 vna & eadem, non autem pars tantum Deitatis.

164 822 834 54 Additur autem epitheton, Qui viuificat omnia.

129 867 870 66 Similis eſt locus Actor.17.verſ.28. Nam quod de

129 916 872 60 hominibus dicitur illîc, ad omnia rerum genera

129 968 868 62 pertinet in vniuerſum, vt apparet ex Pſalm.36.v.

130 1012 867 60 6. & 9. Viuificare autem ſignificat & vitam dare:

130 1065 870 60 & datam conſeruare. Vtrunque enim præſtat

134 1113 866 58 Dominus omnibus rebus, quæ viuunt, non alte¬

130 1161 868 58 rum tantùm. Neque enim deſerit res à ſe creatas

132 1209 867 58 Matth.1o.verſ.37. Vnde præclarè Bernard. ſerm.

129 1256 870 56 4. in Cantica. Sanè eſſe omnium dixerim Deum,

129 1304 867 60 non quia illa ſint, quod eſt ille: ſed quia ex ipſo,

134 1359 866 56 per ipſum, & in ipſo ſunt omnia, quia eſſe omniũ

132 1402 872 62 eſt, cauſale quidem, non autem materiale, quia

134 1450 868 60 eorum eſt factor. Nec enim diuinæ eſſentiæ par¬

135 1498 870 62 ticipatione res viuunt: ſed qualitatis tantum &

138 1548 864 58 virtutis ipſius aliqua communicatione & effectu.

146 1593 856 62 Vnde mn Deus appellatur, non autem Iehouah

141 1641 150 60 tantùm

190 1692 816 62 Sic autem magnificè, &, vt res eſt, de Dei po¬

142 1740 866 76 tentia concionatur Paulus, vt in doctrinæ Chri¬

729 1790 114 82 G.iij.
