1500 2172
357 166 327 44 CAPVT IIII.

100 196 870 81 ſoit. Itaque petunt illi principium, vt loquuntur,

102 254 868 68 cùm volunt illam Eccleſiæ prohibitionem de

100 302 868 72 ciborum vſu & differentia firmam & legitimam

100 351 868 69 eſſe. Quam quæſtionem breuiùs tracto, quia ab

99 410 870 62 infinitis noſtro ſeculo, imprimis autẽ à D. D. Lu¬

100 450 552 60 thero, & Caluino explicata eſt.

123 496 846 70 Manichȩi verò & Tatiani alios aliquot ſcriptu¬

98 546 872 69 ræ locos obiiciunt aduerſus Paulum. Primùm

100 594 868 69 Geneſ.1.verſ.29. vbi nulla fit carnis mentio inter

98 642 873 66 eos cibos, qui homini conceduntur à Deo: ſed

98 693 868 68 tantùm herbarum, olerum, & fructuum arboris.

96 740 870 69 Ergo ſi ad primam Dei inſtitutionem reuoce¬

98 790 868 69 mur, carne nos abſtinere oportere aiunt. Reſp.

94 860 870 46 i uuramipoouno lonmiuminquo conceſsionem,

94 884 870 72 quæ homini primùm à Deo facta eſt: ſed eã, quæ

96 934 866 66 poſtea, tanquam illius beneficij ampliatio quæ¬

93 986 868 69 dam, acceſsit, & extat Geneſ.9.verſ.3 vbi carniũ

92 1034 704 63 eſus diſertè conceditur, & exprimitur.

138 1078 820 68 Secundò locum Pauli afferunt, ex 1. Corinthe

93 1131 867 68 9. verſ.7. vbi lactis tantùm, & eius eſus meminit

92 1191 870 58 Paulus, non etiam carnis. Reſp. Non excludere

88 1227 872 74 illam Pauli ſententiam eſum carnis, cuius ipſe

88 1278 872 69 meminit, vti rei licitæ etiam in eadem Epiſtola

90 1323 866 72 8. verſ.13. Nam illîc alia Pauli mens eſt & ſcopus,

92 1376 864 70 quàm vt explicet vtrum homini Chriſtiano car¬

86 1425 452 58 nem edere liceat, nec ne.

141 1468 814 72 Tertiò dicunt inter res ad victum humanum

86 1520 870 68 neceſſarias non recenſeri carnes in Eccleſiaſtic,

87 1570 868 64 cap.39, verſ.31, & 32. cùm tamen multa ciborum

90 1620 866 66 genera enumerentur. Reſpond. Quod illîc præ¬

86 1666 870 66 termiſſum eſt, alibi additum eſſe. Neque ex eo

86 1714 870 66 libro regulam fidei vitæque inſtituendæ petendã

86 1764 870 92 eſſe, cùm ſit liber Apocryphus. Deniqs illîc oepen¬

735 1833 60 62 nij
