1500 2172
532 156 52 40 V.

338 156 192 38 CAPVT

396 290 135 54 CAP.

584 290 45 62 V.

886 141 56 80 358

242 351 705 87 ENIOREM ne increpato, ſed

238 434 702 68 hortare ut patrem, iuniores vt fra¬

246 478 104 57 tres.

99 531 844 81 Μετάβαζις. Tranſit enim, & ordine quidẽ Paulus,

70 591 873 69 à doctrina ad mores, cuius vtriuſque rei cura ad

68 639 873 72 veros paſtores & Eccleſiæ præpoſitos pertinet.

68 687 874 69 Sed prius de vitiis, quæ doctrinæ ratione obre¬

68 736 870 66 punt, & hæreſes dicuntur, fuit dicendum. Poſtea

64 784 874 72 autem de morum vitijs, & eorum emendatione,

70 832 868 70 quam hoc loco perſequitur, vti & in Epiſtola

68 882 870 72 poſteriori ad hunc ipſum Timotheum, & ad Ti¬

62 936 873 63 tum cap 2. Dicitur autem alio nomine hæc cor¬

60 976 873 75 reptio & emendatio, cenſura Eccleſiaſtica, quæ

64 1028 867 72 poteſtatis clauium pars eſt. Sic autem & hoc loco

62 1072 872 76 & alibi loqui videtur Paulus, vt vni epiſcopo eã

57 1122 874 75 tribuat, non autem toti ipſi Eccleſiæ, non item

63 1174 864 70 cœtui & ſenatui Preſbyterorum. Id quod perpe¬

57 1226 873 69 ram intellectum duplicẽ errorem peperit. Pri¬

56 1270 872 70 mum eorum, qui totam Eccleſiæ ipſius iuriſ¬

56 1318 872 75 dictionem vnius tantùm perſonæ, id eſt, Epiſcopi

56 1368 870 74 arbitrio vindicarunt & aſſeruerunt, ex quo ipſo

52 1413 870 75 inducta eſt poſtea ſuperba Epiſcoporum tyran¬

50 1468 873 66 nis. Alterum eorum, qui vt hunc errorem cor¬

51 1512 868 72 rigerent, ipſi ſecundum induxerunt, & ad vniuer¬

50 1560 870 72 ſam, quam vocant, Eccleſiam, id eſt, ad ſingulos

50 1610 870 75 de Eccleſia hanc poteſtatem retraxerunt, & ita

50 1659 868 72 per malum malo mederi ſtuduerunt, malo nodo

50 1708 868 74 vt eſt in Prouerbio, malum cuneum quærentes.

44 1756 868 87 Denique inciderunt in Scyllam, dum cupiunt vi¬
