1500 2172
534 114 724 56 400 AD I. TAVL. AD TIM.

528 160 864 69 eorum qui ſimilis cum alijs naturæ fuerunt Item

525 216 867 62 & humanos animos eſſe quoque mutabiles, caſus

525 264 867 64 primi hominis certiſſimè docet, per quem tanta

530 315 860 58 & animi & corporis in deterius immutatio in

528 369 860 57 nobis facta eſt. Ergo ij quodammodo mortales,

528 406 374 64 quia ſunt mutabiles.

576 458 812 66 Secundum Epitheton eſt, Qui lucem habitat.

525 508 862 63 inacceſſam. Hic locus eſt etiam vberrimus, quem

525 561 862 58 tamen breuiter contrahemus in pauca. Primùm

524 604 864 63 verò videndum eſt, vnde ſumptum ſit hoc Pauli

525 654 862 62 dictum. Nec enim hæc fuit particulariter facta

524 706 861 52 Paulo reuelatio de natura Dei. Planè verò con¬

522 752 860 62 ſentit hic locus atque hæc deſcriptio cum ea,

522 800 860 58 quam de maieſtate Dei incomprehenſibili Pro¬

522 849 860 57 phetæ tradunt. Eſt igitur ſimilis huic locus Pſal.

520 903 858 56 93.veri.I.Ilai.6.veri.2.57.verf. 15. Ezechiel, 1. &10.

525 946 858 60 Tanta enim eſt hæc lux, qua Deus vndique cir¬

516 992 866 60 cumſeptus effulget, vt Angeli ipſi beati illius ful¬

518 1042 864 64 gore perſtringantur, at que faciem ſuampropter¬

519 1094 456 60 ea obtegant, & operiant.

564 1137 818 66 Sed diſſimiles huic vidẽtur alij quidam eſſe

518 1190 860 63 Scripturæ ſacræ loci. Imprimis ij omnes, in qui¬

513 1236 864 63 bus dicitur Deus habitare in nube, vel ex turbine

513 1287 862 63 & caligine loquutus fuiſſe, vti Exod.14, & 20. Le¬

510 1335 868 62 uitic. 16.Iob.38.verſ.1 Item vbi dicitur Deus fuiſ¬

508 1386 868 60 ſe cum leui vento, non cum igne, quemadmodum

508 1432 867 62 cùm apparuit Eliæ 1. Regum. 19. verſ 12. Reſpond.

507 1480 870 62 In nullo iuſtiuſmodi ſcripturæ loco veram Dei

510 1530 866 62 ſedem deſcribi, quemadmodum hîc: ſed ea tan¬

506 1576 870 62 tùm ſigna & Symbola declarari, per quæ homi¬

507 1624 868 62 num oculis ſeſe parefecit in hoc mundo pro re

502 1682 868 56 rum, temporum, perſonarum, quibuſcum illi res

504 1728 867 68 erat, conditione, vſu, & diuerſa ratione. Ergo ill

1286 1779 90 58 loci
