1500 2172
393 154 294 42 CAPVT III.

914 140 58 63 226

99 184 876 74 ctione ſcripturæ, & reliquis partibus fui muneris

99 242 876 60 auocentur, quàm ſi regias opes adminiſtrarent.

100 290 874 63 Sed quia iſta Eccleſiaſtica negotia vocantur, eam

102 339 873 57 curam & diſtractionem non damnabant: & ad

100 388 872 60 eam dictum Pauli pertinere nolebant, ne lucris,

99 436 876 63 & commodis ipſorum quicquam decederet &

102 484 872 63 detraheretur. Atqui & hæc ipſa cura, eſt cura re¬

99 530 874 62 rum ſecularium, & implicat nos ita vt officio ſa¬

99 579 876 68 tisfacere & ſupereſſe non poſſimus, adeóq; hæc i¬

102 628 878 64 pſa cura à Paulo damnata eſt 2.Timoth.2.verſ.6.

104 676 872 66 Vnde rectius quidam Epiſcopi, tempore Iuſti¬

98 726 878 64 niani Imperatoris, qui alios præter ſe, prætérque

98 772 878 66 clericos ipſos, id eſt, præter Diaconos & Preſby¬

100 820 874 60 teros, habebant, qui ea bona Eccleſiæ admini¬

98 870 878 64 ſtrarent, quos homines Oeconomos Eccleſiæ

100 918 874 58 vocabant, vt apparet in conſtiturionibus Iuſtin.

99 968 876 64 lib.1.Codic. Tit de Epiſcopis. Pro quibus poſtea

99 1017 874 56 ſeculo corruptiſsimo & creſcentibus Eccleſiæ

100 1065 868 57 bonis aduocatos nobiles habuerũt. Oeconomos

99 1114 873 54 autem bonorum Eccleſiæ viros bonos habere

104 1166 872 58 præſtaret etiam in ijs locis, vbi poſt ſuſceptum

102 1214 873 51 verum Euangelium, bona tamen Eccleſiaſtica ab¬

100 1275 870 50 Epneopis retmemtur, ver au iplis Iriſſstris poſsi¬

99 1311 873 57 dentur, ne in iis procurandis, & defendendis, &

100 1358 873 62 adminiſtrandis occuparentur, ij, qui in rebus me¬

99 1406 876 63 lioribus verſari, & toti eſſe deberẽt. Sed bonus eſt

104 1455 878 64 odor lucri. Peius autem illa bona ad homines au¬

102 1506 873 66 licos transferuntur, tanquam præda ex Papatu

102 1560 126 60 capta.

147 1598 828 68 Ergo quæritur, num ſecularium negotiorum

104 1650 872 64 ſcientes eſſe Epiſcopos futuros oporteat. In quo

105 1698 878 58 reſponſum eſt variè & conſtitutum diuerſè. Nam

110 1748 874 75 diſtinct 39. apertè ſancitum, oportere tales eſſe,

704 1798 111 78 K.iiij.
