1500 2172
358 156 294 38 CARVI III.

892 118 38 72 230

76 180 866 72 interim ſecularibus negotiis perpetuò eos diſti¬

76 237 868 70 neri, diſtrahi, & occupari. Et hæc mea eſt ſenten¬

80 290 80 64 tia.

147 363 16 54 10

200 346 744 68 Oportet autem eum etiam bonum ha¬

80 416 868 63 pere testimonium ab extraneis: ne in probrũ

76 465 568 63 incidat & laqueum Diaboli.

134 526 816 68 Tertium eſt quod requirit Paulus, ſed aliorum

78 582 872 63 ratione, nimirum ipſorum Extraneorum, id eſt,

75 628 873 62 infidelium. Vult igitur futuros Epiſcopos tam

78 678 872 62 eſſe probatæ vitæ, vt etiam à fide Chriſtiana ex¬

75 728 874 60 tranei homines nihil habeant, quod in ipſorum

80 772 876 63 vita reprehendant. Hoc idem ab omnibus Chri¬

76 820 873 63 ſtianis requirit Chriſtus Matth.5. & Paulus Colo.

78 876 868 57 4. verſ.5. quia vita noſtra debet eſſe lux mundi:

76 918 872 63 multò igitur magis hæc lux in paſtore deſidera¬

76 968 868 62 tur. Nec obſtat quod idem Paulus ait 2. Corinth.

76 1016 872 57 6.verſ.8. per gloriam & ignominiam nobis eſſe

75 1065 868 58 incedendum: item qui ſunt foris, nihil ad nos 1.

80 1116 868 58 Corinth.5.verſ. 12. Hoc enim verum eſt quod ad

78 1162 868 58 doctrinam ipſam. Nam doctrinam noſtram nun¬

78 1210 878 64 quam probabunt infideles: quare in ea ab illorũ

76 1263 868 56 iudicijs vllo modo non eſt dependendum, non

76 1312 868 58 magis, quàm à cæcis: ſed in vita & moribus ſecus

75 1359 870 57 eſt. Nam debet eſſe vita illa noſtra tam ſancta, vt

74 1407 870 62 etiam ignorantes, & infirmos Chriſto lucrifa¬

72 1455 868 58 ciamus. Confitmat ſuam ſententiam Paulus à

72 1504 866 60 conſequenti. Qui enim vitiis ſecurè indulgent,

70 1551 879 64 ſunt Probroſi, & In Diaboli laqueũ incidũt, quia

72 1604 872 60 nullo pudore poſtea retinentur, cùm ſe vident e¬

74 1656 868 56 tiam poſt ſceleratam & turpem vitam ad tantam

69 1700 870 62 dignitatem tamen admitti, promoueri, & poſci.

75 1748 862 81 Vnde fræna & habenas impunè laxant omnibus
