1500 2172
759 135 549 64 AD I. PAVL. AD TIM.

570 159 96 46 418

566 188 860 68 vt inter diaconiſſas eccleſiæ, ea demum vidua al

561 242 858 66 legetur, quæ ſexagenaria eſt. In quo vox hæc,

562 294 862 58 καταλογόθω non tantum additionem ad numerum

561 336 866 69 iam conſtitutum & aſcriptionem ſignificat: ſed

564 388 861 63 etiam nouam eius ordinis in aliqua eccleſia, ſi

567 436 860 63 quæ iis egeret, nullas dum tamẽ haberet, electio¬

564 483 862 63 nem. Id quod fieri neceſſe erat in iis eccleſiis, vti

567 536 858 58 dixi, in quibus nullæ adhuc diaconiſſæ erant, &

566 584 861 57 quæ tamen iis opus haberent. Itaque & deligi &

564 633 862 63 allegi ſignificat hoc loco de nouo creare, ſi o¬

567 678 858 68 porteat, & in album ſiue numerum iam electarũ

567 730 214 58 adſcribere.

610 771 812 68 Loquitur autem Paulus de Vidua fideli, & quę

567 826 860 62 pietatem veram iam profeſſa ſit: non autem de

566 872 861 72 infideli, id quod exſuperiori diſputatione ſatis

568 933 160 60 apparet.

614 968 814 64 Duo autem ſpectari in iis viduis iubet Paulus

567 1018 870 58 è quibus alterum Abeſſe debet, alterum Adeſſe.

567 1068 864 62 Abeſſe hæc duo iubet, vt ſit minor ſexagenaria &

567 1118 864 60 Duos maritos habuerit. Adeſſe autem vult vt

567 1162 867 68 I Liberos ſuos educauerit. 2 Hoſpitalis fuerit

567 1215 864 66 erga extraneos. 3 Miſericors erga afflictos.

570 1264 861 62 4 De omni bono opere teſtimonium idoneum

567 1316 866 60 habeat. Itaque ait Chryloſto. eadem penè hîc à

568 1359 860 66 Paulo in vidua requiri, quæ ſupra in epiſcopis ip¬

567 1410 870 62 ſis. Et certè cùm hæ viduæ munus laliquod in ec¬

568 1455 862 62 cleſia habuerint, ídque publicum, tales deligi o¬

570 1504 868 64 portuit, quæ eſſent ædificationi omnibus ſiue fi¬

572 1554 862 64 delibus, ſiue inſidelibus & extraneis futurę: ne

573 1602 838 66 Dei gloria, & eccleſiæ progreſſio impediretur.

615 1652 822 57 Hoc autem vt intelligatur, totum hoc argumẽ

572 1698 867 57 tum altius arceſſendũ eſt, nempe ex eo loco, qui

573 1746 867 82 Actor.6.verſ1. & 9. verſ.39. Rom.16. verſ. 1.2. Nã

1346 1798 87 78 legi¬
