1500 2172
580 144 75 34 465

759 116 564 62 AD I. PAVL. AD TIN.

573 164 868 70 bus conuicti damnari poſſint prorſus impunita¬

573 220 867 63 tem peccandi dat Epiſcopis. Quod tamen canon:

570 268 872 64 Placuit 2.quæſt.4. continetur. Item illa clericorũ

573 318 870 63 præuilegia, per quæ vetantur in vniuerſum Laici

572 366 868 58 clericos accuſare, & inter clericos ipſos ij, qui in¬

573 414 868 62 ferioris ſunt gradus, prohibentur ſuperiores

572 462 868 56 deferre, aut in eos teſtimonium dicere, ſunt o¬

570 518 870 56 mnino tollenda & abroganda, tanquam nefandiſ¬

567 558 870 66 ſima omnium ſcelerum in Epiſcopis vela. Atque

572 608 864 64 illa omnia latè 2.quæſt.7. per totum explicantur.

615 660 819 56 Feneſtram enim ad nequitiam patefaciunt, &

567 704 867 64 nullum Epiſcoporum corrigendorum locum re¬

570 759 840 60 linquunt, planéque pugnant cum mente Pauli.

618 819 814 75 20 Eos qui peccant, coram omnibus ar¬

580 876 525 72 gue, ut et reliqui timeant.

616 938 813 68 Alter canon de pœna Preſbyterorum ſic con¬

568 993 867 62 uictorum. Eſt autem hic, vt Presbyteri, qui pu¬

568 1040 866 63 blicè & notoriè peccarunt, publicè, id eſt, in cœ¬

582 1089 522 62 tu totius Eccleſiæ arguantur.

614 1134 824 63 Ratio autẽ eſt, ꝙ huiuſm odi crimina & facta,

572 1184 864 64 quæ pluribus teſtibus probantur, etiam antequã

568 1234 867 60 delata ſunt, pluribus ſunt nota, præſertim verò ſi

568 1292 866 45 a Presuyteris coma fuerit. Verè enim ille

567 1330 866 54 Nam lux altiſſima fati, Occultum nihil eſſe ſinit.

566 1380 867 57 Cùm igitur crimina illa pluribus iam innotuerũt,

566 1432 868 56 & in ore hominum & cognitione verſantur, ſunt

567 1478 864 58 iam publica. Ex quo fit, vt etiam ſint publica cẽ¬

561 1524 870 64 fura notanda, & publicè arguenda, quemadmo¬

564 1574 564 57 dum hoc loco præcipit Paulus.

612 1620 819 60 Deinde cùm Presbyteri cæteris exemplo eſſe

562 1670 868 66 debeant vitæ ſanctitate, ita & pœnitentia, ſi deli¬

566 1725 866 70 querint: & cenſura atque caſtigationc, ſi non reſi¬

1282 1770 148 70 puerint
