1500 2172
882 106 60 75 170

321 141 272 26 Chla le v.

74 166 866 76 paueulo vtere, propter ſtomachum tuum &

75 250 508 38 trebras ihas inprmirares.

117 297 826 70 Etſi hunc verſiculũ quidã ſubiiciũt ſequenti ta

76 354 866 64 men nosſequemur ordinem quem codices cõmu

74 400 866 68 nes habẽt. Eſt igitur hic locus quoque cõtinuatio

74 450 864 66 ſiue Α’κολέθηηις ſuperioris argumentum, in quo

75 500 862 60 de Presbyterorum officio agitur continet autem

70 549 868 62 hic verſiculus præceptũ, quod ad omnes in vni¬

69 598 870 57 uerſum Presbyteros & præpoſitos eccleſiæ perti

70 664 868 46 nets quucenuoij enemplas pregis don tantum in

72 696 866 60 doctrina: ſed maximè in vita eſſe debent, iuxta

68 741 870 66 dictum Chriſti. Math.5. Vos eſtis ſal terræ. & Pe¬

66 794 390 57 tri in 1.epiſtola cap.5.

117 840 814 64 Quãquam enim hic locus quiddam peculiare,

64 890 872 63 & quod ad Timotheum ſigillatum ſpectat, trade

64 942 870 62 re videtur: vis tamen & ratio præceptl eſt gene¬

63 988 868 63 ralis, & ad omncs, qui aliquo fungantur munere

63 1048 867 51 in eccrenla Denjeatendieur. Pſuc aute ordinem in

62 1086 870 64 huius verſiculi explicatione ſequemur, vt primũ

63 1134 867 66 quæ ad ſpecialem huius loci explicationem fa¬

62 1184 864 63 ciunt, dicamus: deinde præceptum Pauli ad om¬

58 1234 868 66 nes generaliter producamus ex ipſius mente &

58 1281 132 57 ſcopo.

104 1326 822 68 Iubet igitur Paulus, vt Timotheus vtatur

57 1380 868 57 pauculo vnio, ídque propter ipſius valetudinem

56 1428 870 64 & ſtomachi debilitatem, vt ſuo muneri melius

58 1476 316 62 ſupereeſſe poſsit.

108 1524 818 64 In quo quibuſdam videtur nimis abrupta &

57 1574 862 64 perturbata orationis huius & ſtyli Pauli ratio,

60 1622 860 69 quòd a præcepto generali, de electione preſbyte

50 1674 874 63 rorum, ſtatim tranſeat, aut potius tranſuolet ad

54 1722 867 75 præcepta medicinæ: & ea, quæ peculiariter ad
