1500 2172
573 153 78 33 633

718 120 578 70 AD I. PAVL. AD TIM.

561 195 598 51 ſimoniam cum veſte diſtinct. 41.

614 230 819 68 Nominatim autem præſcriptum eſt concilio

560 279 868 66 Martini Papæ, vt clerici veſtes talares geſtarent,

558 330 873 58 & ijs induerentur. Deinde ne barbam, & comam

555 376 876 68 nutrirent, in quo manifeſta concilij Chartaginẽ¬

555 424 872 69 ſis deprauatio & falſificatio à Gratiano facta eſt,

560 478 866 63 vbi vetantur clerici omnes barbam radere, pro

555 524 868 68 quo iſte ſuppoſuit, barbam nutrire. Ergo comam

554 574 873 64 alere non debent clerici: ſed attonſo capite eſſe

552 621 873 66 auribus patentibus, & deſuper habere caput in

549 672 876 62 modum Sphæræ abraſum, vt eſt in cõcilio Char¬

548 717 878 68 tagin. 4. Additum eſt extra lib.3. Tit. de vita &

548 765 876 68 honeſtate, clericor. ne diſciſſas caligas, & induſia

548 814 874 68 operoſè facta induant & geſtent, quæ fuerunt iã

548 866 873 66 monachales ſuperſtitiones, & pars humanarum

548 926 873 56 traditionum perieulola. Modus quidem in ijs o¬

548 964 872 62 mnibus ſeruãdus eſt, quem ratio locorum & per¬

543 1011 878 68 ſonarum exigit & honeſtas ipſa poſtulat. Sed iſtæ

543 1060 876 63 leges in nugis ſanctitatem paſtorũ poſtea col¬

544 1110 180 62 locarunt:

592 1155 825 68 Quæſitum eſt etiam, Vtrum militari habitu &

543 1210 874 60 more veſtiri poſſit & debeat Epiſcopus:aut habi¬

542 1258 873 62 tum quem habet, vtrum in militarem veſtẽ mu¬

540 1308 876 57 tare poſſit, & Epiſcopus manere? Reſpondeo ex

538 1354 874 64 concilio Gangrenſi cap. 21. Epiſcopo eo veſtitus

542 1404 872 64 genere, nempe militati, non licere vti aſsiduè &

540 1452 872 62 ordinarié. Ex cauſa tamen nonnunquam ſumere

538 1500 874 63 poſſe, pro ratione locorum & temporum, vti do¬

537 1546 872 68 cet Theodoret.lib. 4.Hiſtor. cap.13 exemplo Eu¬

536 1594 870 69 ſebij pij Epiſcopi militarem veſtem aſſumentis.

536 1646 873 63 Coniungunt cum hoc loco diſputationem, de In¬

532 1696 874 62 tegritate membrorum, & de Nobilitate ſeu Di¬

534 1744 873 78 uitiis ordinandorum, quia hæc etiam duo viden¬

1338 1797 72 74 tur
