1500 2172
699 130 574 69 AD I. PAVI. AD TIM.

538 156 110 44 390

537 176 876 88 cogitare poſſit. Hæc igitur ſunt quodammodo

538 234 872 78 propria viduarum opera, quia hæc aſſiduitas pre¬

540 280 873 72 cationum non poteſt pari modo à reliquis exigi

543 328 870 81 quæ non ſunt, vti viduæ, ab omnibus impedimẽ¬

544 380 874 72 tis ſolutæ, ſed occupantur in iuſta rerum dome¬

543 426 876 74 ſticarum cura, qualis erat Martha Luc 1o.verſ.4o.

596 477 822 74 Obſtant verò duo huic Pauli præcepto: è qui¬

549 522 870 80 bus primum eſt, videri Paulum magnam homi¬

549 572 874 81 num animis ſuperſtitionem iniicere, cùm Chri¬

549 624 874 72 ſtianas mulieres vult diem & noctem in preci¬

549 670 873 76 bus permanere. Atque iſtæ videntur fuiſſe ſuper¬

550 722 873 74 ſtitioſę Monacharum & Monialium inſtituenda¬

552 770 873 74 rum cauſæ, nimirum vt illæ nihil niſi precarentur:

554 818 872 78 & tum pro ſe, tum pro aliis, preces Deo aſſiduè

556 885 262 57 funderent.

590 910 840 78 Cuius etiam vitæ exemplum Meſſalianorum

554 962 880 75 hæreticorum erroribus, & moribus inductum

555 1010 876 78 eſt, ſed eſt prorſus à Dei præceptis alienum. Itaq;

556 1059 872 76 Pſallianorum hæreticorum ſurculus vel potius

560 1113 872 70 propago miſerrima fuit iſtud Monachorum in¬

561 1156 872 70 ſtitutum, vt ex Caſsiano, qui prolixè omnes iſtas

561 1203 876 80 nugas deſcripſit, facile colligi poteſt. Reſpond.

567 1252 867 75 Non laudari hîc à Paulo otium illud inutile &

561 1306 873 69 ſuperſtitioſam precationum inſtitutionem, qua¬

561 1350 874 72 lem hodie habent obſeruántque Monachi, vel e¬

566 1400 868 75 ciuiii aſij Papiſtæ ſuperſtitioſi, qui ſuas etiam pre¬

561 1454 874 68 ces venales habent, quemadmodum olim inter

566 1496 868 72 Ethnicos præficæ illæ in funeribus adhibitę mer¬

562 1546 874 70 cenariæ: ſed tantùm oſtendit Paulus ecquod ſit

562 1596 873 63 verum & legitimum earum, quæ nullis negotiis

561 1646 876 64 domeſticis diſtrahuntur, exercitium, nẽpe, vt in iis

561 1689 876 75 quæ ſunt Dei, prorſus ſe occupent, qualis eſt ni¬

555 1740 885 88 mirum precatio, concionum aſsidua frequenta¬

1374 1786 63 62 tio
