1500 2172
518 147 72 32 177

678 122 574 57 AD ATAVL. AMTT IM.

518 170 873 66 grauiſsima pellexerunt & inuitarunt vt ait etiam

514 228 878 57 Berna. ipſe ſermo. de conuerſis cap.29. quibus ni¬

512 270 876 58 hil eſt inter huiuſmodi cœlibes cléricos frequẽ¬

514 318 878 66 tius. Saluianus Maſsil. Epiſcopus qui vetuſtiſsi¬

514 368 874 64 mus eſt, ſic improbat iſtam coniugii continentiã

513 417 874 63 & nondum tamen prohibitionem lib. 5. de Pro¬

514 464 873 64 uidẽtia Dei. Licita non faciunt, illicita commit¬

512 518 876 62 tunt, temperant à concubſtu, non temperant à

512 566 873 63 rapina. Quid agis ſtulta perfuaſio? Peccata inter¬

512 612 876 66 dixit Deus, non coniugia. Poſt huiuſmodi igitur

512 666 874 58 conſtitutiones receptas tantum extitit coniugij

510 711 879 62 inter clericos odium, vt pro hæreticis & Nicolai¬

512 760 876 62 tis vulgo damnarentur, qui coniugium ijs licere

512 807 876 57 docerent. Itaque Arnoldus Brixianus, & ipſe

512 866 878 50 Mronaenusjæ tate Dernat ur damatus eſt, ob eam

510 903 878 66 cauſam, ſed iniuſtiſsimè. Longior hiſtoria de

510 951 874 64 hac tota re eſt apud Balæum & Centuriatores.

518 1000 866 66 Quod fuiſſe inuentum Heliodori tradit Socrat.

512 1054 222 56 lib.5.cap.22.

561 1096 824 64 Addit Paulus vηφάλαιον quem alij ſobrium, alij

512 1149 873 56 vigilantem vertunt: ſed vox ſequens σώφρονα ſo¬

510 1197 874 63 brium ſignificat. Nos hoc loco vigilantem inter¬

512 1246 872 62 pretabimur. Hoc ipſum eſt quod ait idem Paul.

512 1298 873 60 in Epiſtola ad Titum 1.verſ. 8 ἐγκρατῆ, cui virtuti

510 1348 873 57 ἐσωτία contraria eſt, quam etiam reprehendit in

512 1394 870 62 Epiſcopo præſertim & paſtore, totáque ipſius

512 1440 868 58 familia Paulus Tit.1.verſ.6. Hoc quidem præci¬

508 1490 873 63 pit Chriſtianis omnibus Chriſtus, vt ſint vigilan¬

507 1538 874 63 tes Matth.24. verſ.42, & 25. verſ.13.tamen à paſto¬

508 1588 874 63 ribus & ijs qui aliis præſunt vigilantia multo æ¬

512 1640 868 58 quius & ſeuerius requiritur propter eorum mu¬

504 1684 878 62 nus. Eſt n.hæc vigilantia pars illius fidelitatis &

502 1732 868 84 curæ, quam ab illis exigit ſcriptura 1. Corinth.4.

1274 1790 102 74 verf.
