1500 2172
327 159 255 38 CAPVT V.

885 144 52 78 382

66 198 681 64 debent agnoſcere pij homines & filij.

117 234 819 81 Ratio huius præcepti hîc multiplex affertur à

66 286 868 80 Paulo. I A conſequenti vel conſentaneis. Sibi i¬

66 334 870 81 pſis hoc quodammodo liberi impendunt, quod

66 387 867 75 in parentes ſuos conferunt: habent enim à pa¬

63 434 867 78 rentibus, vt ſint, & ſunt cum illis vna caro & vnus

57 482 874 80 ſanguis 2 Ab officio, oportet liberos rependere

63 536 866 74 parentibus quodammodo quod ab iis acceperũt.

62 580 870 75 Id enim lex ipſa naturæ iubet & dictat, quæ nos

60 627 870 78 obligat ad ἀντιδῶρα, vt Iuriſconſulti docent, &

62 678 864 72 ad ἀντιπελαργίαν, quam hoc loco vocat ἀμαλὶν

58 728 872 72 Paulus. Hoc exemplo Ciconiarum facere doce¬

57 774 873 76 mur. 3 Ab honeſto. Hoc ipſum Deo gratum eſt

56 828 867 72 & acceptum. Quod ex præcepto Honora patrem,

56 872 867 78 & matrem, ſatis intelligi poteſt. Illa enim voce,

54 922 867 70 Honora: non tantùm reuerentia quædam exter¬

54 966 866 76 na ſignificatur, ſed etiam ſubſidium vitæ, quod

51 1017 868 76 eſt à liberis parentibus præſtandum. Quod offi¬

50 1066 872 75 cium etiam pietas hoc loco nominatur, & à Pla¬

48 1116 867 74 tone iuſtitia. At hæc omnia iura ſemel violant,

51 1166 862 76 qui religionis & Monaſticæ vitæ, quam profiten¬

46 1215 867 74 tur, prætextu, ſe ab ea de parentibus alendis cura

45 1287 868 51 nberatos ene contendunt, quod Monachi facti

44 1316 868 66 ſint. Denique omne liberorum in parentes obſe¬

45 1358 868 78 quium abiiciunt, & officium ſuum, propter votũ

42 1406 872 76 Monachatus à ſe ſemel ſuſceptuii, ccrlare & nul¬

40 1455 867 75 lum iam vſum aut locum habere debere ſentiũt.

46 1504 860 72 Quæ ſanè eſt horrenda impietas & omnis huma¬

39 1554 336 56 ni ſenſus violatio.

90 1598 818 81 Quod autem de parentibus alendis à proprijs

32 1647 870 81 liberis & nepotibus Paulus hoc loco præcipit &

32 1700 868 76 tradit, omnino latius patet. Omnes enim eos, qui

33 1752 864 80 parentum loco ſunt, etiam complectitur:non tã¬
