<?xml version='1.0' encoding='UTF-8'?>
<alto xmlns:xsi="http://www.w3.org/2001/XMLSchema-instance" xmlns="http://www.loc.gov/standards/alto/ns-v4#" xsi:schemaLocation="http://www.loc.gov/standards/alto/ns-v4# http://www.loc.gov/standards/alto/v4/alto-4-2.xsd">
  <Description>
    <MeasurementUnit>pixel</MeasurementUnit>
    <sourceImageInformation>
      <fileName>2013004.jpeg</fileName>
    </sourceImageInformation>
  </Description>
  <Tags>
    <OtherTag ID="BT7" LABEL="CustomZone" DESCRIPTION="block type CustomZone"/><OtherTag ID="BT8" LABEL="DamageZone" DESCRIPTION="block type DamageZone"/><OtherTag ID="BT9" LABEL="DigitizationArtefactZone" DESCRIPTION="block type DigitizationArtefactZone"/><OtherTag ID="BT10" LABEL="DropCapitalZone" DESCRIPTION="block type DropCapitalZone"/><OtherTag ID="BT11" LABEL="GraphicZone" DESCRIPTION="block type GraphicZone"/><OtherTag ID="BT12" LABEL="MainZone" DESCRIPTION="block type MainZone"/><OtherTag ID="BT13" LABEL="MarginTextZone" DESCRIPTION="block type MarginTextZone"/><OtherTag ID="BT14" LABEL="MusicZone" DESCRIPTION="block type MusicZone"/><OtherTag ID="BT15" LABEL="NumberingZone" DESCRIPTION="block type NumberingZone"/><OtherTag ID="BT17" LABEL="QuireMarksZone" DESCRIPTION="block type QuireMarksZone"/><OtherTag ID="BT18" LABEL="RunningTitleZone" DESCRIPTION="block type RunningTitleZone"/><OtherTag ID="BT19" LABEL="SealZone" DESCRIPTION="block type SealZone"/><OtherTag ID="BT20" LABEL="StampZone" DESCRIPTION="block type StampZone"/><OtherTag ID="BT21" LABEL="TableZone" DESCRIPTION="block type TableZone"/><OtherTag ID="BT22" LABEL="TitlePageZone" DESCRIPTION="block type TitlePageZone"/><OtherTag ID="BT3407" LABEL="MainZone-Continued" DESCRIPTION="block type MainZone-Continued"/><OtherTag ID="BT3408" LABEL="MainZone-P" DESCRIPTION="block type MainZone-P"/><OtherTag ID="BT3409" LABEL="MainZone-Head" DESCRIPTION="block type MainZone-Head"/><OtherTag ID="BT3410" LABEL="MainZone-Other" DESCRIPTION="block type MainZone-Other"/><OtherTag ID="BT3411" LABEL="MainZone-Sp" DESCRIPTION="block type MainZone-Sp"/><OtherTag ID="BT3417" LABEL="MainZone-Sp-Continued" DESCRIPTION="block type MainZone-Sp-Continued"/><OtherTag ID="BT3418" LABEL="GraphicZone-Decoration" DESCRIPTION="block type GraphicZone-Decoration"/><OtherTag ID="BT3419" LABEL="MainZone-Entry" DESCRIPTION="block type MainZone-Entry"/><OtherTag ID="BT3420" LABEL="MainZone-Lg" DESCRIPTION="block type MainZone-Lg"/><OtherTag ID="BT3421" LABEL="MainZone-Entry-Continued" DESCRIPTION="block type MainZone-Entry-Continued"/><OtherTag ID="BT3422" LABEL="MarginTextZone-ManuscriptAddendum" DESCRIPTION="block type MarginTextZone-ManuscriptAddendum"/><OtherTag ID="BT3423" LABEL="MainZone-List" DESCRIPTION="block type MainZone-List"/>
    <OtherTag ID="LT7" LABEL="CustomLine" DESCRIPTION="line type CustomLine"/><OtherTag ID="LT8" LABEL="DefaultLine" DESCRIPTION="line type DefaultLine"/><OtherTag ID="LT9" LABEL="DropCapitalLine" DESCRIPTION="line type DropCapitalLine"/><OtherTag ID="LT10" LABEL="HeadingLine" DESCRIPTION="line type HeadingLine"/><OtherTag ID="LT11" LABEL="InterlinearLine" DESCRIPTION="line type InterlinearLine"/><OtherTag ID="LT12" LABEL="MusicLine" DESCRIPTION="line type MusicLine"/>
  </Tags>
  <Layout>
    <Page WIDTH="1500" HEIGHT="2172" PHYSICAL_IMG_NR="0" ID="eSc_dummypage_">
      <PrintSpace HPOS="0" VPOS="0" WIDTH="1500" HEIGHT="2172">
        <TextBlock HPOS="535" VPOS="126" WIDTH="58" HEIGHT="47" ID="block_1" TAGREFS="BT15">
          <Shape><Polygon POINTS="535 126 593 126 593 174 535 174 535 126"/></Shape>
          <TextLine ID="line_1" TAGREFS="LT8" BASELINE="538 159 610 158" HPOS="537" VPOS="144" WIDTH="74" HEIGHT="32">
            <Shape><Polygon POINTS="598 144 585 144 573 144 561 144 549 144 537 144 538 159 538 176 610 172 610 158 606 144 598 144"/></Shape>
            <String CONTENT="138" HPOS="537" VPOS="144" WIDTH="74" HEIGHT="32"/>
          </TextLine>
        </TextBlock>
        <TextBlock HPOS="692" VPOS="118" WIDTH="565" HEIGHT="54" ID="block_2" TAGREFS="BT18">
          <Shape><Polygon POINTS="692 118 1257 118 1257 172 692 172 692 118"/></Shape>
          <TextLine ID="line_2" TAGREFS="LT8" BASELINE="688 159 1258 156" HPOS="687" VPOS="123" WIDTH="572" HEIGHT="54">
            <Shape><Polygon POINTS="1122 144 1110 144 1098 144 1086 144 1074 144 1060 144 1048 144 1036 144 1024 144 1012 144 1000 144 988 144 976 144 964 144 952 144 950 144 940 144 928 144 916 144 904 144 900 144 898 146 848 146 844 144 844 144 832 144 820 144 808 144 795 144 783 144 771 144 759 144 747 144 735 144 723 144 711 144 699 144 692 144 687 144 688 159 688 168 716 177 717 177 718 177 762 170 771 168 850 168 856 171 867 176 868 176 870 176 870 176 886 171 894 168 904 171 927 177 928 177 930 177 960 171 964 171 972 171 1005 176 1006 176 1008 176 1010 176 1014 172 1018 166 1034 172 1046 176 1047 176 1048 177 1092 177 1092 176 1092 176 1094 176 1094 174 1096 172 1102 166 1148 166 1160 172 1166 176 1166 176 1167 176 1168 176 1170 176 1172 172 1178 170 1184 172 1190 176 1191 176 1191 176 1258 172 1258 156 1257 123 1134 123 1132 123 1131 123 1130 123 1130 124 1125 129 1122 130 1122 144"/></Shape>
            <String CONTENT="AD I. PAVL. AD TIM." HPOS="687" VPOS="123" WIDTH="572" HEIGHT="54" WC="0.976057419651433"/>
          </TextLine>
        </TextBlock>
        <TextBlock HPOS="514" VPOS="179" WIDTH="885" HEIGHT="1609" ID="block_3" TAGREFS="BT3407">
          <Shape><Polygon POINTS="514 179 1400 179 1400 1788 514 1788 514 179"/></Shape>
          <TextLine ID="line_3" TAGREFS="LT8" BASELINE="530 214 1394 212" HPOS="528" VPOS="166" WIDTH="866" HEIGHT="69">
            <Shape><Polygon POINTS="530 214 530 230 801 236 802 236 804 236 822 228 825 228 858 228 1086 234 1086 234 1269 228 1298 234 1299 234 1300 234 1302 234 1310 228 1364 234 1365 234 1366 234 1394 226 1394 212 1390 166 1368 166 1366 166 1365 166 1364 166 1352 176 1294 166 1293 166 1292 166 1290 166 1276 177 1136 177 1110 166 1107 166 1106 166 1104 166 1104 166 1102 166 1102 166 1089 177 1060 166 1060 166 1059 166 1058 166 1005 172 962 166 958 166 957 166 956 166 934 177 804 172 802 172 801 172 788 178 771 168 771 168 770 168 746 168 746 168 744 168 742 168 729 178 672 168 668 168 666 168 528 168 530 214"/></Shape>
            <String CONTENT="ficio diſſeruit, de eorundem electione, qualis eſ¬" HPOS="528" VPOS="166" WIDTH="866" HEIGHT="69" WC="0.9751691818237305"/>
          </TextLine>
          <TextLine ID="line_4" TAGREFS="LT8" BASELINE="526 264 1396 262" HPOS="525" VPOS="222" WIDTH="872" HEIGHT="63">
            <Shape><Polygon POINTS="526 264 526 278 588 285 590 285 591 285 604 279 608 278 622 279 669 284 670 284 704 280 722 278 734 280 759 285 760 285 843 280 896 278 926 282 960 285 962 285 1058 284 1221 278 1278 284 1284 284 1286 284 1290 284 1340 278 1395 284 1396 262 1390 222 1376 232 1358 222 1356 222 1354 222 1353 222 1306 224 1281 225 1280 225 1278 225 1268 232 1192 226 1191 226 1164 232 1137 225 1126 222 1125 222 1124 222 1108 225 1074 232 978 226 960 226 958 226 950 228 906 234 882 228 864 224 864 224 838 228 810 234 786 228 766 225 765 225 765 225 756 228 752 231 734 228 704 225 702 225 700 225 688 230 687 230 681 224 680 224 678 224 678 224 676 224 658 230 657 230 652 230 592 224 592 224 591 224 590 224 579 231 579 232 578 231 568 224 567 224 567 224 537 224 537 224 536 224 534 224 525 228 526 264"/></Shape>
            <String CONTENT="ſe debeat, agit, vt in ea parte regimen Eccleſiæ" HPOS="525" VPOS="222" WIDTH="872" HEIGHT="63" WC="0.9895170306166013"/>
          </TextLine>
          <TextLine ID="line_5" TAGREFS="LT8" BASELINE="530 314 1396 310" HPOS="528" VPOS="272" WIDTH="868" HEIGHT="60">
            <Shape><Polygon POINTS="530 314 530 332 1395 326 1396 310 1395 276 1344 272 1342 272 1312 276 1276 280 1266 278 1256 272 1254 272 1252 272 1218 278 1191 280 1172 278 1143 272 1142 272 1142 272 1140 272 1132 278 1128 280 1088 278 1029 274 1028 274 980 279 954 282 950 279 944 274 942 274 940 274 939 274 938 274 927 279 926 280 926 279 914 273 914 273 912 273 824 273 822 273 760 282 748 284 746 282 738 274 736 274 735 274 700 274 699 274 698 274 698 274 686 282 684 284 678 282 639 278 638 278 568 284 567 284 554 276 552 276 550 276 549 276 528 284 530 314"/></Shape>
            <String CONTENT="&amp; ratio illius inſtituendæ &amp; conſeruandæ eſſet" HPOS="528" VPOS="272" WIDTH="868" HEIGHT="60" WC="0.9941913148631221"/>
          </TextLine>
          <TextLine ID="line_6" TAGREFS="LT8" BASELINE="526 360 1396 360" HPOS="526" VPOS="321" WIDTH="870" HEIGHT="62">
            <Shape><Polygon POINTS="526 360 526 375 627 382 628 382 687 375 786 382 788 382 789 382 818 375 820 375 826 375 900 382 900 382 954 375 957 375 962 375 1005 382 1005 382 1264 375 1320 382 1322 382 1396 374 1396 360 1396 330 1320 321 1318 321 1286 328 1282 330 1248 330 1246 328 1239 321 1238 321 1236 321 1234 321 1234 321 1209 328 1206 328 1200 328 1134 321 1078 321 1077 321 1076 321 1074 321 1066 327 1066 328 1056 327 996 321 994 321 944 327 932 328 916 327 880 322 879 322 878 322 864 327 858 328 852 327 838 321 837 321 836 321 808 327 798 328 794 327 783 321 782 321 780 321 758 327 746 328 526 327 526 360"/></Shape>
            <String CONTENT="nobis certa, Deíque verbo pręſcripta. Commo¬" HPOS="526" VPOS="321" WIDTH="870" HEIGHT="62" WC="0.9928960864958556"/>
          </TextLine>
          <TextLine ID="line_7" TAGREFS="LT8" BASELINE="525 408 1395 411" HPOS="524" VPOS="369" WIDTH="872" HEIGHT="58">
            <Shape><Polygon POINTS="525 408 524 420 564 428 566 428 1395 424 1395 411 1394 374 1251 378 1238 372 1234 370 1233 370 1232 370 1230 370 1228 370 1227 372 1220 380 1134 380 1116 372 1112 370 1110 370 1110 370 1108 370 1104 372 1088 380 1011 380 1005 372 1004 370 1002 370 1000 370 999 370 999 370 993 372 980 375 888 372 825 369 824 369 822 369 820 369 819 372 813 376 786 372 772 369 771 369 758 372 734 375 710 372 698 369 696 369 694 369 693 369 690 372 684 376 672 372 666 369 664 369 663 369 646 372 608 376 525 372 525 408"/></Shape>
            <String CONTENT="dè tamen &amp; molli tranſitione ad hunc locum &amp;" HPOS="524" VPOS="369" WIDTH="872" HEIGHT="58" WC="0.9807176470756531"/>
          </TextLine>
          <TextLine ID="line_8" TAGREFS="LT8" BASELINE="530 458 1395 454" HPOS="528" VPOS="416" WIDTH="867" HEIGHT="64">
            <Shape><Polygon POINTS="530 458 530 471 591 480 592 480 592 480 594 480 604 472 620 477 621 477 622 477 678 471 681 471 682 471 716 480 716 480 717 480 718 480 720 480 734 472 810 477 812 477 813 477 831 470 832 470 838 470 879 476 880 476 952 470 957 470 962 470 999 476 999 476 1034 470 1035 470 1104 480 1106 480 1162 474 1346 478 1347 478 1395 468 1395 454 1394 426 1318 426 1275 416 1274 416 1272 416 1270 416 1257 424 1206 418 1204 418 1203 418 1176 424 1150 418 1149 418 1148 418 1148 418 1146 418 1134 426 1060 426 1044 418 1042 418 1042 418 964 423 906 417 904 417 868 424 836 417 834 417 832 417 832 417 831 417 824 423 795 418 795 418 794 418 792 418 777 428 717 418 562 418 561 418 561 418 528 429 530 458"/></Shape>
            <String CONTENT="argumentum deſcendit Paulus, quaſi per hypo¬" HPOS="528" VPOS="416" WIDTH="867" HEIGHT="64" WC="0.9991487765854056"/>
          </TextLine>
          <TextLine ID="line_9" TAGREFS="LT8" BASELINE="525 506 1398 507" HPOS="525" VPOS="468" WIDTH="873" HEIGHT="63">
            <Shape><Polygon POINTS="525 506 525 528 628 519 705 526 730 530 732 530 753 526 800 519 838 525 862 530 864 530 864 530 873 525 886 519 914 525 930 528 932 528 954 524 968 524 974 524 987 530 988 530 990 530 992 530 1005 524 1017 520 1024 524 1038 530 1040 530 1041 530 1042 530 1066 524 1074 520 1160 520 1164 524 1174 530 1176 530 1178 530 1179 531 1233 531 1233 530 1234 530 1234 530 1246 522 1248 520 1251 522 1264 528 1264 528 1266 528 1292 524 1300 530 1302 530 1302 530 1304 531 1372 531 1372 530 1374 530 1396 520 1398 507 1396 476 1290 478 1275 474 1250 468 1248 468 1246 468 1246 468 1245 468 1238 474 1233 478 1206 474 1167 470 1166 470 1166 470 1154 474 1143 480 1094 480 1086 474 1077 470 1076 470 957 468 956 468 956 468 940 474 933 478 885 478 879 474 870 468 870 468 868 468 824 468 822 468 820 468 820 468 813 474 807 477 770 474 728 470 728 470 710 474 690 477 630 474 594 471 592 471 592 471 586 474 579 477 576 474 570 468 570 468 568 468 567 468 567 468 525 472 525 506"/></Shape>
            <String CONTENT="phoram, quæ ex ſuperiori diſputatione, per quam" HPOS="525" VPOS="468" WIDTH="873" HEIGHT="63" WC="0.9924431468578095"/>
          </TextLine>
          <TextLine ID="line_10" TAGREFS="LT8" BASELINE="528 555 1395 555" HPOS="528" VPOS="518" WIDTH="867" HEIGHT="56">
            <Shape><Polygon POINTS="528 555 528 573 1395 568 1395 555 1395 526 1311 528 1305 526 1282 518 1282 518 1281 518 1280 518 1278 518 1269 526 1268 528 1262 526 1245 522 1244 522 1242 522 1191 526 1172 528 1170 526 1160 518 1160 518 1158 518 1048 518 1047 518 1046 518 1018 526 1011 528 934 528 933 526 918 519 916 519 915 519 914 519 890 526 886 528 885 526 874 518 873 518 872 518 850 518 849 518 848 518 846 518 836 526 836 528 808 528 806 526 795 518 795 518 794 518 741 518 740 518 740 518 738 518 728 526 726 530 654 530 646 526 586 518 585 518 528 526 528 555"/></Shape>
            <String CONTENT="mulieres à docendi munere &amp; Epiſcopatu ſemo¬" HPOS="528" VPOS="518" WIDTH="867" HEIGHT="56" WC="0.9955237335628934"/>
          </TextLine>
          <TextLine ID="line_11" TAGREFS="LT8" BASELINE="525 600 1395 604" HPOS="524" VPOS="561" WIDTH="872" HEIGHT="62">
            <Shape><Polygon POINTS="525 600 524 615 1052 622 1053 622 1054 622 1068 616 1070 616 1078 616 1160 622 1160 622 1296 616 1316 622 1317 622 1318 622 1320 622 1320 622 1328 616 1394 616 1395 604 1394 566 1350 566 1348 566 1347 566 1326 576 1296 576 1276 566 1276 566 1224 566 1222 566 1221 566 1221 566 1208 574 1172 566 1167 564 1166 564 1166 564 1164 564 1161 566 1138 574 1002 574 969 566 960 562 958 562 957 562 956 562 951 566 936 573 864 573 849 566 844 562 843 562 842 562 780 564 778 564 777 564 777 566 765 573 734 566 714 561 712 561 711 561 710 561 704 566 696 572 652 566 618 561 616 561 525 566 525 600"/></Shape>
            <String CONTENT="tæ ſunt, oriri videbatur. Cùm enim ſit officium &amp;" HPOS="524" VPOS="561" WIDTH="872" HEIGHT="62" WC="0.9844750010967255"/>
          </TextLine>
          <TextLine ID="line_12" TAGREFS="LT8" BASELINE="525 650 1395 654" HPOS="524" VPOS="615" WIDTH="872" HEIGHT="57">
            <Shape><Polygon POINTS="525 650 524 660 548 670 549 670 549 672 716 672 716 670 758 663 776 670 777 670 777 670 822 664 910 672 912 672 962 664 1018 672 1020 672 1090 664 1104 672 1104 672 1106 672 1107 672 1108 672 1136 666 1197 672 1197 672 1395 664 1395 654 1394 620 1107 626 1092 616 1090 616 1089 616 1088 616 1086 616 1036 616 864 624 855 616 855 616 854 616 852 616 814 615 814 615 813 615 812 615 808 616 801 622 790 616 789 615 788 615 786 615 784 615 771 616 742 621 702 616 686 615 684 615 684 615 682 615 681 616 669 624 561 624 525 616 525 650"/></Shape>
            <String CONTENT="munus virile Epiſcopatus, videbantur omnes viri" HPOS="524" VPOS="615" WIDTH="872" HEIGHT="57" WC="0.9980784591208113"/>
          </TextLine>
          <TextLine ID="line_13" TAGREFS="LT8" BASELINE="525 698 1395 702" HPOS="524" VPOS="660" WIDTH="872" HEIGHT="60">
            <Shape><Polygon POINTS="525 698 524 710 746 717 746 717 770 712 777 711 879 714 1048 718 1048 718 1078 716 1122 712 1158 717 1179 720 1179 720 1180 720 1185 717 1194 714 1272 714 1280 718 1280 720 1281 720 1282 720 1282 720 1298 718 1364 714 1394 720 1395 702 1394 666 1354 675 1206 675 1196 666 1194 666 1192 666 1191 666 1191 666 1190 666 1176 674 1114 674 1090 664 1089 664 1088 664 1086 664 1086 664 1071 674 962 674 946 663 945 663 944 663 944 663 942 663 910 672 850 672 818 663 816 663 814 663 814 663 795 672 778 663 777 663 777 663 606 670 590 662 588 662 525 660 525 698"/></Shape>
            <String CONTENT="huius tantæ dignitatis &amp; muneris capaces: quod" HPOS="524" VPOS="660" WIDTH="872" HEIGHT="60" WC="0.9950383383294811"/>
          </TextLine>
          <TextLine ID="line_14" TAGREFS="LT8" BASELINE="525 750 1390 748" HPOS="524" VPOS="712" WIDTH="867" HEIGHT="60">
            <Shape><Polygon POINTS="525 750 525 762 592 764 600 771 602 771 603 771 604 771 604 771 606 771 618 762 621 762 658 762 660 762 670 771 672 771 672 771 674 771 716 762 718 762 750 762 762 762 777 771 777 771 778 771 780 771 782 771 807 762 808 762 954 762 957 762 1011 771 1011 771 1056 765 1065 771 1066 771 1066 771 1068 772 1266 772 1266 771 1268 771 1284 764 1296 771 1296 771 1298 771 1299 771 1332 765 1354 771 1356 771 1358 771 1358 771 1390 760 1390 748 1388 714 1316 723 1150 723 1134 716 1126 712 1125 712 1104 712 1104 712 1102 712 1101 712 1098 716 1089 723 1054 723 1041 716 1032 712 1030 712 1030 712 1004 717 992 718 981 717 950 712 948 712 946 712 945 712 939 717 933 722 882 722 879 718 876 716 874 716 873 716 872 716 832 718 795 722 789 718 782 712 780 712 778 712 756 712 754 712 753 712 753 712 744 720 740 722 736 720 729 716 728 716 728 716 726 716 724 716 712 720 706 722 700 720 684 712 682 712 681 712 680 712 660 720 657 722 652 720 610 712 609 712 608 712 606 712 594 722 592 722 524 722 525 750"/></Shape>
            <String CONTENT="tamẽ negat eſſe verum Paulus, cùm certas quaſ¬" HPOS="524" VPOS="712" WIDTH="867" HEIGHT="60" WC="0.9979065346221129"/>
          </TextLine>
          <TextLine ID="line_15" TAGREFS="LT8" BASELINE="525 795 1394 798" HPOS="524" VPOS="759" WIDTH="870" HEIGHT="60">
            <Shape><Polygon POINTS="525 795 524 807 597 814 598 814 760 810 812 808 837 812 888 816 890 816 992 813 1082 810 1102 814 1118 818 1119 819 1246 819 1246 818 1248 818 1250 818 1251 816 1257 812 1272 816 1276 818 1276 818 1278 818 1284 816 1308 812 1390 818 1394 798 1392 768 1370 764 1370 764 1347 768 1334 771 1330 768 1324 764 1324 762 1323 762 1322 762 1290 762 1288 762 1252 768 1234 771 1208 768 1160 762 1158 762 1156 762 1146 768 1140 771 1104 771 1078 768 1018 760 1018 760 1017 760 999 768 993 771 926 771 918 768 894 760 892 760 891 760 890 760 888 760 880 768 879 770 832 770 820 768 776 759 700 759 699 759 698 759 675 768 674 770 567 770 567 768 543 759 543 759 542 759 540 759 525 766 525 795"/></Shape>
            <String CONTENT="dam conditiones in ijs requirat, qui ſunt ad hoc" HPOS="524" VPOS="759" WIDTH="870" HEIGHT="60" WC="0.9930881348749002"/>
          </TextLine>
          <TextLine ID="line_16" TAGREFS="LT8" BASELINE="524 848 1395 848" HPOS="524" VPOS="808" WIDTH="872" HEIGHT="62">
            <Shape><Polygon POINTS="524 848 524 860 590 860 597 866 598 866 598 866 600 866 660 860 682 868 684 868 684 868 776 860 798 870 800 870 801 870 801 870 820 861 904 870 906 870 906 870 933 860 981 870 981 870 1016 870 1016 870 1017 870 1018 870 1026 862 1062 870 1064 870 1296 870 1296 870 1298 870 1299 870 1314 860 1347 870 1348 870 1350 870 1352 870 1352 870 1366 860 1395 860 1395 848 1395 816 1071 819 1066 818 1046 808 1044 808 1042 808 1006 818 999 819 996 818 981 808 980 808 978 808 908 816 896 808 894 808 894 808 760 808 759 808 759 808 758 808 746 819 746 820 524 820 524 848"/></Shape>
            <String CONTENT="munus vocandi, vt ſint idonei:propter quas cæ¬" HPOS="524" VPOS="808" WIDTH="872" HEIGHT="62" WC="0.9986907684284708"/>
          </TextLine>
          <TextLine ID="line_17" TAGREFS="LT8" BASELINE="524 896 1394 894" HPOS="522" VPOS="858" WIDTH="872" HEIGHT="52">
            <Shape><Polygon POINTS="524 896 524 910 1392 909 1394 894 1390 866 1220 858 1218 858 1216 858 1196 866 1194 867 1070 867 1066 866 1018 858 1017 858 1016 858 999 866 987 858 986 858 984 858 982 858 981 858 956 867 951 867 948 867 914 860 914 860 912 860 894 867 892 868 693 868 687 867 573 860 573 860 522 867 524 896"/></Shape>
            <String CONTENT="teri ab eo munere arcentur. Ergo vt nullius mu¬" HPOS="522" VPOS="858" WIDTH="872" HEIGHT="52" WC="0.9804617077746289"/>
          </TextLine>
          <TextLine ID="line_18" TAGREFS="LT8" BASELINE="524 944 1392 944" HPOS="524" VPOS="906" WIDTH="868" HEIGHT="58">
            <Shape><Polygon POINTS="524 944 524 954 543 962 543 962 544 962 546 962 548 962 561 956 582 956 602 956 634 963 634 963 636 963 638 963 660 956 722 963 723 963 724 963 726 963 726 962 734 956 735 956 759 963 759 963 760 963 795 956 800 956 806 956 846 962 848 962 896 956 909 956 956 956 960 956 966 962 968 962 969 962 969 962 970 962 986 956 990 956 994 957 1008 963 1010 963 1011 964 1178 964 1178 963 1179 963 1190 958 1197 956 1252 956 1256 958 1262 963 1263 963 1264 963 1264 963 1266 963 1280 958 1284 957 1390 958 1392 944 1390 910 1131 915 1104 909 1096 906 1095 906 1094 906 1092 906 1089 908 1076 915 1066 908 1064 906 1062 906 1060 906 970 906 969 906 969 906 968 906 966 908 956 915 921 908 920 908 918 908 916 908 898 916 780 916 744 906 740 906 740 906 738 906 736 906 716 916 580 916 567 906 567 906 566 906 524 906 524 944"/></Shape>
            <String CONTENT="lieris proprium munus eſt, Epiſcopatus: ita non" HPOS="524" VPOS="906" WIDTH="868" HEIGHT="58" WC="0.9939949715391119"/>
          </TextLine>
          <TextLine ID="line_19" TAGREFS="LT8" BASELINE="524 993 1395 992" HPOS="522" VPOS="952" WIDTH="873" HEIGHT="62">
            <Shape><Polygon POINTS="524 993 524 1005 867 1014 868 1014 870 1014 870 1014 882 1005 903 1012 904 1012 906 1012 938 1005 946 1012 946 1014 948 1014 950 1014 950 1014 951 1014 972 1005 975 1005 1044 1005 1046 1005 1054 1011 1054 1012 1054 1012 1056 1012 1058 1014 1104 1014 1104 1012 1106 1012 1125 1005 1126 1005 1130 1005 1191 1012 1191 1012 1192 1012 1209 1006 1221 1012 1222 1012 1224 1012 1332 1006 1341 1012 1342 1012 1344 1012 1346 1012 1394 1004 1395 992 1392 963 1341 963 1324 954 1323 954 1322 954 1320 954 1320 954 1306 963 1257 963 1246 956 1246 954 1246 954 1245 954 1203 952 1203 952 1164 954 1162 954 1161 954 1148 963 1060 963 1042 954 1041 954 1040 954 1038 954 1023 960 958 952 957 952 837 963 573 954 573 954 522 964 524 993"/></Shape>
            <String CONTENT="cuiuſlibet viri opus eſt. Eſt autem vtiliſſima hæc" HPOS="522" VPOS="952" WIDTH="873" HEIGHT="62" WC="0.9956949079036712"/>
          </TextLine>
          <TextLine ID="line_20" TAGREFS="LT8" BASELINE="524 1041 1395 1041" HPOS="524" VPOS="1002" WIDTH="872" HEIGHT="58">
            <Shape><Polygon POINTS="524 1041 524 1060 560 1054 638 1060 646 1060 648 1060 648 1060 650 1060 660 1053 710 1060 717 1060 718 1060 720 1060 722 1060 734 1053 756 1059 759 1060 760 1060 762 1060 774 1059 831 1053 932 1053 946 1059 950 1059 950 1059 951 1059 952 1059 954 1059 954 1058 962 1053 1119 1053 1125 1058 1128 1060 1130 1060 1130 1060 1131 1060 1226 1060 1226 1060 1227 1060 1227 1060 1232 1056 1236 1053 1257 1056 1276 1060 1278 1060 1395 1054 1395 1041 1395 1012 1318 1012 1299 1002 1298 1002 1296 1002 1238 1011 1222 1002 1221 1002 1221 1002 1220 1002 1218 1002 1186 1011 1174 1002 1173 1002 1172 1002 1143 1002 1142 1002 1092 1011 982 1002 981 1002 928 1011 886 1002 885 1002 884 1002 850 1012 734 1012 712 1002 711 1002 710 1002 710 1002 688 1012 620 1012 555 1002 554 1002 552 1002 524 1011 524 1041"/></Shape>
            <String CONTENT="diſputatio, tum vt interdictæ mulieribus huius" HPOS="524" VPOS="1002" WIDTH="872" HEIGHT="58" WC="0.998930292285007"/>
          </TextLine>
          <TextLine ID="line_21" TAGREFS="LT8" BASELINE="525 1090 1395 1090" HPOS="525" VPOS="1050" WIDTH="870" HEIGHT="62">
            <Shape><Polygon POINTS="525 1090 525 1106 1296 1112 1298 1112 1395 1104 1395 1090 1394 1054 1341 1059 1334 1054 1326 1050 1324 1050 1323 1050 1322 1050 1320 1050 1314 1054 1308 1059 1286 1054 1257 1050 1256 1050 1254 1050 1252 1050 1246 1054 1242 1059 1203 1059 1172 1054 1134 1052 1132 1052 1131 1052 1122 1056 1116 1060 1059 1060 1053 1056 1042 1050 1041 1050 920 1050 918 1050 916 1050 915 1050 906 1056 902 1059 873 1058 789 1052 789 1052 788 1052 786 1052 780 1058 777 1060 708 1060 704 1058 678 1050 678 1050 609 1050 608 1050 606 1050 586 1059 574 1050 573 1050 573 1050 540 1050 538 1050 537 1050 537 1050 525 1056 525 1090"/></Shape>
            <String CONTENT="adminiſtrationis ratio intelligatur, quæ ſumitur" HPOS="525" VPOS="1050" WIDTH="870" HEIGHT="62" WC="0.9900371978680292"/>
          </TextLine>
          <TextLine ID="line_22" TAGREFS="LT8" BASELINE="524 1140 1394 1136" HPOS="522" VPOS="1100" WIDTH="872" HEIGHT="60">
            <Shape><Polygon POINTS="524 1140 524 1158 783 1154 798 1158 806 1160 807 1160 808 1160 808 1160 814 1158 825 1154 840 1158 844 1160 844 1160 846 1160 870 1158 951 1154 988 1158 1000 1160 1002 1160 1014 1158 1050 1154 1086 1158 1101 1160 1102 1160 1104 1160 1110 1158 1130 1152 1149 1158 1150 1158 1152 1158 1154 1158 1156 1158 1182 1152 1202 1158 1203 1158 1204 1158 1206 1158 1392 1156 1394 1136 1390 1107 1062 1100 1060 1100 1060 1100 1059 1100 1047 1108 921 1108 903 1100 902 1100 813 1100 812 1100 810 1100 780 1108 734 1101 568 1101 567 1101 522 1110 524 1140"/></Shape>
            <String CONTENT="propter ipſius difficilem &amp; arduam curam, cuius" HPOS="522" VPOS="1100" WIDTH="872" HEIGHT="60" WC="0.9955694130126466"/>
          </TextLine>
          <TextLine ID="line_23" TAGREFS="LT8" BASELINE="524 1186 1392 1184" HPOS="522" VPOS="1148" WIDTH="870" HEIGHT="58">
            <Shape><Polygon POINTS="524 1186 524 1202 1365 1206 1366 1206 1368 1206 1392 1198 1392 1184 1388 1150 1232 1155 1224 1152 1221 1149 1220 1149 1218 1149 1216 1149 1185 1152 1158 1154 1149 1152 1134 1148 1132 1148 1131 1148 1130 1148 1119 1154 1112 1155 1089 1154 1048 1148 1047 1148 1046 1148 1044 1148 1036 1154 1035 1154 1016 1154 944 1150 944 1150 921 1154 909 1156 898 1155 867 1149 866 1149 864 1149 843 1155 837 1156 830 1155 801 1150 800 1150 764 1156 759 1156 758 1156 742 1149 741 1149 740 1149 648 1155 610 1149 610 1149 609 1149 586 1156 549 1149 549 1149 548 1149 522 1158 524 1186"/></Shape>
            <String CONTENT="non ſunt illæ capaces:tum vt hoc ipſum munus" HPOS="522" VPOS="1148" WIDTH="870" HEIGHT="58" WC="0.993808158419349"/>
          </TextLine>
          <TextLine ID="line_24" TAGREFS="LT8" BASELINE="524 1233 1395 1236" HPOS="524" VPOS="1196" WIDTH="872" HEIGHT="57">
            <Shape><Polygon POINTS="524 1233 524 1252 1395 1251 1395 1236 1395 1206 1258 1197 1257 1197 1256 1197 1236 1203 1230 1206 1122 1206 1110 1203 1094 1197 1092 1197 1092 1197 1090 1197 1089 1197 1084 1202 1080 1204 993 1204 975 1200 960 1197 958 1197 957 1197 956 1197 950 1200 940 1203 918 1200 900 1197 898 1197 866 1198 810 1203 802 1197 801 1197 801 1197 800 1197 764 1197 762 1197 760 1197 759 1197 744 1203 698 1197 698 1197 638 1203 628 1197 628 1197 627 1197 626 1197 624 1197 600 1203 524 1196 524 1233"/></Shape>
            <String CONTENT="in ſeſe quantũ ſit, quámque excellens &amp; eximium" HPOS="524" VPOS="1196" WIDTH="872" HEIGHT="57" WC="0.9910804446862669"/>
          </TextLine>
          <TextLine ID="line_25" TAGREFS="LT8" BASELINE="525 1282 1394 1282" HPOS="525" VPOS="1245" WIDTH="868" HEIGHT="57">
            <Shape><Polygon POINTS="525 1282 525 1302 1394 1298 1394 1282 1394 1252 1329 1252 1329 1252 1320 1245 1320 1245 1318 1245 1317 1245 1251 1252 1245 1252 1112 1252 1110 1252 1101 1245 1100 1245 1098 1245 972 1245 970 1245 969 1245 969 1245 963 1251 962 1252 956 1251 934 1245 872 1245 870 1245 870 1245 868 1245 864 1251 861 1252 525 1250 525 1282"/></Shape>
            <String CONTENT="demonſtretur, ne ad illud quiſquam temerè coo¬" HPOS="525" VPOS="1245" WIDTH="868" HEIGHT="57" WC="0.9969911042680132"/>
          </TextLine>
          <TextLine ID="line_26" TAGREFS="LT8" BASELINE="525 1332 1398 1332" HPOS="525" VPOS="1294" WIDTH="873" HEIGHT="57">
            <Shape><Polygon POINTS="525 1352 1396 1348 1398 1332 1398 1302 1378 1294 1377 1294 1376 1294 1326 1300 1302 1294 1302 1294 1300 1294 1132 1300 1072 1300 1060 1299 1042 1294 1042 1294 1041 1294 1011 1299 998 1300 981 1298 952 1294 951 1294 950 1294 950 1294 945 1298 939 1302 657 1302 626 1294 621 1294 620 1294 612 1294 556 1300 526 1294 525 1332 525 1352"/></Shape>
            <String CONTENT="ptetur: aut ne iam cooptati &amp; vocati perfunctoriè" HPOS="525" VPOS="1294" WIDTH="873" HEIGHT="57" WC="0.9991579639911652"/>
          </TextLine>
          <TextLine ID="line_27" TAGREFS="LT8" BASELINE="524 1378 1389 1382" HPOS="524" VPOS="1340" WIDTH="866" HEIGHT="62">
            <Shape><Polygon POINTS="524 1378 524 1390 550 1400 552 1400 554 1400 555 1400 572 1394 616 1400 616 1400 692 1394 728 1400 729 1400 730 1400 756 1394 838 1394 848 1400 849 1400 850 1400 850 1400 956 1394 996 1401 998 1401 1092 1395 1347 1400 1348 1400 1388 1394 1389 1382 1389 1348 1378 1341 1377 1341 1376 1341 1376 1341 1338 1348 1210 1342 1209 1342 1161 1348 1128 1342 1126 1342 1086 1348 1084 1348 1066 1341 1065 1341 1064 1341 1024 1348 1023 1348 1006 1341 1005 1341 1005 1341 868 1347 818 1340 816 1340 758 1347 754 1348 663 1348 660 1347 639 1340 638 1340 636 1340 524 1346 524 1378"/></Shape>
            <String CONTENT="&amp; leuiter eo defungantur, ſed intelligant, quæ ab" HPOS="524" VPOS="1340" WIDTH="866" HEIGHT="62" WC="0.9878402461810988"/>
          </TextLine>
          <TextLine ID="line_28" TAGREFS="LT8" BASELINE="524 1431 1395 1431" HPOS="524" VPOS="1388" WIDTH="872" HEIGHT="64">
            <Shape><Polygon POINTS="524 1431 524 1444 600 1450 602 1450 603 1450 615 1446 620 1443 622 1446 627 1450 628 1450 628 1450 630 1452 676 1452 676 1450 678 1450 678 1450 684 1446 688 1444 720 1448 764 1449 765 1449 824 1448 920 1443 926 1449 928 1450 930 1450 932 1450 932 1452 1000 1452 1000 1450 1035 1449 1113 1443 1162 1449 1173 1450 1174 1450 1188 1449 1256 1443 1264 1450 1266 1450 1268 1450 1269 1450 1274 1450 1312 1444 1394 1450 1395 1431 1395 1394 1356 1388 1354 1388 1317 1394 1286 1400 1134 1400 1124 1394 1116 1388 1116 1388 1114 1388 1113 1388 1080 1394 1060 1395 998 1394 906 1388 906 1388 904 1388 894 1392 888 1395 864 1392 837 1388 836 1388 834 1388 825 1392 813 1396 795 1392 778 1388 777 1388 777 1388 776 1388 760 1392 738 1398 722 1392 712 1388 711 1388 710 1388 710 1388 702 1392 693 1395 681 1392 672 1389 672 1389 670 1389 669 1389 663 1392 646 1400 606 1400 597 1392 592 1388 592 1388 591 1388 590 1388 524 1390 524 1431"/></Shape>
            <String CONTENT="ipſis requirantur. Denique vt eſſet certa quædã" HPOS="524" VPOS="1388" WIDTH="872" HEIGHT="64" WC="0.996849757929643"/>
          </TextLine>
          <TextLine ID="line_29" TAGREFS="LT8" BASELINE="524 1476 1395 1476" HPOS="524" VPOS="1440" WIDTH="872" HEIGHT="60">
            <Shape><Polygon POINTS="524 1476 525 1498 542 1491 561 1498 566 1498 567 1498 567 1500 622 1500 622 1498 622 1498 628 1497 642 1492 698 1497 734 1498 735 1498 753 1496 777 1491 792 1496 800 1498 801 1498 801 1498 802 1498 814 1496 832 1491 848 1496 861 1498 862 1498 864 1498 980 1494 1030 1492 1084 1492 1308 1498 1310 1498 1395 1490 1395 1476 1395 1449 1314 1449 1314 1449 1305 1442 1304 1442 1302 1442 1302 1442 1300 1442 1299 1442 1290 1449 1290 1449 1254 1449 1252 1449 1221 1440 1220 1440 1218 1440 1216 1440 1215 1440 1215 1442 1208 1449 1190 1442 1188 1442 1186 1442 1125 1449 1116 1449 1116 1449 1104 1442 1104 1442 1102 1442 1101 1442 1100 1442 1086 1448 1086 1449 1086 1448 1074 1440 1074 1440 1072 1440 1071 1440 1070 1440 1053 1448 1028 1440 1026 1440 1024 1440 1024 1440 1010 1448 1006 1449 948 1449 944 1448 932 1440 930 1440 928 1440 888 1446 879 1440 878 1440 876 1440 828 1440 826 1440 826 1440 825 1440 818 1446 777 1440 776 1440 524 1444 524 1476"/></Shape>
            <String CONTENT="regula ab ipſo Dei ſpiritu, nõ ab hominibus præ¬" HPOS="524" VPOS="1440" WIDTH="872" HEIGHT="60" WC="0.9895349534190431"/>
          </TextLine>
          <TextLine ID="line_30" TAGREFS="LT8" BASELINE="525 1524 1395 1527" HPOS="524" VPOS="1486" WIDTH="872" HEIGHT="62">
            <Shape><Polygon POINTS="525 1524 524 1542 744 1546 746 1546 746 1546 753 1544 770 1539 856 1545 880 1546 882 1546 898 1545 957 1540 969 1545 970 1546 972 1546 974 1546 980 1545 1006 1540 1095 1546 1104 1546 1104 1546 1110 1546 1186 1540 1222 1548 1228 1548 1230 1548 1232 1548 1233 1548 1246 1540 1368 1540 1390 1548 1395 1527 1394 1496 1360 1488 1311 1488 1310 1488 1308 1488 1308 1488 1299 1494 1296 1496 1274 1494 1200 1488 1198 1488 1150 1492 1122 1496 1108 1492 1089 1488 1088 1488 1064 1492 1042 1496 1034 1492 1024 1488 1023 1488 956 1486 956 1486 954 1486 952 1486 946 1491 940 1494 927 1491 915 1488 914 1488 914 1488 912 1488 904 1491 894 1494 858 1491 826 1486 825 1486 824 1486 814 1491 804 1494 758 1490 740 1488 738 1488 736 1488 732 1490 716 1494 698 1490 690 1486 690 1486 688 1486 654 1488 567 1494 558 1488 558 1486 556 1486 555 1486 555 1486 525 1486 525 1524"/></Shape>
            <String CONTENT="ſcripta, ad quam legitimæ vocationes in Eccleſia" HPOS="524" VPOS="1486" WIDTH="872" HEIGHT="62" WC="0.996412436167399"/>
          </TextLine>
          <TextLine ID="line_31" TAGREFS="LT8" BASELINE="522 1578 1392 1572" HPOS="522" VPOS="1536" WIDTH="870" HEIGHT="60">
            <Shape><Polygon POINTS="522 1590 684 1596 684 1596 729 1590 740 1588 771 1590 906 1594 906 1594 946 1588 958 1587 1060 1587 1064 1588 1074 1593 1076 1593 1077 1593 1078 1593 1092 1588 1095 1587 1098 1588 1124 1593 1125 1593 1390 1586 1392 1572 1389 1540 1332 1536 1332 1536 1330 1536 1329 1536 1323 1539 1314 1546 1166 1546 1114 1539 1092 1536 1092 1536 1090 1536 1084 1539 1068 1548 1024 1548 987 1539 970 1536 969 1536 969 1536 968 1536 964 1539 960 1542 922 1539 904 1538 903 1538 902 1538 898 1539 876 1548 849 1539 844 1538 843 1538 796 1538 795 1538 795 1538 794 1538 792 1539 777 1548 754 1539 752 1538 750 1538 748 1538 747 1538 746 1539 728 1548 710 1539 710 1539 708 1539 706 1539 666 1548 628 1539 627 1539 626 1539 624 1539 560 1548 522 1539 522 1578 522 1590"/></Shape>
            <String CONTENT="renocarentur, &amp; examinarentur. Itaque non li¬" HPOS="522" VPOS="1536" WIDTH="870" HEIGHT="60" WC="0.9939479165607028"/>
          </TextLine>
          <TextLine ID="line_32" TAGREFS="LT8" BASELINE="524 1624 1396 1624" HPOS="524" VPOS="1590" WIDTH="873" HEIGHT="52">
            <Shape><Polygon POINTS="524 1624 524 1635 1260 1641 1262 1641 1269 1641 1320 1635 1328 1641 1329 1641 1330 1641 1332 1642 1396 1642 1396 1624 1396 1599 1344 1599 1332 1590 1284 1590 1268 1599 1210 1599 1200 1590 1137 1599 1125 1590 1096 1590 1059 1599 1040 1590 1000 1590 968 1599 908 1599 878 1592 801 1598 724 1590 694 1599 652 1592 622 1599 598 1590 585 1599 524 1599 524 1624"/></Shape>
            <String CONTENT="cet hominibus priuatis vel Magiſtratibus: ſed ne" HPOS="524" VPOS="1590" WIDTH="873" HEIGHT="52" WC="0.9980376474559307"/>
          </TextLine>
          <TextLine ID="line_33" TAGREFS="LT8" BASELINE="524 1674 1395 1671" HPOS="522" VPOS="1634" WIDTH="873" HEIGHT="63">
            <Shape><Polygon POINTS="524 1674 524 1696 614 1695 615 1695 616 1695 632 1684 666 1684 681 1695 682 1695 684 1695 684 1695 686 1695 718 1684 849 1694 850 1694 850 1694 852 1694 864 1684 890 1690 891 1690 892 1690 940 1684 957 1694 958 1694 960 1694 962 1694 986 1684 1098 1690 1098 1690 1138 1684 1173 1690 1174 1690 1176 1690 1178 1690 1191 1684 1232 1684 1263 1692 1264 1692 1264 1692 1266 1692 1269 1692 1317 1684 1394 1690 1395 1671 1392 1640 1366 1642 1356 1638 1342 1634 1341 1634 1340 1634 1317 1638 1298 1644 1196 1644 1186 1638 1180 1634 1179 1634 1179 1634 1113 1634 1112 1634 1110 1634 1110 1634 1104 1638 1095 1646 1071 1646 1062 1638 1059 1635 1058 1635 1056 1635 1017 1635 1016 1635 1014 1635 1012 1635 1012 1635 1010 1638 1002 1646 966 1646 956 1638 951 1635 950 1635 950 1635 924 1635 922 1635 921 1635 920 1635 916 1636 906 1644 874 1636 860 1635 858 1635 858 1635 850 1636 834 1646 766 1646 748 1636 746 1635 744 1635 742 1635 741 1635 740 1635 740 1636 728 1647 672 1647 654 1636 652 1635 651 1635 615 1635 614 1635 608 1636 567 1646 555 1636 555 1635 554 1635 552 1635 550 1635 522 1635 524 1674"/></Shape>
            <String CONTENT="ſynodis quidem ipſis aliquid de electione perſo¬" HPOS="522" VPOS="1634" WIDTH="873" HEIGHT="63" WC="0.9969707901279131"/>
          </TextLine>
          <TextLine ID="line_34" TAGREFS="LT8" BASELINE="525 1722 1394 1719" HPOS="524" VPOS="1682" WIDTH="870" HEIGHT="54">
            <Shape><Polygon POINTS="525 1722 525 1732 1390 1736 1394 1719 1390 1692 1293 1682 1292 1682 1290 1682 1270 1692 1240 1692 1226 1682 1224 1682 1222 1682 1221 1682 1221 1682 1220 1682 1206 1692 1060 1692 1041 1683 1040 1683 972 1683 970 1683 969 1683 969 1683 952 1694 834 1694 814 1683 814 1683 813 1683 753 1690 723 1684 722 1684 722 1684 720 1684 708 1694 654 1684 652 1684 651 1684 650 1684 650 1684 639 1694 610 1689 609 1689 524 1695 525 1722"/></Shape>
            <String CONTENT="narum Eccleſiaſticarum ab his præceptis diſſen¬" HPOS="524" VPOS="1682" WIDTH="870" HEIGHT="54" WC="0.997884064278704"/>
          </TextLine>
          <TextLine ID="line_35" TAGREFS="LT8" BASELINE="525 1770 1396 1768" HPOS="524" VPOS="1732" WIDTH="873" HEIGHT="74">
            <Shape><Polygon POINTS="525 1770 525 1806 652 1806 652 1804 654 1804 654 1804 656 1803 670 1794 699 1800 700 1800 734 1794 744 1802 746 1802 746 1802 747 1802 748 1802 789 1788 838 1788 858 1797 858 1797 860 1797 906 1788 974 1797 975 1797 975 1797 1002 1788 1068 1798 1074 1798 1074 1798 1080 1798 1110 1794 1118 1797 1130 1803 1131 1803 1132 1804 1245 1804 1245 1803 1246 1803 1264 1796 1288 1788 1395 1794 1396 1768 1394 1740 1200 1740 1196 1740 1166 1732 1164 1732 1162 1732 1161 1732 1142 1740 1065 1732 1064 1732 1062 1732 1042 1740 1040 1740 898 1732 897 1732 858 1742 710 1742 681 1732 680 1732 544 1732 543 1732 543 1732 524 1742 525 1770"/></Shape>
            <String CONTENT="tiens vel contrarium ſtatuere. Nam hos canonas" HPOS="524" VPOS="1732" WIDTH="873" HEIGHT="74" WC="0.9952521790628848"/>
          </TextLine>
        </TextBlock>
        <TextBlock HPOS="1297" VPOS="1785" WIDTH="109" HEIGHT="50" ID="block_4" TAGREFS="BT17">
          <Shape><Polygon POINTS="1297 1785 1406 1785 1406 1835 1297 1835 1297 1785"/></Shape>
          <TextLine ID="line_36" TAGREFS="LT8" BASELINE="1294 1820 1407 1816" HPOS="1293" VPOS="1776" WIDTH="114" HEIGHT="68">
            <Shape><Polygon POINTS="1294 1820 1296 1844 1310 1838 1406 1844 1407 1816 1406 1788 1366 1776 1365 1776 1364 1776 1364 1776 1362 1776 1353 1782 1347 1788 1332 1780 1320 1776 1320 1776 1318 1776 1293 1776 1294 1820"/></Shape>
            <String CONTENT="Paul." HPOS="1293" VPOS="1776" WIDTH="114" HEIGHT="68" WC="0.9999582767486572"/>
          </TextLine>
        </TextBlock>
      </PrintSpace>
    </Page>
  </Layout>
</alto>
