1500 2172
328 160 330 40 CABVT IIII.

866 140 64 66 376

62 188 868 72 ptorum eſt in vniuerſum duplex. Prima, quòd

62 244 866 63 omnis reprehenſio eſt ipſa per ſe iam acerba. Ita¬

66 294 861 64 que quadam verborum lenitate eſt mitiganda, &

62 351 864 57 tanquam condienda, vt ſit vtilis peccatori, lubẽ¬

60 388 408 62 tiúſque ab eo audiatur.

108 434 813 70 Secunda, quòd iſta ratione paſtores agentes,

56 486 868 63 non impetu quodam animi ferri, ſed ſumma cha¬

56 536 868 64 ritate eos impelli apparebit, cum vitia reprehen¬

57 585 867 57 dunt. Maiorem autem vim & pondus habet no¬

56 634 868 57 ſtra oratio, vbi ſibi perſuadent homines, ſe à no¬

56 681 868 63 bis non animo iniurandi: ſed ſummo beneuolen¬

54 729 688 63 tiæ affectu commoneri, & reprehendi.

102 778 818 66 Quod ad ſpeciales cuiuſque præcepti rationes,

50 825 870 64 ſunt duæ. Prima, quòd ætas illa iuuenilis, qualis

48 876 872 63 fuit in Timotheo, omnino rationem hãc agendi

46 938 870 45 neceſſariam ene ſuadet. Multo enim odioſiores

48 970 868 66 ſunt reprehenſiones, quæ nobis ab adoleſcenti¬

48 1018 867 68 bus fiunt, quàm quæ à ſenibus & maturæ iam æ¬

48 1072 866 62 tatis viris. Senum enim prudentiam admiramur:

44 1114 752 69 atque illis propter ætatem facilè cedimus.

92 1166 818 68 Secunda ratio, quòd hæc ſenum & iuniorum

45 1210 862 75 appellatio, quam pręſcribit hîc Paulus, cum lege

42 1263 868 66 Dei maximè conuenit & conſentit. Illa enim iu¬

42 1312 867 66 bet, vt ſenes, & ipſam ſenectutẽ veneremur. Vn¬

42 1370 864 62 de Seniores pro patribus agnoſcere ſuadet. Qui

44 1408 862 66 verò ſunt nobis ætate æquales, fratrũ nominum

42 1458 864 69 & ſororũ ferè vulgò, amicitiæ ergò, à nobis ap¬

42 1508 208 66 pellantur.

96 1575 807 72 2 Mulieres natu grandiores, vt matres

36 1629 764 76 iuniores & ſorores, cum omni puritate.

81 1690 819 72 Cum omni castitate) Etiam in ipſo agendi cum

33 1743 867 81 illis iunioribus fœminis modo, ne prætextu mu¬
