<?xml version='1.0' encoding='UTF-8'?>
<alto xmlns:xsi="http://www.w3.org/2001/XMLSchema-instance" xmlns="http://www.loc.gov/standards/alto/ns-v4#" xsi:schemaLocation="http://www.loc.gov/standards/alto/ns-v4# http://www.loc.gov/standards/alto/v4/alto-4-2.xsd">
  <Description>
    <MeasurementUnit>pixel</MeasurementUnit>
    <sourceImageInformation>
      <fileName>2013192.jpeg</fileName>
    </sourceImageInformation>
  </Description>
  <Tags>
    <OtherTag ID="BT7" LABEL="CustomZone" DESCRIPTION="block type CustomZone"/><OtherTag ID="BT8" LABEL="DamageZone" DESCRIPTION="block type DamageZone"/><OtherTag ID="BT9" LABEL="DigitizationArtefactZone" DESCRIPTION="block type DigitizationArtefactZone"/><OtherTag ID="BT10" LABEL="DropCapitalZone" DESCRIPTION="block type DropCapitalZone"/><OtherTag ID="BT11" LABEL="GraphicZone" DESCRIPTION="block type GraphicZone"/><OtherTag ID="BT12" LABEL="MainZone" DESCRIPTION="block type MainZone"/><OtherTag ID="BT13" LABEL="MarginTextZone" DESCRIPTION="block type MarginTextZone"/><OtherTag ID="BT14" LABEL="MusicZone" DESCRIPTION="block type MusicZone"/><OtherTag ID="BT15" LABEL="NumberingZone" DESCRIPTION="block type NumberingZone"/><OtherTag ID="BT17" LABEL="QuireMarksZone" DESCRIPTION="block type QuireMarksZone"/><OtherTag ID="BT18" LABEL="RunningTitleZone" DESCRIPTION="block type RunningTitleZone"/><OtherTag ID="BT19" LABEL="SealZone" DESCRIPTION="block type SealZone"/><OtherTag ID="BT20" LABEL="StampZone" DESCRIPTION="block type StampZone"/><OtherTag ID="BT21" LABEL="TableZone" DESCRIPTION="block type TableZone"/><OtherTag ID="BT22" LABEL="TitlePageZone" DESCRIPTION="block type TitlePageZone"/><OtherTag ID="BT3407" LABEL="MainZone-Continued" DESCRIPTION="block type MainZone-Continued"/><OtherTag ID="BT3408" LABEL="MainZone-P" DESCRIPTION="block type MainZone-P"/><OtherTag ID="BT3409" LABEL="MainZone-Head" DESCRIPTION="block type MainZone-Head"/><OtherTag ID="BT3410" LABEL="MainZone-Other" DESCRIPTION="block type MainZone-Other"/><OtherTag ID="BT3411" LABEL="MainZone-Sp" DESCRIPTION="block type MainZone-Sp"/><OtherTag ID="BT3417" LABEL="MainZone-Sp-Continued" DESCRIPTION="block type MainZone-Sp-Continued"/><OtherTag ID="BT3418" LABEL="GraphicZone-Decoration" DESCRIPTION="block type GraphicZone-Decoration"/><OtherTag ID="BT3419" LABEL="MainZone-Entry" DESCRIPTION="block type MainZone-Entry"/><OtherTag ID="BT3420" LABEL="MainZone-Lg" DESCRIPTION="block type MainZone-Lg"/><OtherTag ID="BT3421" LABEL="MainZone-Entry-Continued" DESCRIPTION="block type MainZone-Entry-Continued"/><OtherTag ID="BT3422" LABEL="MarginTextZone-ManuscriptAddendum" DESCRIPTION="block type MarginTextZone-ManuscriptAddendum"/><OtherTag ID="BT3423" LABEL="MainZone-List" DESCRIPTION="block type MainZone-List"/>
    <OtherTag ID="LT7" LABEL="CustomLine" DESCRIPTION="line type CustomLine"/><OtherTag ID="LT8" LABEL="DefaultLine" DESCRIPTION="line type DefaultLine"/><OtherTag ID="LT9" LABEL="DropCapitalLine" DESCRIPTION="line type DropCapitalLine"/><OtherTag ID="LT10" LABEL="HeadingLine" DESCRIPTION="line type HeadingLine"/><OtherTag ID="LT11" LABEL="InterlinearLine" DESCRIPTION="line type InterlinearLine"/><OtherTag ID="LT12" LABEL="MusicLine" DESCRIPTION="line type MusicLine"/>
  </Tags>
  <Layout>
    <Page WIDTH="1500" HEIGHT="2172" PHYSICAL_IMG_NR="188" ID="eSc_dummypage_">
      <PrintSpace HPOS="0" VPOS="0" WIDTH="1500" HEIGHT="2172">
        <TextBlock HPOS="534" VPOS="123" WIDTH="80" HEIGHT="50" ID="block_1" TAGREFS="BT15">
          <Shape><Polygon POINTS="534 123 614 123 614 174 534 174 534 123"/></Shape>
          <TextLine ID="line_1" TAGREFS="LT8" BASELINE="534 160 636 159" HPOS="532" VPOS="148" WIDTH="104" HEIGHT="27">
            <Shape><Polygon POINTS="628 148 616 148 604 148 592 148 580 148 568 148 556 148 544 148 532 148 534 160 534 174 597 176 598 176 636 166 636 159 633 148 628 148"/></Shape>
            <String CONTENT="A0O" HPOS="532" VPOS="148" WIDTH="104" HEIGHT="27" WC="0.9999992847442627"/>
          </TextLine>
        </TextBlock>
        <TextBlock HPOS="705" VPOS="120" WIDTH="554" HEIGHT="54" ID="block_2" TAGREFS="BT18">
          <Shape><Polygon POINTS="705 120 1260 120 1260 174 705 174 705 120"/></Shape>
          <TextLine ID="line_2" TAGREFS="LT8" BASELINE="694 160 1258 158" HPOS="693" VPOS="123" WIDTH="566" HEIGHT="56">
            <Shape><Polygon POINTS="1116 148 1104 148 1092 148 1080 148 1066 148 1054 148 1042 148 1030 148 1018 148 1006 148 994 148 982 148 970 148 958 148 946 148 934 148 922 148 910 148 898 148 886 148 874 148 862 148 850 148 838 148 826 148 814 148 801 148 789 148 777 148 765 148 753 148 741 148 729 148 717 148 705 148 693 148 694 160 694 174 854 171 864 176 870 178 872 178 873 178 874 178 880 176 892 170 914 176 922 178 924 178 926 178 1006 178 1006 178 1008 178 1012 177 1034 170 1060 177 1066 178 1068 178 1070 178 1071 178 1077 177 1107 168 1136 168 1146 177 1148 177 1148 177 1149 177 1150 177 1184 168 1196 177 1197 177 1197 177 1198 178 1258 178 1258 158 1257 123 1131 123 1130 123 1130 123 1128 123 1128 124 1124 128 1116 135 1116 148"/></Shape>
            <String CONTENT="AD I. TAVL. AM TIM." HPOS="693" VPOS="123" WIDTH="566" HEIGHT="56" WC="0.9992846313275789"/>
          </TextLine>
        </TextBlock>
        <TextBlock HPOS="531" VPOS="185" WIDTH="867" HEIGHT="629" ID="block_3" TAGREFS="BT3407">
          <Shape><Polygon POINTS="531 185 1398 185 1398 813 531 813 531 185"/></Shape>
          <TextLine ID="line_3" TAGREFS="LT8" BASELINE="532 218 1394 212" HPOS="531" VPOS="168" WIDTH="862" HEIGHT="70">
            <Shape><Polygon POINTS="532 218 532 238 966 238 966 237 968 237 969 237 976 232 981 230 987 232 1005 237 1005 237 1006 237 1035 231 1048 228 1132 230 1352 234 1352 234 1392 226 1394 212 1390 180 1268 180 1221 168 1220 168 1218 168 1196 180 1160 174 1160 174 1094 178 1056 170 1054 170 1054 170 1053 170 1052 170 1052 171 1038 182 1036 182 950 171 950 171 948 171 920 182 846 172 844 172 844 172 822 183 822 184 778 184 777 183 734 172 734 172 732 172 730 172 693 183 680 172 678 172 678 172 592 172 591 172 590 172 588 172 573 184 573 184 531 184 532 218"/></Shape>
            <String CONTENT="mè de iis allegendis agit hoc loco. Sed neque e¬" HPOS="531" VPOS="168" WIDTH="862" HEIGHT="70" WC="0.9834365224351689"/>
          </TextLine>
          <TextLine ID="line_4" TAGREFS="LT8" BASELINE="530 268 1395 261" HPOS="530" VPOS="222" WIDTH="866" HEIGHT="62">
            <Shape><Polygon POINTS="530 268 530 284 1394 278 1395 261 1390 228 1359 231 1352 228 1340 224 1340 224 1338 224 1292 228 1270 231 1264 228 1251 222 1250 222 1106 222 1104 222 1104 222 1102 222 1092 230 1086 234 1018 234 1012 231 1002 224 1000 224 999 224 999 224 998 224 972 231 958 234 930 232 870 225 868 225 832 232 814 237 740 237 730 234 706 226 705 226 704 226 628 234 540 228 538 228 537 228 537 228 530 231 530 268"/></Shape>
            <String CONTENT="tiam diuites ab eodem munere ſuſcipiẽdo arcet:" HPOS="530" VPOS="222" WIDTH="866" HEIGHT="62" WC="0.9989171484683422"/>
          </TextLine>
          <TextLine ID="line_5" TAGREFS="LT8" BASELINE="530 318 1395 309" HPOS="528" VPOS="273" WIDTH="867" HEIGHT="64">
            <Shape><Polygon POINTS="530 318 530 330 604 338 604 338 660 328 668 328 675 328 740 336 740 336 741 336 766 328 780 334 782 334 783 334 831 328 870 334 872 334 873 334 897 327 900 327 914 327 1008 333 1010 333 1011 333 1026 327 1146 333 1148 333 1185 324 1188 324 1191 324 1228 330 1230 330 1270 324 1276 322 1280 322 1305 330 1306 330 1308 330 1352 324 1386 330 1388 330 1388 330 1389 330 1395 324 1395 309 1394 278 1198 273 1197 273 1197 273 1196 273 1186 280 1182 284 1130 284 1118 282 1096 274 1095 274 1094 274 1054 280 1034 274 1032 274 1030 274 990 284 978 285 975 284 966 276 964 276 963 276 934 276 933 276 880 278 879 278 878 278 870 285 866 288 772 288 771 286 756 280 754 280 753 280 753 280 752 280 741 286 740 288 724 286 666 282 666 282 664 282 651 288 648 290 528 290 530 318"/></Shape>
            <String CONTENT="cæterum quæ pauper eſt, poteſt tamẽ &amp; miſeri¬" HPOS="528" VPOS="273" WIDTH="867" HEIGHT="64" WC="0.9976718322090481"/>
          </TextLine>
          <TextLine ID="line_6" TAGREFS="LT8" BASELINE="530 366 1395 357" HPOS="530" VPOS="318" WIDTH="866" HEIGHT="62">
            <Shape><Polygon POINTS="530 366 530 380 1270 380 1270 378 1270 378 1298 370 1302 370 1304 370 1329 376 1330 376 1394 369 1395 357 1392 327 1320 318 1320 318 1318 318 1317 318 1306 327 1186 320 1185 320 1185 320 1156 328 1114 328 1086 320 1086 320 1084 320 980 330 969 322 969 322 968 322 966 322 964 322 951 327 922 321 921 321 920 321 903 328 878 322 876 322 876 322 874 322 873 322 861 333 798 333 777 322 777 322 776 322 720 333 663 324 662 324 660 324 660 324 648 333 640 327 639 327 638 327 636 327 530 334 530 366"/></Shape>
            <String CONTENT="cors &amp; benefica, &amp; hoſpitalis eſſe, &amp; afflictis ſub¬" HPOS="530" VPOS="318" WIDTH="866" HEIGHT="62" WC="0.9936394301744608"/>
          </TextLine>
          <TextLine ID="line_7" TAGREFS="LT8" BASELINE="530 412 1394 410" HPOS="530" VPOS="369" WIDTH="864" HEIGHT="58">
            <Shape><Polygon POINTS="530 412 530 424 1390 428 1394 410 1390 369 1320 369 1320 369 1318 369 1316 369 1304 375 1288 369 1284 369 1282 369 1282 369 1281 369 1276 369 1251 381 1221 381 1203 370 1198 369 1197 369 1197 369 1172 372 1104 380 1098 374 1095 372 1095 370 1094 370 1092 370 975 369 974 369 972 369 970 369 964 375 958 381 944 375 922 369 921 369 920 369 920 369 918 369 910 376 904 382 818 382 813 378 806 374 804 374 802 374 801 374 801 374 780 380 770 382 706 382 704 381 669 370 668 370 666 370 666 370 664 370 651 382 648 382 608 374 606 374 530 382 530 412"/></Shape>
            <String CONTENT="uenire, ſi quantum in ſe eſt, illa egenis præſtat, ſi" HPOS="530" VPOS="369" WIDTH="864" HEIGHT="58" WC="0.9898255489907175"/>
          </TextLine>
          <TextLine ID="line_8" TAGREFS="LT8" BASELINE="530 462 1394 456" HPOS="528" VPOS="417" WIDTH="866" HEIGHT="63">
            <Shape><Polygon POINTS="530 462 530 474 675 480 676 480 678 480 678 480 687 474 688 474 698 474 752 478 753 478 926 472 932 472 957 480 958 480 960 480 1008 471 1011 471 1022 477 1023 477 1024 477 1174 478 1176 478 1239 471 1324 477 1326 477 1394 468 1394 456 1390 430 1376 430 1359 417 1358 417 1358 417 1356 417 1354 417 1318 429 1302 420 1300 420 1248 417 1246 417 1246 417 1216 430 1197 430 1172 430 1098 430 1098 430 1078 418 1077 418 1076 418 1074 418 1074 418 1072 418 1053 430 1029 430 1024 430 1024 430 1005 418 1004 418 1002 418 962 418 960 418 958 418 932 430 932 430 927 430 874 418 746 418 744 418 742 418 741 418 724 430 722 430 658 420 657 420 656 420 630 430 628 432 622 430 590 423 588 423 586 423 585 423 585 423 573 430 573 432 528 432 530 462"/></Shape>
            <String CONTENT="corporis miniſterium exhibet, ſi operam ſuam il¬" HPOS="528" VPOS="417" WIDTH="866" HEIGHT="63" WC="0.9869490638375282"/>
          </TextLine>
          <TextLine ID="line_9" TAGREFS="LT8" BASELINE="530 510 1389 506" HPOS="528" VPOS="466" WIDTH="861" HEIGHT="63">
            <Shape><Polygon POINTS="530 510 530 526 616 522 624 526 630 530 632 530 633 530 698 528 718 525 750 520 774 524 795 528 796 528 798 528 814 524 828 520 898 520 906 524 920 528 920 528 921 528 970 522 987 520 993 522 1011 526 1011 526 1012 528 1166 528 1166 526 1224 519 1228 519 1233 519 1293 525 1294 525 1388 518 1389 506 1388 470 1332 466 1330 466 1329 466 1328 466 1324 470 1312 477 1251 477 1242 470 1242 468 1240 468 1240 468 1185 466 1184 466 1182 466 1172 470 1152 478 1060 478 1048 470 1044 468 1042 468 1042 468 1041 468 1040 468 1030 470 1000 477 987 470 982 468 981 468 981 468 980 468 975 470 956 480 900 480 885 470 884 468 882 468 882 468 850 468 850 468 838 470 794 478 753 470 744 468 742 468 734 470 693 480 654 471 528 471 530 510"/></Shape>
            <String CONTENT="lis impendit &amp; præbet, quando pecuniam confer" HPOS="528" VPOS="466" WIDTH="861" HEIGHT="63" WC="0.9982979045973883"/>
          </TextLine>
          <TextLine ID="line_10" TAGREFS="LT8" BASELINE="528 560 1392 555" HPOS="526" VPOS="518" WIDTH="866" HEIGHT="60">
            <Shape><Polygon POINTS="528 560 528 572 580 568 615 573 662 578 663 578 684 573 702 568 758 573 774 573 776 573 789 573 854 567 874 573 885 576 886 576 888 576 888 576 890 576 892 573 900 567 980 567 1065 573 1095 576 1096 576 1098 576 1098 576 1101 573 1108 568 1138 574 1143 574 1144 574 1146 574 1148 574 1166 567 1197 574 1198 574 1200 574 1202 576 1390 576 1392 555 1388 528 1274 528 1270 528 1248 518 1246 518 1246 518 1245 518 1244 518 1227 528 1226 528 1204 528 1114 524 1113 524 1076 528 1059 530 1053 528 1029 518 1028 518 993 518 992 518 990 518 970 528 968 530 963 528 946 519 945 519 944 519 944 519 942 519 928 528 926 530 892 530 888 528 864 518 862 518 831 518 830 518 828 518 808 528 808 528 796 519 795 519 795 519 722 519 720 519 718 519 717 519 708 528 704 531 634 531 632 528 622 519 621 519 620 519 549 519 548 519 546 519 526 525 528 560"/></Shape>
            <String CONTENT="re nõ poteſt. Denique &amp; vidua paupercula, quæ" HPOS="526" VPOS="518" WIDTH="866" HEIGHT="60" WC="0.9938404287980951"/>
          </TextLine>
          <TextLine ID="line_11" TAGREFS="LT8" BASELINE="530 608 1392 604" HPOS="528" VPOS="567" WIDTH="864" HEIGHT="60">
            <Shape><Polygon POINTS="530 608 530 618 616 626 616 626 660 620 668 618 670 620 676 626 678 626 678 626 680 626 681 626 694 620 698 618 771 618 774 620 780 626 782 626 783 626 783 627 814 627 814 626 816 626 832 621 843 616 888 621 939 624 940 624 942 624 944 624 950 621 956 616 1130 622 1212 622 1214 622 1215 622 1218 622 1232 616 1278 622 1282 622 1282 622 1288 622 1352 616 1389 622 1392 604 1390 578 1364 567 1362 567 1360 567 1359 567 1358 567 1341 578 1311 578 1266 567 1264 567 1264 567 1263 567 1248 578 1142 578 1118 567 1116 567 1116 567 1114 567 1080 578 1080 579 1053 579 1029 579 1004 567 1002 567 1000 567 999 567 975 578 964 567 963 567 962 567 962 567 926 573 903 567 902 567 900 567 900 567 873 578 824 572 822 572 784 578 759 568 758 568 756 568 710 579 698 568 696 568 694 568 672 568 672 568 670 568 638 578 568 568 567 568 567 568 528 579 530 608"/></Shape>
            <String CONTENT="minuta duo in gazophylacium miſit, maiorem," HPOS="528" VPOS="567" WIDTH="864" HEIGHT="60" WC="0.9997339539749678"/>
          </TextLine>
          <TextLine ID="line_12" TAGREFS="LT8" BASELINE="531 656 1390 652" HPOS="530" VPOS="614" WIDTH="861" HEIGHT="63">
            <Shape><Polygon POINTS="531 656 531 674 638 668 645 672 646 675 648 675 648 675 650 676 690 676 690 675 720 672 765 668 790 672 816 675 818 675 837 672 858 666 1005 669 1202 672 1203 672 1203 672 1204 672 1210 666 1214 666 1286 666 1290 666 1314 672 1314 672 1316 672 1317 672 1318 672 1326 666 1326 666 1389 666 1390 652 1388 622 1338 614 1336 614 1304 620 1282 614 1281 614 1280 614 1278 614 1245 622 1228 614 1227 614 1227 614 1226 614 1224 614 1202 620 1172 614 1170 614 1168 614 1167 614 1150 624 1142 624 1101 626 1072 626 1071 624 1050 615 1048 615 1048 615 1047 615 1046 615 1032 624 1030 626 1000 626 1000 624 981 615 981 615 945 615 944 615 944 615 942 615 930 626 873 626 832 615 832 615 831 615 830 615 828 615 814 626 814 627 789 627 789 626 777 616 776 616 774 616 723 616 722 616 722 616 720 616 710 622 687 616 686 616 596 616 594 616 592 616 572 627 530 627 531 656"/></Shape>
            <String CONTENT="quã alij Iudæi opulentiſsimi eleemoſynã cõtulit:" HPOS="530" VPOS="614" WIDTH="861" HEIGHT="63" WC="0.9957581583191367"/>
          </TextLine>
          <TextLine ID="line_13" TAGREFS="LT8" BASELINE="530 704 1390 700" HPOS="530" VPOS="663" WIDTH="861" HEIGHT="62">
            <Shape><Polygon POINTS="530 704 530 718 616 716 624 720 630 723 632 723 633 723 634 724 687 724 687 723 688 723 696 720 704 716 780 720 804 722 806 722 807 722 808 722 808 720 819 714 920 714 928 720 928 722 930 722 932 722 932 722 933 722 938 720 962 714 970 720 974 722 975 722 975 722 976 723 1102 723 1102 722 1116 722 1160 716 1176 722 1178 722 1179 722 1179 722 1180 722 1182 722 1194 714 1218 722 1220 722 1221 722 1221 722 1222 722 1242 712 1248 718 1250 718 1251 718 1252 718 1290 712 1318 718 1320 718 1320 718 1335 712 1388 722 1390 700 1389 674 1354 663 1353 663 1352 663 1352 663 1324 672 1300 663 1299 663 1203 663 1203 663 1202 663 1180 672 1179 672 1095 666 1094 666 1022 672 1005 674 994 672 938 664 936 664 934 664 912 672 906 675 795 675 789 672 778 666 777 666 777 666 776 666 774 666 753 672 744 675 716 672 672 668 670 668 634 672 618 674 615 672 603 666 602 666 600 666 530 672 530 704"/></Shape>
            <String CONTENT="&amp; Petrus ac Ioannes cùm pecuniam nõ haberẽt," HPOS="530" VPOS="663" WIDTH="861" HEIGHT="62" WC="0.9940802137902442"/>
          </TextLine>
          <TextLine ID="line_14" TAGREFS="LT8" BASELINE="530 754 1394 750" HPOS="528" VPOS="711" WIDTH="866" HEIGHT="68">
            <Shape><Polygon POINTS="530 754 530 771 606 766 615 771 621 777 622 777 622 777 624 777 654 777 654 777 654 777 674 771 690 766 708 771 740 777 740 777 741 777 760 771 774 765 879 765 890 770 902 772 903 772 904 772 969 771 986 778 987 778 987 778 1102 768 1143 778 1144 778 1146 778 1191 771 1221 777 1222 777 1224 778 1346 778 1346 777 1346 777 1347 777 1360 768 1366 772 1368 772 1370 772 1370 772 1371 772 1394 765 1394 750 1390 722 1286 722 1284 722 1274 712 1272 712 1270 712 1270 712 1233 720 1209 711 1208 711 1180 711 1179 711 1179 711 1160 720 1155 723 1086 723 1080 720 1074 716 1072 716 1071 716 1070 716 1048 720 1036 722 1029 718 1016 712 1014 712 1012 712 1011 712 992 718 980 722 966 718 950 714 948 714 946 714 879 718 830 722 816 717 801 714 801 714 800 714 778 717 742 724 710 717 700 716 699 716 678 716 610 723 596 716 592 716 592 716 591 716 528 716 530 754"/></Shape>
            <String CONTENT="ſummo tamen beneficio claudum affecerunt, vt" HPOS="528" VPOS="711" WIDTH="866" HEIGHT="68" WC="0.9860810176892714"/>
          </TextLine>
          <TextLine ID="line_15" TAGREFS="LT8" BASELINE="530 801 987 801" HPOS="530" VPOS="760" WIDTH="458" HEIGHT="57">
            <Shape><Polygon POINTS="530 801 530 812 537 818 538 818 540 818 542 818 591 812 604 818 606 818 608 818 987 810 987 801 987 771 934 760 933 760 932 760 906 766 838 760 837 760 836 760 820 770 783 760 782 760 780 760 778 760 765 771 640 771 568 760 567 760 567 760 530 771 530 801"/></Shape>
            <String CONTENT="eſt Luc.21.verſ.2.Actor.2." HPOS="530" VPOS="760" WIDTH="458" HEIGHT="57" WC="0.9933598591731145"/>
          </TextLine>
        </TextBlock>
        <TextBlock HPOS="526" VPOS="817" WIDTH="872" HEIGHT="977" ID="block_4" TAGREFS="BT3408">
          <Shape><Polygon POINTS="526 817 1399 817 1399 1794 526 1794 526 817"/></Shape>
          <TextLine ID="line_16" TAGREFS="LT8" BASELINE="578 850 1394 844" HPOS="576" VPOS="801" WIDTH="818" HEIGHT="72">
            <Shape><Polygon POINTS="578 850 578 861 604 872 606 872 608 873 654 873 654 872 656 872 657 872 670 861 672 861 676 861 742 867 744 867 746 867 746 867 753 861 753 860 930 860 932 860 940 868 942 868 944 868 944 868 972 862 986 870 987 870 987 870 1066 870 1066 870 1066 870 1068 870 1082 860 1086 858 1104 858 1108 860 1122 870 1124 870 1125 870 1126 870 1185 870 1185 870 1186 870 1209 860 1210 858 1215 860 1234 866 1236 866 1238 866 1274 860 1300 868 1302 868 1302 868 1392 858 1394 844 1390 814 1326 814 1326 813 1308 801 1308 801 1306 801 1244 801 1242 801 1192 813 1185 814 1174 813 1142 807 1140 807 1138 807 1130 813 1128 814 1126 813 1113 801 1112 801 1110 801 1110 801 1070 808 1032 801 1030 801 1030 801 993 813 982 814 972 813 952 807 951 807 950 807 950 807 948 807 948 807 942 812 938 816 900 816 896 812 885 802 884 802 882 802 819 802 818 802 816 802 814 802 802 812 796 816 771 818 740 818 728 812 710 804 710 804 708 804 676 807 675 807 674 807 674 807 669 812 663 818 628 818 618 812 604 804 603 804 602 804 600 804 576 810 578 850"/></Shape>
            <String CONTENT="Quod idem Paulus ait. Quæ lauit pedes.) ſum¬" HPOS="576" VPOS="801" WIDTH="818" HEIGHT="72" WC="0.9789096929810264"/>
          </TextLine>
          <TextLine ID="line_17" TAGREFS="LT8" BASELINE="528 898 1394 894" HPOS="526" VPOS="856" WIDTH="867" HEIGHT="62">
            <Shape><Polygon POINTS="528 898 530 918 561 909 640 909 684 918 684 918 686 918 690 918 830 908 867 916 870 916 870 916 873 916 910 908 944 908 958 915 962 916 962 916 963 916 969 915 1004 909 1040 915 1050 916 1052 916 1053 916 1058 915 1080 908 1116 914 1124 915 1125 915 1126 915 1130 914 1160 906 1238 906 1246 912 1248 915 1250 915 1251 915 1252 915 1392 912 1394 894 1390 866 1353 860 1352 860 1320 864 1314 866 1305 864 1264 856 1264 856 1263 856 1262 856 1262 858 1254 864 1252 867 1221 867 1214 864 1191 856 1190 856 1188 856 1186 856 1185 856 1178 864 1174 864 1160 862 1071 858 1070 858 1068 858 1059 862 1052 868 970 868 964 862 960 858 958 858 957 858 912 858 910 858 909 858 896 862 879 867 858 862 838 858 837 858 819 862 789 870 759 870 748 862 746 860 746 860 744 860 660 860 660 860 658 860 657 860 656 861 644 870 603 870 526 861 528 898"/></Shape>
            <String CONTENT="ptum videri poteſt partim ex Gene.18.verſ.4.19." HPOS="526" VPOS="856" WIDTH="867" HEIGHT="62" WC="0.9825938039637626"/>
          </TextLine>
          <TextLine ID="line_18" TAGREFS="LT8" BASELINE="530 946 1394 940" HPOS="530" VPOS="904" WIDTH="864" HEIGHT="62">
            <Shape><Polygon POINTS="530 946 530 960 699 966 700 966 702 966 704 966 704 964 710 958 711 957 784 957 789 958 801 964 801 964 802 966 858 966 858 964 860 964 873 957 876 956 888 957 944 963 944 963 975 956 980 956 987 963 988 963 990 963 992 964 1022 964 1022 963 1023 963 1048 956 1053 956 1056 956 1078 962 1080 962 1080 962 1170 956 1216 962 1218 962 1392 952 1394 940 1390 915 1342 915 1320 906 1318 906 1317 906 1316 906 1299 915 1258 915 1221 904 1221 904 1220 904 1218 904 1216 904 1198 915 1158 906 1156 906 1155 906 1137 915 1078 915 1048 906 1048 906 1047 906 990 916 957 908 956 908 956 908 954 908 930 916 902 906 900 906 900 906 898 906 897 906 882 916 852 908 850 908 850 908 849 908 848 908 836 918 812 918 780 908 778 908 777 908 740 915 720 908 718 908 717 908 716 908 687 918 636 918 624 909 622 909 622 909 600 909 598 909 530 920 530 946"/></Shape>
            <String CONTENT="verſ.2.43.verſ.24 vbi hæc eadem ratio dicendi v¬" HPOS="530" VPOS="904" WIDTH="864" HEIGHT="62" WC="0.9947338066995144"/>
          </TextLine>
          <TextLine ID="line_19" TAGREFS="LT8" BASELINE="526 996 1395 992" HPOS="525" VPOS="956" WIDTH="870" HEIGHT="62">
            <Shape><Polygon POINTS="526 996 526 1017 561 1011 615 1016 616 1016 616 1016 618 1016 642 1008 712 1014 729 1016 730 1016 746 1014 800 1006 938 1011 1020 1012 1022 1012 1023 1012 1030 1010 1040 1005 1047 1010 1054 1012 1056 1012 1058 1012 1088 1008 1108 1005 1126 1008 1164 1012 1166 1012 1394 1004 1395 992 1394 963 1362 956 1360 956 1316 956 1314 956 1314 956 1312 956 1304 962 1302 964 1209 964 1203 962 1179 956 1179 956 1178 956 1176 956 1160 962 1152 964 1131 962 1092 956 1090 956 1065 962 1048 966 984 966 975 962 964 957 963 957 962 957 945 962 922 966 886 962 861 957 860 957 836 962 806 964 788 960 776 957 774 957 772 957 771 957 760 960 740 966 710 960 700 958 699 958 690 960 660 966 652 960 651 960 650 960 525 960 526 996"/></Shape>
            <String CONTENT="ſurpatur: partim ex recepto tunc more inter O¬" HPOS="525" VPOS="956" WIDTH="870" HEIGHT="62" WC="0.9992496500844541"/>
          </TextLine>
          <TextLine ID="line_20" TAGREFS="LT8" BASELINE="524 1046 1394 1040" HPOS="524" VPOS="999" WIDTH="870" HEIGHT="68">
            <Shape><Polygon POINTS="524 1046 524 1062 580 1056 594 1062 604 1066 604 1066 606 1066 608 1066 620 1060 630 1056 722 1054 728 1060 734 1065 735 1065 736 1065 738 1066 771 1066 771 1065 772 1065 788 1059 800 1054 867 1054 894 1058 945 1064 946 1064 948 1064 950 1064 957 1056 962 1054 975 1056 1010 1064 1011 1064 1078 1054 1092 1054 1095 1054 1110 1060 1110 1060 1191 1062 1191 1062 1192 1062 1209 1054 1210 1053 1215 1054 1242 1060 1244 1060 1245 1062 1308 1062 1308 1060 1392 1050 1394 1040 1388 1000 1371 1010 1347 1010 1338 1000 1336 999 1335 999 1334 999 1332 999 1332 999 1328 1000 1311 1010 1274 1010 1236 1002 1224 999 1222 999 1221 999 1221 999 1218 1002 1206 1011 1136 1011 1122 1002 1122 1000 1120 1000 1119 1000 1066 1000 1065 1000 1064 1000 1060 1002 1040 1011 920 1004 894 1002 894 1002 892 1002 886 1004 852 1012 802 1012 783 1004 780 1004 778 1004 777 1004 777 1004 776 1004 764 1011 712 1011 702 1005 700 1004 699 1004 698 1004 698 1004 696 1004 694 1004 693 1005 680 1012 654 1005 654 1005 652 1005 651 1005 650 1005 648 1005 626 1012 524 1005 524 1046"/></Shape>
            <String CONTENT="rientales homines. Nã cùm qui fere pedibus iter" HPOS="524" VPOS="999" WIDTH="870" HEIGHT="68" WC="0.996803486833767"/>
          </TextLine>
          <TextLine ID="line_21" TAGREFS="LT8" BASELINE="524 1094 1395 1090" HPOS="522" VPOS="1048" WIDTH="873" HEIGHT="62">
            <Shape><Polygon POINTS="524 1094 524 1108 1394 1110 1395 1090 1392 1054 1356 1058 1352 1054 1344 1048 1342 1048 1341 1048 1314 1048 1312 1048 1311 1048 1310 1048 1302 1054 1296 1059 1234 1059 1224 1054 1209 1048 1209 1048 1208 1048 1206 1048 1204 1048 1204 1050 1200 1054 1196 1059 1114 1059 1106 1054 1098 1050 1096 1050 1095 1050 1094 1050 1092 1050 1088 1054 1080 1060 1022 1060 1008 1054 999 1050 998 1050 956 1050 954 1050 952 1050 951 1050 951 1052 948 1054 942 1060 920 1060 906 1054 897 1050 896 1050 846 1050 844 1050 844 1050 843 1050 838 1054 832 1059 806 1054 790 1052 789 1052 776 1054 740 1060 696 1054 678 1052 676 1052 675 1052 670 1054 658 1060 621 1060 598 1054 592 1052 592 1052 591 1052 590 1052 585 1054 572 1059 522 1054 524 1094"/></Shape>
            <String CONTENT="faciunt, fole, nimióque labore incaleſcant, ſunt" HPOS="522" VPOS="1048" WIDTH="873" HEIGHT="62" WC="0.9899729806549695"/>
          </TextLine>
          <TextLine ID="line_22" TAGREFS="LT8" BASELINE="524 1142 1394 1137" HPOS="524" VPOS="1098" WIDTH="870" HEIGHT="62">
            <Shape><Polygon POINTS="524 1142 524 1158 622 1154 648 1156 669 1160 670 1160 690 1156 708 1154 722 1156 738 1160 740 1160 740 1160 741 1160 742 1160 748 1155 756 1152 860 1152 867 1154 876 1160 876 1160 878 1160 906 1154 920 1152 930 1154 948 1160 950 1160 950 1160 1074 1152 1092 1152 1096 1152 1137 1158 1138 1158 1179 1150 1191 1149 1196 1150 1209 1156 1209 1156 1210 1156 1212 1156 1214 1156 1221 1150 1222 1150 1257 1156 1258 1156 1258 1156 1282 1149 1286 1149 1292 1149 1344 1156 1346 1156 1392 1148 1394 1137 1390 1108 1280 1098 1278 1098 1276 1098 1276 1098 1264 1107 1172 1100 1172 1100 1170 1100 1144 1108 1143 1108 1119 1101 1118 1101 1116 1101 1080 1108 1077 1108 1074 1108 992 1100 990 1100 988 1100 960 1108 956 1110 945 1108 882 1101 808 1101 808 1101 807 1101 806 1101 801 1106 795 1101 794 1101 792 1101 790 1101 789 1101 765 1107 694 1102 693 1102 692 1102 678 1110 675 1112 604 1112 602 1110 586 1104 585 1104 585 1104 554 1110 548 1110 546 1110 537 1102 536 1102 534 1102 532 1102 531 1102 530 1102 524 1106 524 1142"/></Shape>
            <String CONTENT="eorum pedes abluẽdi vt refrigerentur, recreẽtur" HPOS="524" VPOS="1098" WIDTH="870" HEIGHT="62" WC="0.9953474755189857"/>
          </TextLine>
          <TextLine ID="line_23" TAGREFS="LT8" BASELINE="524 1190 1394 1185" HPOS="524" VPOS="1146" WIDTH="870" HEIGHT="63">
            <Shape><Polygon POINTS="524 1190 524 1203 740 1209 740 1209 818 1203 842 1202 1390 1202 1394 1185 1389 1155 1350 1156 1340 1155 1293 1146 1292 1146 1290 1146 1290 1146 1276 1155 1275 1158 1224 1158 1221 1156 1204 1146 1203 1146 1203 1146 1202 1146 1200 1146 1176 1156 1172 1158 1162 1156 1107 1149 1106 1149 1104 1149 1086 1158 1086 1160 1005 1160 1005 1158 988 1150 987 1150 987 1150 986 1150 984 1150 975 1160 868 1160 850 1148 849 1148 848 1148 846 1148 764 1154 747 1148 746 1148 746 1148 670 1149 669 1149 650 1160 634 1149 634 1149 633 1149 568 1149 567 1149 537 1152 537 1152 536 1152 524 1160 524 1190"/></Shape>
            <String CONTENT="&amp; refocillentur. Qui autem equo incedunt &amp; iter" HPOS="524" VPOS="1146" WIDTH="870" HEIGHT="63" WC="0.9917918773407631"/>
          </TextLine>
          <TextLine ID="line_24" TAGREFS="LT8" BASELINE="525 1239 1395 1236" HPOS="524" VPOS="1197" WIDTH="872" HEIGHT="58">
            <Shape><Polygon POINTS="525 1239 525 1256 1395 1252 1395 1236 1394 1206 1356 1197 1354 1197 1311 1204 1290 1197 1288 1197 1287 1197 1130 1203 1106 1197 1104 1197 1104 1197 1076 1197 1074 1197 1074 1197 1062 1206 912 1197 910 1197 909 1197 885 1206 764 1198 762 1198 760 1198 759 1198 748 1208 736 1202 735 1202 734 1202 674 1208 660 1200 658 1200 561 1198 561 1198 560 1198 524 1209 525 1239"/></Shape>
            <String CONTENT="cõficiũt, nõ egent ferè hoc auxilio &amp; miniſterio." HPOS="524" VPOS="1197" WIDTH="872" HEIGHT="58" WC="0.9819277479963483"/>
          </TextLine>
          <TextLine ID="line_25" TAGREFS="LT8" BASELINE="525 1288 1392 1282" HPOS="524" VPOS="1244" WIDTH="868" HEIGHT="57">
            <Shape><Polygon POINTS="525 1288 525 1300 1389 1300 1392 1282 1388 1250 1364 1252 1354 1250 1335 1244 1334 1244 1332 1244 1332 1244 1308 1250 1300 1252 1294 1250 1282 1245 1282 1245 1281 1245 1250 1250 1236 1252 1222 1251 1174 1244 1173 1244 1172 1244 1172 1244 1161 1251 1158 1254 1088 1254 1082 1252 1066 1245 1065 1245 974 1245 972 1245 970 1245 951 1252 922 1245 921 1245 920 1245 904 1252 900 1254 896 1252 876 1245 874 1245 804 1245 802 1245 801 1245 778 1254 777 1254 774 1254 754 1245 753 1245 753 1245 752 1245 750 1245 740 1254 738 1257 579 1257 576 1256 537 1246 536 1246 534 1246 532 1246 524 1252 525 1288"/></Shape>
            <String CONTENT="Ergo ex conſuetudine loci hoc annotauit Paulus." HPOS="524" VPOS="1244" WIDTH="868" HEIGHT="57" WC="0.9845746273690081"/>
          </TextLine>
          <TextLine ID="line_26" TAGREFS="LT8" BASELINE="526 1336 1394 1332" HPOS="525" VPOS="1293" WIDTH="868" HEIGHT="58">
            <Shape><Polygon POINTS="526 1336 526 1348 1131 1350 1132 1350 1134 1350 1136 1350 1148 1344 1166 1350 1166 1350 1167 1350 1168 1350 1170 1350 1172 1350 1192 1344 1203 1350 1203 1350 1204 1350 1206 1352 1392 1352 1394 1332 1390 1304 1254 1293 1224 1293 1222 1293 1221 1293 1221 1293 1209 1302 1209 1304 1179 1304 1179 1302 1167 1294 1167 1293 1166 1293 1166 1293 1164 1293 1104 1299 1066 1294 1065 1294 1064 1294 1038 1302 1034 1304 1029 1302 1008 1294 1006 1294 1005 1294 1005 1294 984 1302 978 1304 960 1302 891 1294 890 1294 888 1294 861 1300 852 1304 844 1300 824 1294 822 1294 820 1294 784 1294 783 1294 771 1300 765 1305 735 1300 714 1299 712 1299 693 1300 666 1305 660 1300 650 1294 648 1294 648 1294 646 1294 645 1294 644 1294 634 1300 628 1306 588 1306 580 1300 573 1294 572 1294 570 1294 568 1294 525 1300 526 1336"/></Shape>
            <String CONTENT="Hoc autem ipſum magnam animi demiſsionem" HPOS="525" VPOS="1293" WIDTH="868" HEIGHT="58" WC="0.9998382940888405"/>
          </TextLine>
          <TextLine ID="line_27" TAGREFS="LT8" BASELINE="524 1383 1394 1380" HPOS="524" VPOS="1338" WIDTH="870" HEIGHT="63">
            <Shape><Polygon POINTS="524 1383 524 1396 681 1395 684 1396 696 1401 698 1401 698 1401 994 1394 1002 1394 1010 1400 1011 1400 1011 1400 1012 1401 1098 1401 1098 1400 1176 1394 1184 1400 1185 1400 1185 1400 1186 1400 1227 1394 1364 1400 1364 1400 1365 1400 1394 1390 1394 1380 1392 1348 1356 1338 1354 1338 1353 1338 1270 1347 1240 1338 1239 1338 1238 1338 1185 1347 1184 1347 1104 1338 1102 1338 975 1347 956 1350 920 1350 915 1347 903 1338 902 1338 900 1338 855 1338 854 1338 852 1338 837 1347 825 1342 824 1342 822 1342 820 1342 820 1342 814 1347 808 1350 747 1350 744 1347 736 1341 736 1340 735 1340 734 1340 704 1340 702 1340 700 1340 686 1347 680 1350 660 1347 610 1340 610 1340 524 1346 524 1383"/></Shape>
            <String CONTENT="ſignificat, cùm viliſsima &amp; ſordidiſsima hominis" HPOS="524" VPOS="1338" WIDTH="870" HEIGHT="63" WC="0.9875351287880723"/>
          </TextLine>
          <TextLine ID="line_28" TAGREFS="LT8" BASELINE="528 1434 1394 1428" HPOS="526" VPOS="1388" WIDTH="867" HEIGHT="69">
            <Shape><Polygon POINTS="528 1434 530 1456 561 1444 610 1444 624 1455 626 1455 627 1455 628 1455 639 1455 729 1443 747 1452 753 1455 754 1455 756 1456 783 1456 783 1455 783 1455 794 1452 808 1444 878 1444 894 1449 908 1455 909 1455 910 1455 912 1455 914 1455 920 1449 928 1443 960 1443 972 1449 986 1455 987 1455 987 1455 1020 1455 1020 1455 1022 1455 1023 1455 1030 1448 1036 1443 1058 1443 1104 1443 1110 1444 1120 1454 1122 1454 1122 1454 1124 1455 1144 1455 1144 1454 1146 1454 1180 1443 1186 1443 1191 1443 1216 1452 1218 1452 1220 1454 1310 1454 1310 1452 1311 1452 1329 1443 1392 1438 1394 1428 1390 1400 1336 1389 1335 1389 1334 1389 1332 1389 1322 1400 1262 1400 1226 1388 1224 1388 1222 1388 1221 1388 1185 1400 1104 1388 1104 1388 1044 1400 968 1389 966 1389 964 1389 963 1389 950 1401 850 1401 837 1390 836 1390 834 1390 700 1390 699 1390 526 1404 528 1434"/></Shape>
            <String CONTENT="pars ferè ſint pedes: quos quæcunque ita contre¬" HPOS="526" VPOS="1388" WIDTH="867" HEIGHT="69" WC="0.9901846866218411"/>
          </TextLine>
          <TextLine ID="line_29" TAGREFS="LT8" BASELINE="530 1480 1395 1478" HPOS="528" VPOS="1440" WIDTH="867" HEIGHT="58">
            <Shape><Polygon POINTS="530 1480 530 1491 628 1498 630 1498 632 1498 646 1492 650 1491 654 1492 668 1498 669 1498 670 1498 672 1498 684 1492 686 1492 729 1492 878 1497 879 1497 880 1497 888 1494 896 1491 914 1494 928 1497 930 1498 930 1497 944 1494 963 1491 994 1494 1014 1497 1016 1497 1030 1494 1064 1490 1100 1496 1110 1497 1112 1498 1280 1498 1280 1497 1281 1497 1282 1497 1308 1490 1392 1497 1395 1478 1392 1440 1326 1440 1324 1440 1323 1440 1322 1440 1308 1452 1234 1452 1218 1442 1216 1440 1215 1440 1215 1440 1214 1440 1212 1440 1208 1442 1172 1450 999 1450 987 1443 982 1440 981 1440 981 1440 980 1440 916 1442 915 1442 908 1443 892 1452 710 1452 684 1446 662 1442 660 1442 620 1443 618 1443 616 1443 610 1448 604 1452 591 1448 573 1442 572 1442 570 1442 528 1448 530 1480"/></Shape>
            <String CONTENT="ctare, &amp; curare non dedignatur, certè nec vilia" HPOS="528" VPOS="1440" WIDTH="867" HEIGHT="58" WC="0.9784523968895277"/>
          </TextLine>
          <TextLine ID="line_30" TAGREFS="LT8" BASELINE="530 1528 1395 1524" HPOS="528" VPOS="1486" WIDTH="867" HEIGHT="64">
            <Shape><Polygon POINTS="530 1528 530 1538 549 1551 549 1551 550 1551 552 1551 654 1538 710 1544 710 1544 884 1539 894 1545 896 1545 897 1545 898 1545 951 1536 956 1536 957 1536 981 1544 982 1544 984 1544 1070 1542 1084 1548 1086 1548 1086 1548 1154 1538 1176 1548 1178 1548 1179 1550 1246 1550 1246 1548 1246 1548 1274 1539 1287 1548 1288 1548 1290 1548 1290 1550 1342 1550 1342 1548 1395 1536 1395 1524 1395 1498 1368 1486 1366 1486 1365 1486 1364 1486 1326 1498 1326 1498 1185 1498 1182 1497 1172 1492 1170 1492 1168 1492 1140 1497 1130 1498 1125 1497 1107 1486 1106 1486 1104 1486 1104 1486 1086 1496 1080 1498 1074 1496 1060 1486 1059 1486 1058 1486 1026 1486 1024 1486 1024 1486 1023 1486 1011 1496 1004 1500 968 1500 957 1494 944 1486 944 1486 942 1486 900 1486 900 1486 898 1486 882 1494 870 1498 856 1492 843 1488 842 1488 840 1488 838 1488 830 1492 816 1500 802 1492 792 1486 790 1486 612 1486 610 1486 610 1486 609 1486 604 1491 592 1500 528 1491 530 1528"/></Shape>
            <String CONTENT="quælibet alia munera &amp; miniſteria, quę pauperi¬" HPOS="528" VPOS="1486" WIDTH="867" HEIGHT="64" WC="0.9948924419780573"/>
          </TextLine>
          <TextLine ID="line_31" TAGREFS="LT8" BASELINE="528 1578 1394 1574" HPOS="526" VPOS="1534" WIDTH="867" HEIGHT="57">
            <Shape><Polygon POINTS="528 1578 528 1592 1392 1586 1394 1574 1390 1548 1272 1548 1270 1546 1257 1534 1256 1534 1254 1534 1252 1534 1252 1534 1251 1534 1233 1546 1228 1548 1190 1548 1185 1546 1168 1534 1167 1534 1166 1534 1166 1534 1164 1534 1140 1545 1136 1548 1130 1545 1106 1534 1104 1534 1104 1534 1102 1534 1083 1545 1074 1548 1024 1548 1012 1544 990 1536 988 1536 987 1536 987 1536 963 1544 951 1548 914 1548 897 1542 878 1536 876 1536 876 1536 726 1536 724 1536 716 1540 690 1550 616 1540 615 1540 614 1540 585 1548 526 1539 528 1578"/></Shape>
            <String CONTENT="bus ægrotantibus impendi neceſſe eſt, obire ea¬" HPOS="526" VPOS="1534" WIDTH="867" HEIGHT="57" WC="0.9950142807148873"/>
          </TextLine>
          <TextLine ID="line_32" TAGREFS="LT8" BASELINE="526 1624 1392 1622" HPOS="525" VPOS="1581" WIDTH="867" HEIGHT="63">
            <Shape><Polygon POINTS="526 1624 526 1636 646 1635 663 1636 704 1644 705 1644 706 1644 708 1644 717 1636 722 1635 734 1636 752 1641 753 1641 876 1636 908 1635 912 1635 936 1642 938 1642 938 1642 972 1635 975 1635 978 1635 1005 1642 1006 1642 1008 1642 1047 1635 1050 1635 1053 1635 1094 1641 1095 1641 1096 1641 1113 1635 1119 1634 1122 1635 1131 1642 1132 1642 1134 1642 1136 1644 1166 1644 1166 1642 1167 1642 1197 1635 1204 1634 1214 1635 1239 1642 1240 1642 1240 1644 1316 1644 1316 1642 1317 1642 1318 1642 1328 1635 1372 1642 1374 1642 1376 1642 1392 1635 1392 1622 1389 1594 1299 1594 1298 1593 1281 1581 1280 1581 1278 1581 1276 1581 1276 1581 1238 1592 1220 1581 1218 1581 1216 1581 1142 1581 1142 1581 1100 1590 1084 1581 1083 1581 1082 1581 1018 1588 970 1581 969 1581 969 1581 942 1590 922 1584 921 1584 920 1584 920 1584 918 1584 908 1592 906 1592 904 1592 894 1582 892 1582 891 1582 825 1582 824 1582 822 1582 808 1590 798 1596 573 1596 560 1588 544 1582 543 1582 543 1582 542 1582 525 1587 526 1624"/></Shape>
            <String CONTENT="dem vnquam recuſabit. Chriſtus ipſe in ſignum" HPOS="525" VPOS="1581" WIDTH="867" HEIGHT="63" WC="0.9983252008756002"/>
          </TextLine>
          <TextLine ID="line_33" TAGREFS="LT8" BASELINE="525 1674 1395 1671" HPOS="524" VPOS="1628" WIDTH="872" HEIGHT="66">
            <Shape><Polygon POINTS="525 1674 525 1683 628 1684 646 1692 648 1692 648 1692 650 1692 663 1684 801 1684 848 1694 849 1694 850 1694 870 1684 1054 1692 1054 1692 1056 1692 1058 1692 1071 1684 1173 1683 1216 1692 1218 1694 1332 1694 1332 1692 1334 1692 1335 1692 1346 1684 1382 1689 1383 1689 1384 1689 1386 1689 1395 1683 1395 1671 1392 1632 1340 1632 1338 1632 1336 1632 1335 1632 1322 1641 1218 1641 1202 1634 1200 1634 1198 1634 1086 1640 1072 1630 1066 1628 1065 1628 1064 1628 1062 1628 1040 1630 999 1638 987 1630 980 1628 978 1628 976 1628 975 1628 962 1630 924 1641 904 1630 900 1629 898 1629 738 1629 736 1629 735 1629 734 1629 732 1630 718 1641 672 1641 657 1630 654 1629 654 1629 652 1629 651 1629 524 1629 525 1674"/></Shape>
            <String CONTENT="humilitatis lauit pedes diſcipulorum Ioan 13. Idẽ" HPOS="524" VPOS="1628" WIDTH="872" HEIGHT="66" WC="0.9888988995552063"/>
          </TextLine>
          <TextLine ID="line_34" TAGREFS="LT8" BASELINE="524 1720 1390 1720" HPOS="524" VPOS="1680" WIDTH="867" HEIGHT="78">
            <Shape><Polygon POINTS="524 1720 526 1746 543 1734 908 1734 933 1746 934 1746 936 1746 938 1746 956 1736 988 1750 1002 1756 1004 1756 1005 1758 1071 1758 1071 1756 1072 1756 1082 1752 1090 1746 1098 1752 1104 1756 1106 1756 1107 1756 1108 1758 1340 1758 1340 1756 1348 1755 1372 1749 1388 1755 1390 1720 1388 1694 1350 1694 1348 1692 1338 1683 1336 1683 1335 1683 1334 1683 1332 1683 1332 1683 1320 1692 1320 1694 1232 1694 1224 1690 1197 1683 1196 1683 1194 1683 1192 1683 1191 1683 1182 1690 1179 1694 1150 1694 1144 1690 1131 1680 1130 1680 1130 1680 1128 1680 1126 1680 1101 1689 1092 1682 1092 1680 1092 1680 1090 1680 1089 1680 1088 1680 1086 1680 1077 1689 1072 1694 984 1694 975 1688 972 1684 970 1684 969 1684 969 1684 948 1686 934 1689 924 1686 900 1680 898 1680 897 1680 896 1680 894 1680 888 1686 878 1694 842 1694 824 1684 812 1680 810 1680 747 1680 746 1680 746 1680 738 1684 724 1690 700 1684 690 1680 690 1680 688 1680 666 1683 609 1690 596 1682 592 1680 592 1680 591 1680 590 1680 524 1680 524 1720"/></Shape>
            <String CONTENT="fecit &amp; illa mulier, quæ lacrymis ſuis lauit pedes" HPOS="524" VPOS="1680" WIDTH="867" HEIGHT="78" WC="0.98975665807724"/>
          </TextLine>
          <TextLine ID="line_35" TAGREFS="LT8" BASELINE="530 1768 922 1772" HPOS="530" VPOS="1725" WIDTH="393" HEIGHT="100">
            <Shape><Polygon POINTS="530 1768 530 1809 600 1808 610 1814 612 1816 614 1816 615 1816 616 1816 616 1816 626 1814 638 1812 644 1815 648 1820 650 1820 651 1820 652 1820 654 1820 654 1820 658 1815 670 1808 690 1808 702 1818 704 1820 704 1820 705 1820 706 1820 708 1820 710 1820 710 1818 724 1808 760 1808 801 1821 814 1826 814 1826 816 1826 818 1826 830 1822 844 1820 920 1826 922 1772 922 1732 890 1725 888 1725 888 1725 530 1726 530 1768"/></Shape>
            <String CONTENT="Chriſti. Luc.7 verſ38." HPOS="530" VPOS="1725" WIDTH="393" HEIGHT="100" WC="0.9242306676777926"/>
          </TextLine>
        </TextBlock>
        <TextBlock HPOS="1207" VPOS="1777" WIDTH="190" HEIGHT="64" ID="block_5" TAGREFS="BT17">
          <Shape><Polygon POINTS="1207 1777 1397 1777 1397 1841 1207 1841 1207 1777"/></Shape>
          <TextLine ID="line_36" TAGREFS="LT8" BASELINE="1204 1822 1394 1818" HPOS="1203" VPOS="1772" WIDTH="190" HEIGHT="74">
            <Shape><Polygon POINTS="1204 1822 1204 1845 1392 1838 1394 1818 1390 1776 1380 1772 1378 1772 1377 1772 1376 1772 1359 1779 1356 1780 1354 1779 1347 1773 1346 1773 1346 1773 1299 1773 1298 1773 1296 1773 1296 1773 1296 1774 1284 1784 1276 1790 1245 1788 1210 1784 1209 1784 1209 1784 1208 1784 1203 1786 1204 1822"/></Shape>
            <String CONTENT="H Porrè" HPOS="1203" VPOS="1772" WIDTH="190" HEIGHT="74" WC="0.9666832461953163"/>
          </TextLine>
        </TextBlock>
      </PrintSpace>
    </Page>
  </Layout>
</alto>
