1500 2172
555 142 104 33 304.

714 117 566 57 AD I PAVL. AB TIM.

548 166 862 62 miſſum. Cur autem cùm tria quædam à diuitibus

544 220 862 58 exegerit, in vna præſertim beneficentia commẽ¬

543 268 864 57 danda immoretur, hæc ratio eſt, quòd cùm na¬

543 315 861 60 tura ſint homines & tenaces, & auari, difficillimè

544 368 862 58 ad exercendam munificentiam erga alios addu¬

543 414 861 60 cuntur, & de ea virtute perſuadentur, adeò vt fa¬

542 459 860 64 cilius diuites, & fiduciam in Deum: & erga ho¬

542 512 862 60 mines comitatem quandam ſimulent, quam be¬

540 558 862 63 neficentiam, quoniam niſi opere ipſo & eleemo¬

542 608 861 63 ſynæ præſtatione appareat, ſolo ore, ſoláque ani¬

542 656 858 58 mi compatientis & miſerantis proteſtatione nõ

540 702 860 63 poteſt fingi, aut cuiquam à diuitibus perſuaderi.

543 752 854 63 Quantò igitur maior tenacitas cum diteſcendi,

537 798 860 58 aut diuitias retinendi animo coniuncta eſt:tantò

537 846 861 66 magis fuerunt ad liberalitatem & benignitatem

536 894 861 62 diuites exhortandi. Itaque- conſultò & de indu¬

534 946 862 54 ſtria in hac virtute præcipuè commendanda &

534 990 476 64 prædicanda inſiſtit Paulus.

585 1038 810 66 Vtitur autem ea dicendi ratione, ex qua non

530 1088 866 66 tantùm optimum & præſtantiſſimum beneficen¬

526 1137 868 66 tiæ præconium auditur: ſed aculeus quidam ad

530 1185 861 64 eam animis iniicitur etiam auariſſimis, cùm nẽpe

530 1236 862 62 ait, eos qui benefaciunt, theſaurum ſibi reconde¬

525 1286 867 60 re, eúmque & firmum, & bonum. Itaq; accõmo¬

524 1332 866 62 dat Paulus ſuam orationem ad diuitum affectũ,

530 1377 862 69 qui in eo toti ſunt, vt theſaurizent ſibi. Id quod

528 1426 858 69 eos facturos eſſe pronuntiat, & longè vberius,

526 1476 861 66 vtilius, certius, meliúſqs opes ſuas largiendo pau¬

524 1526 864 66 peribus quàm opes congerendo. Nam & in vita

520 1572 858 68 æterna theſaurizant ſtabilem aceruum. Itaq;

522 1620 861 64 præcla ra eſt hæc Auguſtini ſententia & obſerua¬

514 1668 864 63 tio ex hoc loco in ſerm.de Verb. Euangel.5 Non

513 1714 850 81 enim quia dico, vt facilè tribuant, eos ſpoliar

1278 1774 98 60 volo
