1500 2172
830 141 66 57 448

330 156 262 34 CAPVT V.

48 184 860 72 iam faſcinatus. Quod ſi ſecundæ nuptiæ nondam

48 240 856 57 nãtur, nec tertiæ Aug. lib. de fide ad Petr. cap.3.

48 290 860 63 in fine. Bernard.ſer. 66. cantic. eam quoque ſen¬

46 348 861 52 tentiam refutat quæ vult honeſtiora eſſe inter vir

50 388 748 62 gines connubia, quàm quæ iam nupſerunt.

94 430 812 69 Uiduas. Ex hoc loco apparet, quàm ſit laſci¬

48 484 860 63 uię dedita natura, & ingenium omnium hominũ:

48 532 858 66 ſed imprimis mulierũ, de quibus hîc agit Paulus:

51 585 856 60 quanquam tamen ab eo malo non ſunt mares li¬

46 632 861 60 beri & immunes. Nam & quæ.1. Corint.7. tradit

45 678 860 64 Paulus & hîc, æquè ad vtrunque ſexũ pertinent,

46 728 711 56 quod ſi offendiculum oritur, & naſcitur.

92 776 814 58 Iuniores ſexaginta annis ſuprà definiuit Pau¬

40 824 862 62 lus: non quod tamen omnes, quæ ea ætate mino¬

42 888 861 46 res funt, nlubere vent. leu cas tantum, quæ liberos

42 918 858 63 ſuſcipere, & familias adminiſtrare poſſunt. Nam

39 968 866 64 ſi quæ 5o annos nata eſt, vel ea ſit corporis conſti

42 1017 858 69 tutione, vt hæc mala fugiat, illi nullam legem

42 1065 339 57 dat Paul.hoc loco.

82 1113 816 69 Nubere Tria præſcribit, in quibus omne mu¬

40 1161 858 66 liebre officium contineri videtur. Nimirum Nu

38 1210 860 69 bere, liberos procreare familiã adminiſtrare. Nu

36 1260 861 68 bere. Hoc pertinet, vti diximus, ad ſecundas nu¬

39 1308 856 68 ptias: & ſi iam ſecundò nupſerat, & vidua reſtet,

38 1360 860 64 ad tertias & quartas & quintas nuptias, qualis

34 1406 866 69 illa, de qua Hierony. ait, ſepties eã nupſiſſe. Erat

42 1455 856 68 Vercellis apud Inſubres. Liberos procreare

38 1504 861 68 τεκνογονεῆν. Quid ſignificet vide ſuprà, cap:2. ver.15.

74 1552 819 62 Oἰκοδεσ ωοτεῖν. Eſt in verbis Græcis ομοιτελευτὸν,

36 1604 861 58 & orationis ornatus. Hoc autem ὀικοδεσποτεῖν eſt

33 1647 862 70 familiam adminiſtret, non vt marito ſuo præſit,

30 1700 867 70 & ſit ſuperior vxor, ſed pro eoiure, quo debet

30 1756 864 68 tanquam mater familiâs cæteris quidem præ¬

812 1802 82 81 eſſe
