1500 2172
696 135 579 58 AD I. PAVL. AD TIM.

542 159 93 42 648

534 176 874 82 ſcripturæ tamen lectionem ſpecialiter reſtringi

537 231 872 76 debet, quia non ſimpliciter hoc requirit à paſto¬

537 284 872 70 ribus Paulus, vt aliquid legant quodcunq; tandẽ

537 330 873 70 ſit, ſed vt facrum Dei verbum euoluant. Hanc

537 382 872 68 eſſe Pauli mentem apparet ex fine, propter quem

538 428 868 70 attendendum lectioni docet, nimirum vt paſtor

542 476 868 72 Doceat gregem ſuum, & Exhortetur, quæ ſunt

543 524 866 72 duæ muneris Eccleſiaſtici partes præcipuæ. Do¬

543 573 867 70 ctrina, tum in Verorum dogmatum traditione, &

542 622 867 68 Falſorum refutatione poſita eſt. Quorum neutrũ

543 670 870 70 nemo facere, niſi apprimè & abundè verbo Dei

540 723 873 66 inſtructus & diligenter in eo verſatus poteſt, cùm

543 765 867 70 ex eo vno fonte & veritas Dei fit haurienda, &

540 814 872 74 mendacium illis armis oppugnandum, illóque

543 868 666 63 gladio iugulandum Actor. 18.verſ.28.

590 909 822 72 Exhortatio eſt in Bene iam currentibus con¬

540 958 867 70 firmandis, Improborum acri reprehenſione: de¬

538 1006 873 72 nique in frigidis excitandis. Illi autem ſtimuli:nõ

540 1056 874 69 niſi ex Dei promiſſionibus & minis, addi poſ¬

543 1107 870 66 ſunt. Hæc igitur omnia Dei verbo continentur,

543 1154 870 64 quod idcirco & verſandum & meditandum eſt

540 1200 872 74 diligenter. Ergo non ſatis eſt Epiſcopos & paſto¬

538 1252 873 64 res quædam legere ( nam nec fabulas Poëtarum,

540 1300 867 63 nec vanas & inutiles Philoſophorum ſcriptita¬

543 1348 867 64 tiones terere debent, aut ijs immorari) ſed opor¬

543 1395 867 64 tet eos Dei verbum ſcriptum aſſiduè contrecta¬

543 1443 867 68 re. Vt autem ad Phariſæorum ſcripta & ſcholas

543 1492 868 69 non remittit ſuum Timotheum Paulus, neque

543 1542 868 62 nos etiam ad Scholaſticorum & Sophiſtarũ Sor¬

543 1592 870 62 boniſtarum Academias reuocandi ſumus, vt veri

549 1638 862 66 Theologi euadamus: ſed ad ſacrum Dei ver¬

543 1688 838 68 bum & ad eos ſcholas, vbi illud purè docetur.

586 1734 824 81 Sic Paulus 2. Timoth.4. verſ.13. libros ſuos &

1178 1784 236 76 membranas
