1500 2172
882 102 56 84 574

363 140 267 22 CAFVIV.

74 160 864 70 dici crudelitatem, vt ex eius epiſtolis apparet,

76 216 866 63 de qua purgare quidem Monaſticam vitam niti¬

74 264 870 66 tur: ſed non poteſt, vti neque ad hoc argumentũ

76 314 864 62 reſpondit Thomas in Apologia & defenſione

75 358 864 63 Monaſticæ vitæ, quia eſt ineuitabile aduerſus cã

74 408 862 66 telum. Modus tamen is adhiberi debet in cibis,

74 459 864 64 in quo nullum ebrietatis, ac intemperantiæ ſpe¬

74 507 564 66 cimen aut veſtigium appareat.

123 556 814 63 Atque eò pertinet, quod ait Paulus, modieo

74 610 866 57 vino vtere: non enim ad ebrietatem & ſatietatem

69 652 868 62 ſed ad ſanitatem ſumi & vinum, & reliquos cibos

74 702 630 62 vult Deus cum gratiarum actione.

102 748 837 66 Deniq; ex hoc ipſo loco futilis & inepta pror¬

68 796 866 64 ſus deprehendi poreſt illa Bernardi ſententia,

70 848 867 58 qui epiſt.321.negat honeſtati & puritati vitæ Mo¬

66 897 867 56 naſticæ, id eſt, ſanctæ conuenire, vti medicamen¬

66 944 868 62 tis & potionibus ad expellendum morbum ido¬

63 993 872 62 neis. Nimium certè fuit ille ſeuerus, & præter

62 1042 874 58 æquitatem ac rationem. Æquior Chryſoſto. qui

62 1090 870 63 & hîc ait Timotheum ad medicos remiſſum, nõ

62 1140 867 62 autem miraculo curatum à Paulo: & in Homil.

60 1188 866 64 14. in hanc epiſtolam de vita Monaſtica agens, v¬

56 1256 873 45 luii inouicamrentora monaenimjeum eſt opus, nõ

56 1286 876 64 adimit, ſed cõcedit: quanquã tamen rigidior eorũ

57 1334 876 62 cenſor habitus eſt Chryſ. Sed Satan ſemel via ſu¬

63 1384 868 60 perſtitionibus patefacta, eas in immenſum poſt¬

58 1432 867 63 ea adauxit, & in iugum intolerabile tandem ag¬

58 1482 870 68 gregauit ad torquendas hominum conſcientias.

112 1580 818 60 24 Quorundam hominum peccata an¬

56 1635 868 76 te manifesta ſunt, præeuntia damnationi:

56 1696 597 81 quoſdam verò ſubſequuntur:
