1500 2172
728 129 574 62 AD I. PAVL. AD TIM.

573 153 116 44 372

620 174 812 72 Quod autem quidam exiſtimant, vbi eſt verè

566 228 868 69 Chriſtianus Magiſtratus, ibi nullam eſſe cenſurã

566 276 867 66 Eccleſiaſticam debere, illi certè Eccleſiaſticam

567 326 864 69 & Politicam iuriſdictionem inter ſe peſſimè cõ¬

566 375 866 69 fundunt. Deinde non vident ſe refutari Exod.1o.

566 426 866 66 vorde Hecienaitieu cenſura, & pœna politica locũ

566 472 866 68 in vno & eodem homine & negotio habet, di¬

564 526 402 58 uerſo tamen reſpectu.

603 567 825 68 Auguſtinus certè vixit ſub imperatoribꝰ Chri¬

564 620 866 64 ſtianis, & tamen idem lib.11.de Geneſ.ad lite. cap.

567 666 864 68 4o. docet ſolitos eſſe Epiſcopos vti aduerſus ſcã¬

566 718 866 57 daloſos homines excommunicatione & cenſura

566 765 864 62 Eccleſiaſtica. Item confirmatur, omnibus Syno¬

566 813 866 66 dis, quæ ſub Chriſtianis imperatoribus habitæ

567 861 862 66 ſunt, vbi cenſuræ Eccleſiaſticæ & confirmatæ &

562 909 867 69 retentæ ſunt. Idem denique, ſi quis hoc etiam

567 960 864 63 genus probationis admittat tota 24. quæſt. 4

566 1008 862 66 crucentee pu pœnam exigit à nobis ſcelerum

561 1058 870 63 noſtrorum tum in corpore, tum in anima. Nec ea

562 1104 867 68 ſane eſt duplex pœna: ſed vna tantùm. Tanta e¬

562 1154 864 68 nim peccato debetur, & ea, per quam & animus

564 1209 860 60 & corpus peccatoris puniatur, quia peccatum

564 1251 654 68 hominis & totius ſuppoſiti actio eſt.

610 1296 816 68 Quibus expoſitis iam accedamus ad ipſa Pau¬

564 1346 861 68 li verba. Diſtinguit autem hoc loco homines,

566 1392 861 70 Paulus ab Ætate, & Sexu. Ab ætate, alii ſunt Se¬

564 1442 867 64 niores, alij Iuniores. A ſexu, alij ſunt Mares, alij

567 1492 860 63 Fœminæ. Hîc enim πρεσβυτέρων vocem ad ætatem

562 1539 867 66 refero, non autem ad dignitatem Eccleſiaſticam,

564 1590 861 64 quemadmodum tamen ſæpe accipitur, velut inf.

562 1636 860 66 verſ.17.19. & 1. Pet.5 verſ.1. Id quod ex ἀντιθίσει &

562 1688 860 64 voce νεωτέρους apparet. Cur autem hæc præce.

564 1732 860 81 pta danda exiſtimauerit Paulus, ratio eſt, quòd

1257 1782 168 86 oporteat
