<?xml version='1.0' encoding='UTF-8'?>
<alto xmlns:xsi="http://www.w3.org/2001/XMLSchema-instance" xmlns="http://www.loc.gov/standards/alto/ns-v4#" xsi:schemaLocation="http://www.loc.gov/standards/alto/ns-v4# http://www.loc.gov/standards/alto/v4/alto-4-2.xsd">
  <Description>
    <MeasurementUnit>pixel</MeasurementUnit>
    <sourceImageInformation>
      <fileName>2013225.jpeg</fileName>
    </sourceImageInformation>
  </Description>
  <Tags>
    <OtherTag ID="BT7" LABEL="CustomZone" DESCRIPTION="block type CustomZone"/><OtherTag ID="BT8" LABEL="DamageZone" DESCRIPTION="block type DamageZone"/><OtherTag ID="BT9" LABEL="DigitizationArtefactZone" DESCRIPTION="block type DigitizationArtefactZone"/><OtherTag ID="BT10" LABEL="DropCapitalZone" DESCRIPTION="block type DropCapitalZone"/><OtherTag ID="BT11" LABEL="GraphicZone" DESCRIPTION="block type GraphicZone"/><OtherTag ID="BT12" LABEL="MainZone" DESCRIPTION="block type MainZone"/><OtherTag ID="BT13" LABEL="MarginTextZone" DESCRIPTION="block type MarginTextZone"/><OtherTag ID="BT14" LABEL="MusicZone" DESCRIPTION="block type MusicZone"/><OtherTag ID="BT15" LABEL="NumberingZone" DESCRIPTION="block type NumberingZone"/><OtherTag ID="BT17" LABEL="QuireMarksZone" DESCRIPTION="block type QuireMarksZone"/><OtherTag ID="BT18" LABEL="RunningTitleZone" DESCRIPTION="block type RunningTitleZone"/><OtherTag ID="BT19" LABEL="SealZone" DESCRIPTION="block type SealZone"/><OtherTag ID="BT20" LABEL="StampZone" DESCRIPTION="block type StampZone"/><OtherTag ID="BT21" LABEL="TableZone" DESCRIPTION="block type TableZone"/><OtherTag ID="BT22" LABEL="TitlePageZone" DESCRIPTION="block type TitlePageZone"/><OtherTag ID="BT3407" LABEL="MainZone-Continued" DESCRIPTION="block type MainZone-Continued"/><OtherTag ID="BT3408" LABEL="MainZone-P" DESCRIPTION="block type MainZone-P"/><OtherTag ID="BT3409" LABEL="MainZone-Head" DESCRIPTION="block type MainZone-Head"/><OtherTag ID="BT3410" LABEL="MainZone-Other" DESCRIPTION="block type MainZone-Other"/><OtherTag ID="BT3411" LABEL="MainZone-Sp" DESCRIPTION="block type MainZone-Sp"/><OtherTag ID="BT3417" LABEL="MainZone-Sp-Continued" DESCRIPTION="block type MainZone-Sp-Continued"/><OtherTag ID="BT3418" LABEL="GraphicZone-Decoration" DESCRIPTION="block type GraphicZone-Decoration"/><OtherTag ID="BT3419" LABEL="MainZone-Entry" DESCRIPTION="block type MainZone-Entry"/><OtherTag ID="BT3420" LABEL="MainZone-Lg" DESCRIPTION="block type MainZone-Lg"/><OtherTag ID="BT3421" LABEL="MainZone-Entry-Continued" DESCRIPTION="block type MainZone-Entry-Continued"/><OtherTag ID="BT3422" LABEL="MarginTextZone-ManuscriptAddendum" DESCRIPTION="block type MarginTextZone-ManuscriptAddendum"/><OtherTag ID="BT3423" LABEL="MainZone-List" DESCRIPTION="block type MainZone-List"/>
    <OtherTag ID="LT7" LABEL="CustomLine" DESCRIPTION="line type CustomLine"/><OtherTag ID="LT8" LABEL="DefaultLine" DESCRIPTION="line type DefaultLine"/><OtherTag ID="LT9" LABEL="DropCapitalLine" DESCRIPTION="line type DropCapitalLine"/><OtherTag ID="LT10" LABEL="HeadingLine" DESCRIPTION="line type HeadingLine"/><OtherTag ID="LT11" LABEL="InterlinearLine" DESCRIPTION="line type InterlinearLine"/><OtherTag ID="LT12" LABEL="MusicLine" DESCRIPTION="line type MusicLine"/>
  </Tags>
  <Layout>
    <Page WIDTH="1500" HEIGHT="2172" PHYSICAL_IMG_NR="221" ID="eSc_dummypage_">
      <PrintSpace HPOS="0" VPOS="0" WIDTH="1500" HEIGHT="2172">
        <TextBlock HPOS="395" VPOS="121" WIDTH="271" HEIGHT="53" ID="block_1" TAGREFS="BT18">
          <Shape><Polygon POINTS="395 121 666 121 666 173 395 173 395 121"/></Shape>
          <TextLine ID="line_1" TAGREFS="LT8" BASELINE="394 159 666 153" HPOS="393" VPOS="144" WIDTH="273" HEIGHT="33">
            <Shape><Polygon POINTS="658 144 646 144 634 144 622 144 610 144 598 144 585 144 573 144 561 144 549 144 537 144 525 144 513 144 501 144 489 144 477 144 465 144 453 144 441 144 429 144 417 144 405 144 393 144 394 159 394 176 459 177 460 177 462 177 472 172 494 166 512 172 518 174 518 174 519 176 560 176 560 174 561 174 561 174 561 172 566 170 572 164 614 164 618 168 622 172 622 172 624 172 626 172 627 172 666 166 666 153 663 144 658 144"/></Shape>
            <String CONTENT="CARVT V." HPOS="393" VPOS="144" WIDTH="273" HEIGHT="33" WC="0.9897490590810776"/>
          </TextLine>
        </TextBlock>
        <TextBlock HPOS="892" VPOS="123" WIDTH="67" HEIGHT="50" ID="block_2" TAGREFS="BT15">
          <Shape><Polygon POINTS="892 123 959 123 959 173 892 173 892 123"/></Shape>
          <TextLine ID="line_2" TAGREFS="LT8" BASELINE="894 158 951 154" HPOS="891" VPOS="118" WIDTH="60" HEIGHT="57">
            <Shape><Polygon POINTS="894 158 894 176 951 176 951 154 948 118 891 118 894 158"/></Shape>
            <String CONTENT="500" HPOS="891" VPOS="118" WIDTH="60" HEIGHT="57" WC="0.9999597072601318"/>
          </TextLine>
        </TextBlock>
        <TextBlock HPOS="83" VPOS="180" WIDTH="880" HEIGHT="1223" ID="block_3" TAGREFS="BT3407">
          <Shape><Polygon POINTS="83 180 963 180 963 1403 83 1403 83 180"/></Shape>
          <TextLine ID="line_3" TAGREFS="LT8" BASELINE="90 226 956 210" HPOS="88" VPOS="168" WIDTH="867" HEIGHT="76">
            <Shape><Polygon POINTS="90 226 90 244 225 237 272 242 278 242 279 242 280 242 282 242 302 236 398 240 405 240 406 240 406 240 423 234 526 237 528 237 530 237 530 237 555 231 870 231 872 231 873 231 894 225 954 230 956 210 951 180 872 180 870 180 861 172 860 172 858 172 858 172 856 172 832 180 794 168 792 168 790 168 789 168 740 182 735 183 717 182 555 172 555 172 554 172 526 182 444 174 442 174 441 174 410 184 399 189 388 184 363 176 363 176 362 176 360 176 358 176 342 186 333 190 320 190 314 186 306 178 304 178 303 178 302 178 232 180 231 180 230 180 222 188 214 192 172 192 166 188 160 183 159 183 159 183 158 183 156 183 146 188 132 194 116 189 100 184 99 184 98 184 98 184 88 186 90 226"/></Shape>
            <String CONTENT="per cuniculos Eccleſiam Dei conatus eſt euerte¬" HPOS="88" VPOS="168" WIDTH="867" HEIGHT="76" WC="0.9965263630481477"/>
          </TextLine>
          <TextLine ID="line_4" TAGREFS="LT8" BASELINE="90 273 954 260" HPOS="88" VPOS="220" WIDTH="866" HEIGHT="69">
            <Shape><Polygon POINTS="90 273 90 290 952 272 954 260 951 230 874 220 873 220 872 220 846 230 705 224 704 224 573 234 558 234 552 234 506 228 506 228 454 236 450 236 446 236 412 228 411 228 368 237 363 237 351 237 246 230 244 230 243 230 242 230 231 237 166 231 166 231 165 231 164 231 153 240 148 240 88 240 90 273"/></Shape>
            <String CONTENT="re. Itaque huic &amp; Satanæ technæ, &amp; improbo" HPOS="88" VPOS="220" WIDTH="866" HEIGHT="69" WC="0.9965301411492484"/>
          </TextLine>
          <TextLine ID="line_5" TAGREFS="LT8" BASELINE="88 322 728 312 952 314" HPOS="87" VPOS="267" WIDTH="866" HEIGHT="72">
            <Shape><Polygon POINTS="88 322 88 334 252 339 252 339 290 333 302 333 312 333 336 339 338 339 432 333 506 328 543 333 572 334 573 334 573 334 585 333 602 327 644 332 668 333 669 333 670 333 678 332 693 327 724 332 736 333 738 333 768 332 862 324 951 328 952 314 951 278 918 267 916 267 915 267 826 279 824 279 822 279 798 270 796 270 795 270 795 270 794 270 782 278 753 270 752 270 750 270 748 270 747 270 732 279 675 273 674 273 636 280 622 272 622 272 621 272 585 272 584 272 536 284 506 273 506 273 504 273 502 273 501 273 488 284 424 284 336 276 334 276 256 288 250 288 240 280 240 280 238 280 237 280 236 280 234 280 228 288 226 290 87 290 88 322"/></Shape>
            <String CONTENT="rum audaciæ fuit occurrendum, præcludendúſq;" HPOS="87" VPOS="267" WIDTH="866" HEIGHT="72" WC="0.9965603987375895"/>
          </TextLine>
          <TextLine ID="line_6" TAGREFS="LT8" BASELINE="90 369 956 357" HPOS="88" VPOS="320" WIDTH="867" HEIGHT="64">
            <Shape><Polygon POINTS="90 369 90 382 368 384 369 384 369 384 376 382 382 378 393 381 400 382 402 382 404 382 434 381 492 375 537 380 560 382 561 382 573 380 598 375 684 378 710 380 711 380 720 378 753 372 840 376 844 376 844 376 846 376 848 376 855 370 862 376 864 376 864 376 866 376 956 375 956 357 952 327 876 320 876 320 826 327 825 327 824 327 806 320 804 320 802 320 712 327 690 330 682 327 660 321 658 321 657 321 656 321 636 328 627 332 603 328 566 324 564 324 462 327 460 327 453 328 440 333 410 328 394 327 394 327 393 327 384 330 368 333 358 330 352 327 351 327 351 327 334 330 308 336 279 330 266 327 264 327 264 327 255 330 231 338 190 330 178 328 177 328 176 328 174 328 174 330 172 330 165 339 150 330 148 330 147 330 147 330 146 330 142 330 122 338 88 332 90 369"/></Shape>
            <String CONTENT="huiuſmodi criminationibus aditus. Imprimis" HPOS="88" VPOS="320" WIDTH="867" HEIGHT="64" WC="0.9923411011695862"/>
          </TextLine>
          <TextLine ID="line_7" TAGREFS="LT8" BASELINE="93 418 956 405" HPOS="92" VPOS="368" WIDTH="864" HEIGHT="69">
            <Shape><Polygon POINTS="93 418 93 436 204 430 234 434 248 435 249 435 250 435 255 432 264 429 296 430 318 434 320 434 333 430 348 428 363 430 378 432 380 432 381 432 392 430 406 424 518 426 610 428 612 428 630 424 642 422 700 423 870 424 872 424 956 416 956 405 951 369 898 374 878 369 861 368 860 368 858 368 858 368 855 369 849 375 820 375 808 370 800 368 798 368 796 368 795 368 784 370 771 375 750 370 734 369 734 369 732 369 724 372 714 376 698 372 690 369 690 369 688 369 586 370 585 370 585 370 582 374 576 378 516 375 484 372 483 372 482 372 480 372 480 374 478 375 472 382 405 382 360 375 348 375 346 375 345 375 342 375 326 382 276 376 264 375 264 375 262 375 260 376 246 386 202 386 192 378 192 376 190 376 190 376 189 376 188 376 184 378 165 382 92 380 93 418"/></Shape>
            <String CONTENT="quòd multorum accuſationi &amp; calumnijs obno¬" HPOS="92" VPOS="368" WIDTH="864" HEIGHT="69" WC="0.9995919181541963"/>
          </TextLine>
          <TextLine ID="line_8" TAGREFS="LT8" BASELINE="90 468 956 454" HPOS="88" VPOS="416" WIDTH="867" HEIGHT="66">
            <Shape><Polygon POINTS="90 468 90 482 956 474 956 454 952 424 888 417 886 417 885 417 850 424 850 424 800 416 798 416 758 423 704 418 702 418 700 418 672 428 670 428 658 428 582 424 580 424 480 429 436 430 430 430 404 422 402 422 400 422 400 422 369 430 362 434 306 434 302 430 294 424 292 424 291 424 256 424 255 424 254 424 252 424 240 430 240 432 240 430 228 424 228 424 226 424 171 424 170 424 88 432 90 468"/></Shape>
            <String CONTENT="xius eſſe ſolet, qui in omnium oculis verſatur, qui" HPOS="88" VPOS="416" WIDTH="867" HEIGHT="66" WC="0.9877905939139572"/>
          </TextLine>
          <TextLine ID="line_9" TAGREFS="LT8" BASELINE="92 514 956 502" HPOS="90" VPOS="466" WIDTH="866" HEIGHT="68">
            <Shape><Polygon POINTS="92 514 92 526 114 534 116 534 117 534 222 532 224 532 225 532 234 525 236 524 304 524 308 524 348 531 350 531 394 524 396 524 399 524 435 530 436 530 438 530 468 522 471 522 478 522 594 528 596 528 597 528 616 519 618 519 621 519 646 526 648 526 648 526 956 514 956 502 952 474 819 466 818 466 816 466 786 474 778 476 765 474 708 468 706 468 705 468 681 474 680 474 678 474 639 468 638 468 567 474 520 480 506 476 490 471 489 471 488 471 450 472 448 472 447 472 442 476 432 482 348 482 333 476 326 474 324 474 322 474 300 476 240 484 202 484 190 476 186 474 184 474 184 474 172 476 135 483 90 477 92 514"/></Shape>
            <String CONTENT="in vitas omnium inquirit, qui omnium vitia re¬" HPOS="90" VPOS="466" WIDTH="866" HEIGHT="68" WC="0.9924002147239187"/>
          </TextLine>
          <TextLine ID="line_10" TAGREFS="LT8" BASELINE="90 564 954 549" HPOS="88" VPOS="514" WIDTH="866" HEIGHT="66">
            <Shape><Polygon POINTS="90 564 90 580 954 564 954 549 951 516 602 514 600 514 598 514 598 514 592 518 586 524 549 524 537 518 528 516 526 516 525 516 524 516 524 516 520 518 516 524 504 519 498 518 496 518 495 518 478 519 444 524 400 519 382 518 382 518 381 518 380 518 378 519 369 525 315 520 310 520 309 520 308 520 308 520 298 526 242 520 231 520 230 520 228 520 226 522 208 528 88 524 90 564"/></Shape>
            <String CONTENT="prehendit, tam ſunt nimirũ homines correctio¬" HPOS="88" VPOS="514" WIDTH="866" HEIGHT="66" WC="0.9812217976735986"/>
          </TextLine>
          <TextLine ID="line_11" TAGREFS="LT8" BASELINE="90 612 956 598" HPOS="90" VPOS="558" WIDTH="866" HEIGHT="70">
            <Shape><Polygon POINTS="90 624 297 628 298 628 300 628 314 622 320 622 520 624 522 624 552 618 554 618 582 622 584 622 585 622 609 616 610 616 620 616 736 621 738 621 956 610 956 598 956 568 934 560 933 560 888 558 886 558 828 560 826 560 826 560 810 570 808 570 802 570 740 561 740 561 738 561 736 561 736 561 729 567 684 561 684 561 616 572 592 573 585 572 570 566 568 566 567 566 536 572 532 572 530 572 508 566 507 566 506 566 506 566 504 566 494 572 488 576 448 576 426 572 417 570 416 570 380 573 296 578 278 573 272 572 270 572 268 572 256 573 213 579 178 573 160 570 159 570 141 573 104 580 92 573 90 612 90 624"/></Shape>
            <String CONTENT="nis impatientes, vt recriminatione etiam falſiſsi¬" HPOS="90" VPOS="558" WIDTH="866" HEIGHT="70" WC="0.9976184177398681"/>
          </TextLine>
          <TextLine ID="line_12" TAGREFS="LT8" BASELINE="90 660 958 646" HPOS="88" VPOS="608" WIDTH="870" HEIGHT="70">
            <Shape><Polygon POINTS="90 660 90 678 958 666 958 646 956 615 910 616 902 615 880 608 879 608 878 608 825 616 796 621 678 621 666 616 650 610 648 610 648 610 646 610 630 618 621 622 604 618 579 612 579 612 549 618 528 622 498 620 471 616 470 616 468 616 460 620 450 624 444 620 438 615 436 615 435 615 434 615 432 615 411 621 402 622 392 621 363 616 362 616 360 616 345 621 339 622 336 621 328 616 327 616 327 616 326 616 260 616 258 616 258 616 252 622 242 628 207 628 195 622 186 618 184 618 184 618 88 622 90 660"/></Shape>
            <String CONTENT="ma ſeſe vlciſci ſtudeant aduerſus eos, à quibus" HPOS="88" VPOS="608" WIDTH="870" HEIGHT="70" WC="0.9822696000337601"/>
          </TextLine>
          <TextLine ID="line_13" TAGREFS="LT8" BASELINE="90 710 956 696" HPOS="88" VPOS="656" WIDTH="867" HEIGHT="70">
            <Shape><Polygon POINTS="90 710 90 724 285 726 286 726 314 722 327 718 350 720 402 724 404 724 562 716 568 716 572 716 628 722 630 722 632 722 633 722 640 716 642 712 717 712 723 712 770 718 771 718 956 708 956 696 954 666 936 656 934 656 933 656 855 666 820 666 802 657 801 657 801 657 800 657 798 657 786 666 640 660 639 660 638 660 604 669 561 660 560 660 486 672 480 672 471 672 390 666 388 666 388 666 387 666 376 672 375 672 368 672 302 666 300 666 298 666 297 666 291 672 274 666 273 666 272 666 272 666 248 672 111 668 111 668 110 668 88 675 90 710"/></Shape>
            <String CONTENT="tamẽ meritò arguuntur. Eſt autẽ hoc paſtorũ of¬" HPOS="88" VPOS="656" WIDTH="867" HEIGHT="70" WC="0.9900269146059074"/>
          </TextLine>
          <TextLine ID="line_14" TAGREFS="LT8" BASELINE="88 758 957 744" HPOS="87" VPOS="708" WIDTH="870" HEIGHT="69">
            <Shape><Polygon POINTS="88 758 88 771 168 776 170 776 171 776 192 771 196 770 200 771 216 776 218 776 219 776 220 776 234 770 242 777 243 777 244 777 246 777 246 777 270 770 274 768 290 770 344 774 345 774 376 768 380 768 388 768 460 772 462 772 488 766 501 765 554 766 639 771 640 771 688 765 728 760 750 765 771 768 771 770 800 770 800 768 801 768 801 768 801 766 806 765 810 759 956 762 957 744 954 708 87 722 88 758"/></Shape>
            <String CONTENT="ficium, vt eſt Ezechiel. 18. tanquam hominis in" HPOS="87" VPOS="708" WIDTH="870" HEIGHT="69" WC="0.990741748759087"/>
          </TextLine>
          <TextLine ID="line_15" TAGREFS="LT8" BASELINE="88 807 956 794" HPOS="87" VPOS="752" WIDTH="868" HEIGHT="72">
            <Shape><Polygon POINTS="88 807 88 824 213 819 230 822 238 824 240 824 250 820 278 816 296 820 308 824 309 824 310 824 428 820 429 820 436 818 442 814 477 816 542 820 543 820 543 820 555 814 562 812 585 814 604 816 606 816 622 814 640 810 658 813 687 816 688 816 736 810 754 808 760 810 780 814 782 814 783 814 783 814 795 808 800 807 825 808 920 814 920 814 956 806 956 794 954 764 888 752 888 752 808 764 795 765 754 765 752 764 734 754 732 754 730 754 729 754 708 764 702 765 696 764 684 759 684 759 682 759 658 764 638 766 578 764 482 758 480 758 456 765 434 770 416 765 408 762 406 762 406 762 384 765 333 771 316 765 310 762 309 762 308 762 252 764 250 764 249 764 248 765 237 772 190 765 178 764 178 764 177 764 176 764 172 765 156 776 132 776 118 765 117 765 117 765 116 765 87 765 88 807"/></Shape>
            <String CONTENT="ſpecula collocati qui deſpicere omnia, ac turpia" HPOS="87" VPOS="752" WIDTH="868" HEIGHT="72" WC="0.9912737111250559"/>
          </TextLine>
          <TextLine ID="line_16" TAGREFS="LT8" BASELINE="92 854 956 840" HPOS="90" VPOS="801" WIDTH="866" HEIGHT="70">
            <Shape><Polygon POINTS="92 854 92 872 180 866 252 868 326 872 327 872 363 866 384 862 410 866 460 870 462 870 462 870 477 862 484 861 494 862 510 868 512 868 512 868 513 868 528 862 534 861 556 862 640 867 640 867 642 867 664 860 669 856 826 856 828 856 862 862 864 862 956 852 956 840 956 812 926 801 926 801 924 801 922 801 900 810 878 801 876 801 876 801 796 802 795 802 760 813 759 813 756 813 699 806 698 806 698 806 696 806 686 814 684 814 676 814 636 808 634 808 604 814 597 814 592 814 572 807 570 807 568 807 567 807 542 814 534 816 512 814 447 808 446 808 444 808 444 808 435 814 430 819 393 819 357 816 302 812 258 812 256 812 255 812 254 812 248 816 242 820 213 818 186 814 184 814 159 818 124 822 90 819 92 854"/></Shape>
            <String CONTENT="quæq; redarguere debet. Ex quo fit, vt ſint mul¬" HPOS="90" VPOS="801" WIDTH="866" HEIGHT="70" WC="0.9845221502085527"/>
          </TextLine>
          <TextLine ID="line_17" TAGREFS="LT8" BASELINE="90 904 956 890" HPOS="88" VPOS="850" WIDTH="867" HEIGHT="70">
            <Shape><Polygon POINTS="90 904 90 912 168 921 170 921 216 914 279 920 280 920 326 910 358 918 360 918 362 918 363 918 382 909 392 918 393 918 394 918 394 918 447 918 447 918 448 918 476 908 574 915 576 915 578 915 616 906 666 912 666 912 772 904 806 910 807 910 808 910 826 903 882 910 882 910 956 898 956 890 952 856 832 856 830 856 814 850 813 850 812 850 776 856 765 858 759 856 740 850 738 850 736 850 664 858 628 861 616 858 594 854 592 854 592 854 591 854 585 858 579 862 477 860 387 856 386 856 384 856 374 861 352 866 270 861 234 860 232 860 231 860 226 862 213 867 178 862 166 861 166 861 159 862 126 870 88 862 90 904"/></Shape>
            <String CONTENT="tis odioſi, &amp; malignorum obtrectationibus pa¬" HPOS="88" VPOS="850" WIDTH="867" HEIGHT="70" WC="0.9949712117513021"/>
          </TextLine>
          <TextLine ID="line_18" TAGREFS="LT8" BASELINE="92 951 956 939" HPOS="90" VPOS="898" WIDTH="866" HEIGHT="69">
            <Shape><Polygon POINTS="92 951 92 964 327 968 327 968 382 960 388 960 394 960 434 968 435 968 436 968 462 958 462 958 464 958 474 966 476 966 477 966 478 966 543 960 603 964 604 964 604 964 627 956 628 956 634 956 718 962 720 962 722 962 722 962 734 956 734 954 876 952 914 960 915 960 956 950 956 939 954 910 933 910 920 898 918 898 916 898 915 898 914 898 892 910 867 910 850 900 850 900 849 900 783 900 782 900 780 900 744 912 694 912 666 902 664 902 663 902 588 914 524 903 522 903 447 909 446 909 444 909 434 916 374 906 372 906 370 906 344 915 288 906 286 906 285 906 261 912 210 908 208 908 208 908 207 908 192 920 90 921 92 951"/></Shape>
            <String CONTENT="teant, ſintque obnoxij. Id quod in cauſa. Bonifa¬" HPOS="90" VPOS="898" WIDTH="866" HEIGHT="69" WC="0.9822816897411736"/>
          </TextLine>
          <TextLine ID="line_19" TAGREFS="LT8" BASELINE="87 999 954 987" HPOS="86" VPOS="950" WIDTH="868" HEIGHT="69">
            <Shape><Polygon POINTS="774 981 766 958 760 960 756 957 747 950 746 950 746 950 744 950 711 956 692 950 690 950 690 950 636 957 604 962 573 957 542 952 540 952 538 952 524 957 501 964 444 964 418 957 408 954 406 954 406 954 376 957 350 960 345 957 342 956 340 956 339 956 339 956 338 956 333 957 318 962 276 957 258 956 258 956 256 956 255 956 255 956 254 957 246 963 208 962 208 962 207 962 206 962 200 968 178 957 176 956 174 956 172 956 172 956 170 957 152 962 86 957 87 999 87 1011 112 1018 114 1018 116 1018 166 1011 189 1017 190 1017 190 1017 192 1017 216 1011 218 1010 219 1011 230 1017 231 1017 232 1017 234 1017 234 1017 256 1010 261 1008 272 1010 324 1017 326 1017 454 1014 456 1014 456 1014 465 1006 480 1014 482 1014 483 1014 538 1006 604 1012 604 1012 660 1004 681 1011 682 1011 684 1011 684 1011 686 1011 696 1002 698 1002 700 1002 762 1006 764 1006 872 999 914 1006 914 1006 954 998 954 987 950 957 780 958 774 981"/></Shape>
            <String CONTENT="cij. docet Auguſtinus. epiſt. 137. Vnde huic quo¬" HPOS="86" VPOS="950" WIDTH="868" HEIGHT="69" WC="0.9810885811338619"/>
          </TextLine>
          <TextLine ID="line_20" TAGREFS="LT8" BASELINE="92 1047 951 1036" HPOS="92" VPOS="998" WIDTH="860" HEIGHT="69">
            <Shape><Polygon POINTS="92 1047 92 1060 196 1066 198 1066 200 1066 228 1059 231 1059 236 1059 276 1065 278 1065 278 1065 302 1059 302 1059 308 1059 490 1064 492 1064 494 1064 516 1056 524 1054 531 1056 552 1062 554 1062 555 1064 608 1064 608 1062 609 1062 624 1054 628 1053 634 1054 645 1060 646 1060 648 1062 716 1062 716 1060 716 1060 730 1054 736 1050 920 1050 924 1052 932 1059 932 1059 933 1059 934 1059 936 1059 951 1052 951 1036 950 1006 940 999 940 998 939 998 938 998 938 998 936 998 894 1008 892 1008 878 1004 876 1004 876 1004 820 1010 814 1010 800 999 798 999 796 999 795 999 795 999 770 1010 741 999 740 999 740 999 654 999 654 999 632 1010 603 1005 602 1005 600 1005 586 1011 558 1002 556 1002 555 1002 555 1002 554 1002 538 1012 525 1012 508 1012 507 1012 458 1002 456 1002 417 1011 309 1014 297 1005 296 1005 296 1005 294 1005 262 1011 214 1005 213 1005 212 1005 182 1017 92 1017 92 1047"/></Shape>
            <String CONTENT="que periculo cauendum &amp; proſpiciendum fuit" HPOS="92" VPOS="998" WIDTH="860" HEIGHT="69" WC="0.9919228922753107"/>
          </TextLine>
          <TextLine ID="line_21" TAGREFS="LT8" BASELINE="94 1095 954 1084" HPOS="93" VPOS="1048" WIDTH="861" HEIGHT="66">
            <Shape><Polygon POINTS="94 1095 94 1107 238 1114 240 1114 240 1114 264 1106 264 1104 327 1104 334 1106 380 1113 381 1113 476 1112 477 1112 496 1104 564 1110 566 1110 567 1110 567 1110 567 1110 568 1110 573 1104 666 1110 666 1110 668 1110 669 1110 678 1102 680 1102 681 1102 753 1108 754 1108 756 1108 758 1108 758 1107 765 1101 768 1098 951 1098 954 1084 950 1058 801 1058 800 1058 776 1048 774 1048 772 1048 771 1048 771 1048 759 1056 722 1048 720 1048 674 1058 656 1060 638 1058 608 1052 606 1052 604 1052 604 1052 598 1058 594 1060 590 1058 579 1052 579 1052 578 1052 550 1058 536 1060 520 1058 495 1052 494 1052 459 1058 424 1062 400 1058 381 1053 380 1053 284 1058 282 1058 280 1058 268 1065 246 1059 246 1059 244 1059 147 1066 134 1058 132 1058 130 1058 93 1058 94 1095"/></Shape>
            <String CONTENT="Vtrunq; autem hoc malum, de quo diximus, ex¬" HPOS="93" VPOS="1048" WIDTH="861" HEIGHT="66" WC="0.9879748496142301"/>
          </TextLine>
          <TextLine ID="line_22" TAGREFS="LT8" BASELINE="88 1143 957 1136" HPOS="87" VPOS="1106" WIDTH="870" HEIGHT="56">
            <Shape><Polygon POINTS="764 1128 752 1128 740 1128 728 1128 716 1128 704 1128 690 1128 678 1128 666 1128 654 1128 642 1128 630 1128 618 1128 606 1128 594 1128 582 1128 570 1128 558 1128 546 1128 534 1128 522 1128 510 1128 498 1128 486 1128 474 1128 462 1128 450 1128 438 1128 424 1128 412 1128 400 1128 388 1128 376 1128 364 1128 352 1128 340 1128 328 1128 316 1128 304 1128 292 1128 280 1128 268 1128 256 1128 244 1128 232 1128 220 1128 208 1128 196 1128 184 1128 172 1128 159 1128 147 1128 135 1128 123 1128 111 1128 99 1128 87 1128 88 1143 88 1161 957 1152 957 1136 954 1106 788 1107 786 1107 783 1108 765 1116 764 1128"/></Shape>
            <String CONTENT="cludit &amp; ſummouer canon, quem ſot loco ſancit" HPOS="87" VPOS="1106" WIDTH="870" HEIGHT="56" WC="0.9823181099361844"/>
          </TextLine>
          <TextLine ID="line_23" TAGREFS="LT8" BASELINE="92 1194 954 1184" HPOS="90" VPOS="1146" WIDTH="864" HEIGHT="66">
            <Shape><Polygon POINTS="92 1194 92 1204 206 1203 208 1203 230 1212 231 1212 232 1212 234 1212 248 1204 303 1212 304 1212 306 1212 328 1203 332 1203 375 1203 376 1203 410 1210 411 1210 412 1210 484 1202 495 1209 496 1209 498 1209 500 1210 522 1210 522 1209 555 1203 591 1209 592 1209 657 1202 666 1208 666 1208 668 1208 669 1208 771 1206 772 1206 774 1206 786 1197 808 1204 810 1204 812 1204 813 1204 842 1197 846 1197 850 1197 891 1204 892 1204 952 1196 954 1184 951 1150 640 1146 639 1146 566 1154 564 1154 524 1148 522 1148 520 1148 492 1155 490 1155 488 1155 434 1148 432 1148 432 1148 400 1156 399 1156 398 1156 357 1149 357 1149 273 1158 272 1158 272 1158 198 1150 196 1150 196 1150 160 1160 102 1152 100 1152 99 1152 98 1152 90 1156 92 1194"/></Shape>
            <String CONTENT="Paulus, aut potius Dei ipſius ſpiritus. Eſt autem" HPOS="90" VPOS="1146" WIDTH="864" HEIGHT="66" WC="0.997671017841417"/>
          </TextLine>
          <TextLine ID="line_24" TAGREFS="LT8" BASELINE="87 1240 956 1233" HPOS="86" VPOS="1194" WIDTH="870" HEIGHT="62">
            <Shape><Polygon POINTS="678 1206 666 1206 654 1206 640 1206 628 1206 616 1206 604 1206 592 1206 580 1206 568 1206 556 1206 544 1206 532 1206 520 1206 508 1206 496 1206 484 1206 472 1206 460 1206 448 1206 436 1206 424 1206 412 1206 400 1206 388 1206 376 1206 363 1206 351 1206 339 1206 327 1206 315 1206 303 1206 302 1206 291 1208 286 1206 279 1206 267 1206 255 1206 252 1206 249 1209 208 1209 204 1206 195 1206 183 1206 178 1206 171 1209 164 1206 159 1206 147 1206 135 1206 132 1206 128 1209 106 1206 98 1206 86 1206 87 1240 87 1256 954 1245 956 1233 951 1197 864 1202 858 1197 854 1194 852 1194 850 1194 850 1194 831 1197 810 1203 806 1197 801 1196 801 1196 800 1196 798 1196 796 1196 789 1197 780 1202 747 1198 710 1196 710 1196 690 1198 680 1200 678 1206"/></Shape>
            <String CONTENT="huiuſmodi, Presbyteri ne aduerſus Presbyterum" HPOS="86" VPOS="1194" WIDTH="870" HEIGHT="62" WC="0.9986185775862799"/>
          </TextLine>
          <TextLine ID="line_25" TAGREFS="LT8" BASELINE="87 1290 956 1281" HPOS="86" VPOS="1239" WIDTH="870" HEIGHT="70">
            <Shape><Polygon POINTS="87 1290 87 1302 142 1310 144 1310 189 1302 195 1300 956 1300 956 1281 952 1244 908 1239 906 1239 906 1239 898 1244 892 1245 886 1244 878 1239 876 1239 876 1239 874 1239 873 1239 868 1244 862 1248 765 1248 741 1245 728 1242 726 1242 724 1242 723 1242 722 1245 716 1251 660 1251 652 1245 648 1242 648 1242 646 1242 645 1242 628 1245 608 1250 578 1245 561 1244 560 1244 558 1244 554 1245 543 1250 536 1245 530 1244 528 1244 526 1244 525 1244 524 1244 524 1245 522 1245 516 1252 470 1245 453 1245 452 1245 450 1245 450 1245 448 1245 440 1252 376 1246 374 1246 372 1246 369 1246 302 1254 272 1248 272 1248 86 1248 87 1290"/></Shape>
            <String CONTENT="facile vel accuſationem ipſam admittunto, niſi" HPOS="86" VPOS="1239" WIDTH="870" HEIGHT="70" WC="0.9857185534808947"/>
          </TextLine>
          <TextLine ID="line_26" TAGREFS="LT8" BASELINE="90 1338 952 1328" HPOS="88" VPOS="1300" WIDTH="864" HEIGHT="57">
            <Shape><Polygon POINTS="765 1323 753 1323 740 1323 728 1323 716 1323 704 1323 692 1323 680 1323 668 1323 656 1323 644 1323 632 1323 620 1323 608 1323 596 1323 584 1323 572 1323 560 1323 548 1323 536 1323 524 1323 512 1323 500 1323 488 1323 474 1323 462 1323 450 1323 438 1323 426 1323 414 1323 402 1323 390 1323 378 1323 366 1323 354 1323 342 1323 330 1323 318 1323 306 1323 294 1323 282 1323 270 1323 258 1323 246 1323 234 1323 222 1323 208 1323 196 1323 184 1323 172 1323 160 1323 148 1323 136 1323 124 1323 112 1323 100 1323 88 1323 90 1338 90 1350 135 1358 135 1358 282 1348 338 1354 339 1354 405 1347 759 1350 759 1350 760 1350 786 1342 808 1348 808 1348 810 1348 876 1341 932 1347 932 1347 933 1347 952 1338 952 1328 950 1300 777 1300 777 1300 776 1300 772 1304 770 1306 765 1323"/></Shape>
            <String CONTENT="duorum ver trium teſtimonio criſſien cùm de¬" HPOS="88" VPOS="1300" WIDTH="864" HEIGHT="57" WC="0.9978932566112942"/>
          </TextLine>
          <TextLine ID="line_27" TAGREFS="LT8" BASELINE="87 1388 654 1382" HPOS="86" VPOS="1342" WIDTH="568" HEIGHT="63">
            <Shape><Polygon POINTS="87 1388 87 1398 198 1406 200 1406 201 1406 216 1398 285 1404 286 1404 288 1404 290 1404 296 1398 396 1402 398 1402 399 1402 411 1396 422 1402 423 1402 424 1402 424 1402 426 1402 438 1395 609 1400 610 1400 654 1392 654 1382 650 1348 519 1354 488 1347 462 1342 460 1342 459 1342 458 1342 452 1347 444 1354 368 1356 345 1347 336 1344 334 1344 333 1344 212 1344 210 1344 208 1344 207 1347 188 1359 136 1359 117 1347 117 1346 117 1346 116 1346 114 1346 86 1346 87 1388"/></Shape>
            <String CONTENT="fertur, ſit ſtatim confirmatum." HPOS="86" VPOS="1342" WIDTH="568" HEIGHT="63" WC="0.9994840025901794"/>
          </TextLine>
        </TextBlock>
        <TextBlock HPOS="89" VPOS="1401" WIDTH="864" HEIGHT="97" ID="block_4" TAGREFS="BT3408">
          <Shape><Polygon POINTS="89 1401 953 1401 953 1498 89 1498 89 1401"/></Shape>
          <TextLine ID="line_28" TAGREFS="LT8" BASELINE="138 1436 952 1425" HPOS="136" VPOS="1384" WIDTH="816" HEIGHT="70">
            <Shape><Polygon POINTS="138 1436 138 1449 216 1455 218 1455 249 1449 266 1444 514 1443 520 1449 524 1450 525 1450 526 1450 528 1450 544 1448 573 1443 604 1448 618 1449 620 1449 658 1448 722 1443 822 1448 843 1448 844 1448 844 1448 846 1448 862 1440 874 1446 876 1446 876 1448 952 1448 952 1425 950 1389 752 1384 750 1384 748 1384 747 1384 740 1392 740 1394 696 1394 694 1392 646 1386 645 1386 602 1394 568 1388 567 1388 567 1388 543 1394 542 1394 540 1394 502 1388 501 1388 342 1396 339 1396 338 1396 243 1390 242 1390 240 1390 219 1398 164 1392 162 1392 160 1392 136 1400 138 1436"/></Shape>
            <String CONTENT="Qui canon vt commodè declaretur, ſunt hæc" HPOS="136" VPOS="1384" WIDTH="816" HEIGHT="70" WC="0.9937360116413662"/>
          </TextLine>
          <TextLine ID="line_29" TAGREFS="LT8" BASELINE="87 1486 646 1479" HPOS="86" VPOS="1437" WIDTH="561" HEIGHT="68">
            <Shape><Polygon POINTS="87 1486 87 1498 150 1504 152 1504 153 1504 166 1498 178 1504 178 1504 180 1504 182 1504 204 1498 207 1498 213 1498 272 1504 273 1504 320 1503 320 1503 321 1503 321 1502 322 1502 327 1497 332 1497 418 1502 418 1502 420 1502 422 1502 432 1496 434 1496 484 1500 486 1500 488 1500 501 1494 508 1500 510 1500 512 1500 512 1500 513 1500 528 1494 530 1494 567 1498 568 1498 645 1492 646 1479 642 1444 610 1446 608 1444 594 1438 592 1438 592 1438 550 1444 537 1448 530 1444 501 1437 500 1437 500 1437 418 1440 418 1440 405 1448 400 1449 400 1448 390 1438 390 1437 388 1437 388 1437 357 1437 356 1437 330 1438 328 1438 327 1438 327 1440 318 1448 316 1449 249 1449 243 1449 224 1443 222 1443 222 1443 220 1443 219 1443 219 1443 213 1449 210 1452 153 1452 150 1449 141 1442 140 1442 138 1442 98 1442 96 1442 94 1442 93 1442 86 1444 87 1486"/></Shape>
            <String CONTENT="tria ordine nobis perquirenda." HPOS="86" VPOS="1437" WIDTH="561" HEIGHT="68" WC="0.9952548066775004"/>
          </TextLine>
        </TextBlock>
        <TextBlock HPOS="101" VPOS="1499" WIDTH="747" HEIGHT="47" ID="block_5" TAGREFS="BT3423">
          <Shape><Polygon POINTS="101 1499 848 1499 848 1547 101 1547 101 1499"/></Shape>
          <TextLine ID="line_30" TAGREFS="LT8" BASELINE="135 1534 837 1526" HPOS="134" VPOS="1486" WIDTH="704" HEIGHT="66">
            <Shape><Polygon POINTS="135 1534 135 1552 159 1544 222 1551 222 1551 264 1542 306 1551 312 1551 314 1551 318 1550 357 1542 382 1542 394 1550 396 1550 398 1550 399 1550 404 1550 444 1540 484 1548 488 1548 489 1548 494 1548 555 1539 585 1548 585 1548 586 1548 588 1548 590 1548 591 1548 609 1540 626 1548 628 1548 628 1548 630 1548 645 1546 718 1540 834 1544 837 1526 834 1496 786 1496 778 1488 778 1486 777 1486 777 1486 776 1486 774 1486 747 1494 720 1488 718 1488 645 1496 536 1486 534 1486 490 1488 489 1488 488 1488 478 1496 454 1488 453 1488 452 1488 450 1488 434 1498 424 1491 424 1490 424 1490 423 1490 422 1490 356 1498 334 1490 333 1490 333 1490 290 1498 204 1492 202 1492 202 1492 201 1492 189 1502 141 1496 140 1496 138 1496 136 1496 136 1497 134 1498 135 1534"/></Shape>
            <String CONTENT="1 De quibus Presbyteris agat Paulus." HPOS="134" VPOS="1486" WIDTH="704" HEIGHT="66" WC="0.9898712121778064"/>
          </TextLine>
        </TextBlock>
        <TextBlock HPOS="95" VPOS="1550" WIDTH="540" HEIGHT="47" ID="block_6" TAGREFS="BT3423">
          <Shape><Polygon POINTS="95 1550 635 1550 635 1596 95 1596 95 1550"/></Shape>
          <TextLine ID="line_31" TAGREFS="LT8" BASELINE="135 1582 630 1575" HPOS="135" VPOS="1534" WIDTH="495" HEIGHT="69">
            <Shape><Polygon POINTS="135 1582 136 1600 165 1592 219 1599 238 1602 240 1604 291 1604 291 1602 292 1602 294 1602 294 1600 297 1598 308 1588 324 1596 326 1596 327 1596 327 1596 351 1588 416 1588 426 1596 432 1599 432 1599 434 1599 435 1600 460 1600 460 1599 462 1599 471 1594 486 1586 513 1593 530 1598 531 1598 532 1598 560 1598 561 1598 561 1598 561 1596 566 1592 570 1587 592 1592 612 1596 614 1596 615 1596 630 1592 630 1575 628 1542 598 1534 597 1534 596 1534 594 1534 580 1540 530 1536 528 1536 526 1536 525 1536 518 1542 514 1545 500 1542 472 1538 471 1538 470 1538 468 1538 468 1539 464 1542 462 1546 423 1546 412 1542 394 1536 393 1536 392 1536 302 1538 300 1538 298 1538 292 1542 285 1548 260 1542 240 1539 238 1539 237 1539 220 1542 192 1550 135 1544 135 1582"/></Shape>
            <String CONTENT="2 Quid de illis præcipiat." HPOS="135" VPOS="1534" WIDTH="495" HEIGHT="69" WC="0.993231360728924"/>
          </TextLine>
        </TextBlock>
        <TextBlock HPOS="89" VPOS="1598" WIDTH="556" HEIGHT="47" ID="block_7" TAGREFS="BT3423">
          <Shape><Polygon POINTS="89 1598 645 1598 645 1645 89 1645 89 1598"/></Shape>
          <TextLine ID="line_32" TAGREFS="LT8" BASELINE="150 1635 159 1634" HPOS="142" VPOS="1594" WIDTH="16" HEIGHT="57">
            <Shape><Polygon POINTS="150 1635 153 1652 159 1652 159 1634 152 1594 142 1594 150 1635"/></Shape>
            <String CONTENT="4" HPOS="142" VPOS="1594" WIDTH="16" HEIGHT="57" WC="0.9996531009674072"/>
          </TextLine>
          <TextLine ID="line_33" TAGREFS="LT8" BASELINE="194 1630 645 1624" HPOS="192" VPOS="1582" WIDTH="453" HEIGHT="64">
            <Shape><Polygon POINTS="194 1630 194 1641 201 1647 202 1647 202 1647 204 1647 278 1647 278 1647 336 1640 400 1644 400 1644 444 1638 459 1644 460 1644 462 1644 462 1644 483 1636 486 1636 490 1636 530 1642 530 1642 645 1635 645 1624 642 1592 598 1582 597 1582 554 1592 550 1592 549 1592 504 1584 502 1584 464 1592 459 1593 450 1593 374 1586 372 1586 370 1586 339 1593 333 1594 328 1593 300 1586 298 1586 297 1586 296 1586 296 1586 284 1593 280 1596 260 1593 208 1588 208 1588 207 1588 192 1593 194 1630"/></Shape>
            <String CONTENT="Cur hoc iubeat &amp; velit." HPOS="192" VPOS="1582" WIDTH="453" HEIGHT="64" WC="0.9772736041442208"/>
          </TextLine>
        </TextBlock>
        <TextBlock HPOS="87" VPOS="1645" WIDTH="867" HEIGHT="149" ID="block_8" TAGREFS="BT3408">
          <Shape><Polygon POINTS="87 1645 954 1645 954 1794 87 1794 87 1645"/></Shape>
          <TextLine ID="line_34" TAGREFS="LT8" BASELINE="138 1678 952 1671" HPOS="138" VPOS="1626" WIDTH="814" HEIGHT="70">
            <Shape><Polygon POINTS="138 1688 154 1696 156 1696 158 1696 159 1696 159 1696 172 1689 204 1696 206 1696 297 1688 369 1695 369 1695 370 1695 406 1686 438 1694 440 1694 578 1684 600 1692 602 1692 603 1692 640 1684 789 1690 790 1690 792 1690 812 1684 936 1688 938 1688 938 1688 952 1680 952 1671 950 1636 897 1626 896 1626 832 1628 831 1628 830 1628 814 1635 813 1638 771 1638 768 1635 759 1628 758 1628 756 1628 754 1628 690 1629 688 1629 687 1629 678 1635 672 1638 614 1635 490 1629 489 1629 488 1629 488 1629 480 1635 472 1641 459 1635 448 1630 447 1630 446 1630 444 1630 436 1635 424 1641 369 1641 350 1635 340 1632 339 1632 339 1632 338 1632 330 1635 314 1641 286 1635 284 1635 282 1635 280 1635 279 1635 252 1644 213 1644 202 1635 201 1634 200 1634 198 1634 196 1634 190 1635 159 1641 138 1635 138 1678 138 1688"/></Shape>
            <String CONTENT="Primum caput facile eſt, &amp; ex ſuperioribus" HPOS="138" VPOS="1626" WIDTH="814" HEIGHT="70" WC="0.9879320476736341"/>
          </TextLine>
          <TextLine ID="line_35" TAGREFS="LT8" BASELINE="93 1726 951 1720" HPOS="92" VPOS="1678" WIDTH="860" HEIGHT="70">
            <Shape><Polygon POINTS="93 1726 93 1740 158 1740 196 1749 196 1749 198 1749 213 1743 378 1748 380 1748 426 1742 458 1746 459 1746 460 1746 462 1746 472 1738 572 1746 573 1746 573 1746 592 1737 606 1737 633 1737 645 1746 646 1746 648 1746 648 1746 650 1746 669 1736 670 1736 672 1736 702 1744 704 1744 704 1744 746 1736 747 1736 807 1744 808 1744 951 1732 951 1720 950 1688 864 1678 862 1678 861 1678 844 1688 843 1689 756 1689 753 1688 736 1678 735 1678 676 1678 675 1678 632 1683 630 1683 628 1683 624 1688 621 1690 603 1688 550 1680 549 1680 549 1680 524 1688 510 1690 440 1688 386 1684 384 1684 366 1688 339 1692 333 1688 327 1683 326 1683 324 1683 267 1683 266 1683 264 1683 264 1683 258 1688 252 1690 220 1688 178 1684 177 1684 92 1688 93 1726"/></Shape>
            <String CONTENT="verſiculis ſatis apparet. Agit enim de ijs, qui di¬" HPOS="92" VPOS="1678" WIDTH="860" HEIGHT="70" WC="0.9917273977223564"/>
          </TextLine>
          <TextLine ID="line_36" TAGREFS="LT8" BASELINE="92 1776 950 1770" HPOS="90" VPOS="1731" WIDTH="860" HEIGHT="82">
            <Shape><Polygon POINTS="92 1776 92 1814 141 1814 141 1812 142 1812 144 1812 154 1802 178 1810 180 1810 182 1810 183 1810 204 1800 261 1798 378 1808 430 1810 432 1810 432 1810 444 1806 462 1797 504 1797 513 1804 516 1808 518 1808 518 1808 519 1808 520 1808 522 1808 525 1804 530 1800 537 1804 542 1808 543 1808 543 1808 544 1808 573 1803 615 1796 639 1802 648 1804 648 1804 650 1804 708 1802 748 1798 752 1800 759 1808 760 1808 762 1808 764 1808 822 1808 822 1808 824 1808 825 1808 832 1800 844 1804 846 1804 848 1804 849 1804 867 1798 876 1796 891 1797 921 1803 922 1803 924 1803 950 1796 950 1770 945 1738 890 1738 888 1738 866 1731 864 1731 864 1731 862 1731 861 1731 852 1738 850 1740 762 1740 760 1740 753 1732 753 1732 752 1732 674 1732 672 1732 622 1740 606 1732 604 1732 604 1732 603 1732 576 1740 573 1740 567 1740 489 1732 488 1732 488 1732 486 1732 476 1740 474 1740 272 1734 272 1734 270 1734 268 1734 258 1740 116 1736 114 1736 112 1736 90 1743 92 1776"/></Shape>
            <String CONTENT="gnitatis, nõ autem ætatis ratione Preſbyteri ſunt." HPOS="90" VPOS="1731" WIDTH="860" HEIGHT="82" WC="0.9944459141469469"/>
          </TextLine>
        </TextBlock>
      </PrintSpace>
    </Page>
  </Layout>
</alto>
