1500 2172
705 140 566 66 AD I. PAVL. AD TIM.

528 158 88 50 324

524 183 874 81 ad quendam Ammoniũ virum Ægyptium & cõ¬

524 240 876 70 iugem. Eremitatum enim author fuit Salas, vt ait

525 286 873 74 Nicephorus, quanquam Iſidorus in lib. de Offi¬

525 334 870 72 cijs non tantùm à Ioanne Baptiſta: ſed etiam ab

528 387 867 69 vſque Elia Propheta huius vitę primordia repe¬

530 438 872 66 tit, tam eſt bonus Monachorum patronus. Cer¬

528 480 870 75 tatim igitur omnes ingenij ſui aciem in hoc vitæ

531 531 866 69 genus extollendum contulerunt. Alii enim, vt

530 573 866 74 Ambroſius epiſt. 82. Monaſteria ſçholas & offici¬

530 628 868 63 nas virtutum appellarunt, Chryſoſtom.dixit, Vt

530 674 870 74 in cœlo ſunt aſtra:ſic in terra eſſe ordines diuer¬

530 724 866 70 ſos Monachorũ. Alius dixit, vt è paradiſo terre¬

534 772 866 70 ſtri quatuor flumina fluebant, ſic ex Eccleſia

531 820 868 68 quatuor Monachorum ordines extitiſſe. Alius, ve¬

534 870 867 72 lut Hieronym. & Bernard. ſuſceptionem Mona¬

534 921 867 66 chiſmi vocat ſeçundum Baptiſmum, per quem

537 970 864 66 remiſſio omnium peccatorum obtineatur. Alius

537 1017 866 69 Monachiſmum eſſe dixit Angelicam vitam, vt

540 1060 862 74 Thomiſtæ omnes, quò ſibi maiores in vitæ ſuæ

537 1116 866 64 errore delicias faciant. Nos & ex ſuperſtitione

537 1160 867 70 primum inuentum eſſe hoc vitæ inſtitutum de¬

538 1209 867 69 fendimus: & merè eſſe Diabolicum, cùm pars

543 1258 861 66 quædam cultus Dei, & vitæ ſanctitatis in hoc ex¬

546 1305 860 70 terno rerũgenere poſita ſit, & præter Dei verbũ

543 1358 544 66 falutaris, & beata vita definita.

590 1398 813 70 Etſi enim admittimus minus fuiſſe olim cor¬

540 1454 861 66 ruptos Monachorum mores, quàm nunc ſunt,

542 1497 866 70 tamen hæc ipſa vitæ inſtitutio fuit à Chriſti vita

543 1545 861 70 prorſus aliena, & ſuperſtitionis plena, & aulla a¬

540 1593 867 68 lia de cauſa, niſi ex ἐθελοθρηβεία & idololatrica

540 1641 866 68 rerum externarum admiratione inuenta, & fu¬

543 1690 864 72 ſcepta. Admitto igitur quod de Monachis ſuæ æ¬

542 1740 855 84 tatis ſcribit Chryſoſt. Homill. 14. in Timoth.5.
