<?xml version='1.0' encoding='UTF-8'?>
<alto xmlns:xsi="http://www.w3.org/2001/XMLSchema-instance" xmlns="http://www.loc.gov/standards/alto/ns-v4#" xsi:schemaLocation="http://www.loc.gov/standards/alto/ns-v4# http://www.loc.gov/standards/alto/v4/alto-4-2.xsd">
  <Description>
    <MeasurementUnit>pixel</MeasurementUnit>
    <sourceImageInformation>
      <fileName>2013216.jpeg</fileName>
    </sourceImageInformation>
  </Description>
  <Tags>
    <OtherTag ID="BT7" LABEL="CustomZone" DESCRIPTION="block type CustomZone"/><OtherTag ID="BT8" LABEL="DamageZone" DESCRIPTION="block type DamageZone"/><OtherTag ID="BT9" LABEL="DigitizationArtefactZone" DESCRIPTION="block type DigitizationArtefactZone"/><OtherTag ID="BT10" LABEL="DropCapitalZone" DESCRIPTION="block type DropCapitalZone"/><OtherTag ID="BT11" LABEL="GraphicZone" DESCRIPTION="block type GraphicZone"/><OtherTag ID="BT12" LABEL="MainZone" DESCRIPTION="block type MainZone"/><OtherTag ID="BT13" LABEL="MarginTextZone" DESCRIPTION="block type MarginTextZone"/><OtherTag ID="BT14" LABEL="MusicZone" DESCRIPTION="block type MusicZone"/><OtherTag ID="BT15" LABEL="NumberingZone" DESCRIPTION="block type NumberingZone"/><OtherTag ID="BT17" LABEL="QuireMarksZone" DESCRIPTION="block type QuireMarksZone"/><OtherTag ID="BT18" LABEL="RunningTitleZone" DESCRIPTION="block type RunningTitleZone"/><OtherTag ID="BT19" LABEL="SealZone" DESCRIPTION="block type SealZone"/><OtherTag ID="BT20" LABEL="StampZone" DESCRIPTION="block type StampZone"/><OtherTag ID="BT21" LABEL="TableZone" DESCRIPTION="block type TableZone"/><OtherTag ID="BT22" LABEL="TitlePageZone" DESCRIPTION="block type TitlePageZone"/><OtherTag ID="BT3407" LABEL="MainZone-Continued" DESCRIPTION="block type MainZone-Continued"/><OtherTag ID="BT3408" LABEL="MainZone-P" DESCRIPTION="block type MainZone-P"/><OtherTag ID="BT3409" LABEL="MainZone-Head" DESCRIPTION="block type MainZone-Head"/><OtherTag ID="BT3410" LABEL="MainZone-Other" DESCRIPTION="block type MainZone-Other"/><OtherTag ID="BT3411" LABEL="MainZone-Sp" DESCRIPTION="block type MainZone-Sp"/><OtherTag ID="BT3417" LABEL="MainZone-Sp-Continued" DESCRIPTION="block type MainZone-Sp-Continued"/><OtherTag ID="BT3418" LABEL="GraphicZone-Decoration" DESCRIPTION="block type GraphicZone-Decoration"/><OtherTag ID="BT3419" LABEL="MainZone-Entry" DESCRIPTION="block type MainZone-Entry"/><OtherTag ID="BT3420" LABEL="MainZone-Lg" DESCRIPTION="block type MainZone-Lg"/><OtherTag ID="BT3421" LABEL="MainZone-Entry-Continued" DESCRIPTION="block type MainZone-Entry-Continued"/><OtherTag ID="BT3422" LABEL="MarginTextZone-ManuscriptAddendum" DESCRIPTION="block type MarginTextZone-ManuscriptAddendum"/><OtherTag ID="BT3423" LABEL="MainZone-List" DESCRIPTION="block type MainZone-List"/>
    <OtherTag ID="LT7" LABEL="CustomLine" DESCRIPTION="line type CustomLine"/><OtherTag ID="LT8" LABEL="DefaultLine" DESCRIPTION="line type DefaultLine"/><OtherTag ID="LT9" LABEL="DropCapitalLine" DESCRIPTION="line type DropCapitalLine"/><OtherTag ID="LT10" LABEL="HeadingLine" DESCRIPTION="line type HeadingLine"/><OtherTag ID="LT11" LABEL="InterlinearLine" DESCRIPTION="line type InterlinearLine"/><OtherTag ID="LT12" LABEL="MusicLine" DESCRIPTION="line type MusicLine"/>
  </Tags>
  <Layout>
    <Page WIDTH="1500" HEIGHT="2172" PHYSICAL_IMG_NR="212" ID="eSc_dummypage_">
      <PrintSpace HPOS="0" VPOS="0" WIDTH="1500" HEIGHT="2172">
        <TextBlock HPOS="573" VPOS="139" WIDTH="74" HEIGHT="48" ID="block_1" TAGREFS="BT15">
          <Shape><Polygon POINTS="573 139 647 139 647 187 573 187 573 139"/></Shape>
          <TextLine ID="line_1" TAGREFS="LT8" BASELINE="579 166 642 165" HPOS="579" VPOS="146" WIDTH="63" HEIGHT="45">
            <Shape><Polygon POINTS="640 146 639 146 627 146 615 146 603 146 591 146 579 146 579 166 579 190 640 190 642 190"/></Shape>
            <String CONTENT="456" HPOS="579" VPOS="146" WIDTH="63" HEIGHT="45" WC="0.999991774559021"/>
          </TextLine>
        </TextBlock>
        <TextBlock HPOS="730" VPOS="113" WIDTH="561" HEIGHT="59" ID="block_2" TAGREFS="BT18">
          <Shape><Polygon POINTS="730 113 1291 113 1291 172 730 172 730 113"/></Shape>
          <TextLine ID="line_2" TAGREFS="LT8" BASELINE="732 164 1288 152" HPOS="732" VPOS="117" WIDTH="556" HEIGHT="57">
            <Shape><Polygon POINTS="734 172 783 174 784 174 808 171 832 166 846 171 861 174 862 174 864 174 873 171 882 166 939 170 990 172 992 172 993 172 993 171 998 168 1000 164 1010 168 1016 171 1017 171 1018 171 1112 170 1132 166 1172 159 1185 166 1191 166 1192 166 1194 166 1198 166 1209 160 1286 164 1288 152 1284 117 1172 117 1170 117 1168 117 1168 118 1166 123 1155 129 1155 146 1143 146 1131 146 1119 146 1107 146 1095 146 1083 146 1071 146 1059 146 1047 146 1035 146 1023 146 1011 146 999 146 987 146 975 146 962 146 950 146 938 146 926 146 914 146 902 146 890 146 878 146 866 146 854 146 842 146 830 146 819 146 814 147 812 146 806 146 794 146 782 146 770 146 758 146 746 146 734 146 732 146"/></Shape>
            <String CONTENT="AD I. TAVL. AD TIM." HPOS="732" VPOS="117" WIDTH="556" HEIGHT="57" WC="0.9941860688360113"/>
          </TextLine>
        </TextBlock>
        <TextBlock HPOS="572" VPOS="181" WIDTH="869" HEIGHT="848" ID="block_3" TAGREFS="BT3407">
          <Shape><Polygon POINTS="572 181 1442 181 1442 1030 572 1030 572 181"/></Shape>
          <TextLine ID="line_3" TAGREFS="LT8" BASELINE="570 230 963 216 1428 208" HPOS="568" VPOS="164" WIDTH="860" HEIGHT="88">
            <Shape><Polygon POINTS="1160 183 1154 170 1154 170 1152 170 1150 170 1149 170 1148 172 1136 180 1119 172 1114 171 1113 171 1112 171 1110 171 1106 172 1088 182 1056 174 1044 172 1042 172 1042 172 1035 176 1018 183 1006 176 1005 176 1005 176 1004 176 998 177 962 184 921 178 896 176 894 176 894 176 892 176 886 178 880 184 866 180 850 177 849 177 848 177 846 177 844 177 838 182 826 189 753 189 742 184 734 178 732 178 730 178 690 184 636 182 634 182 634 182 633 182 624 188 618 192 603 189 585 184 584 184 582 184 580 184 568 188 570 230 570 244 620 252 621 252 687 244 698 249 699 249 700 249 702 249 704 249 711 243 718 249 720 249 722 249 722 249 784 242 825 246 826 246 826 246 828 246 837 240 842 234 909 234 916 237 932 244 932 244 933 244 970 236 986 234 994 236 1016 242 1017 242 1018 242 1018 242 1032 234 1040 231 1058 234 1089 240 1090 240 1162 232 1188 230 1203 231 1240 237 1240 237 1275 230 1300 225 1426 226 1428 208 1425 164 1368 166 1366 166 1344 177 1274 177 1263 168 1262 168 1260 168 1238 168 1236 168 1234 168 1233 168 1208 178 1166 171 1164 170 1160 183"/></Shape>
            <String CONTENT="bus ſeculis maximéque epiſcopi iubebantur illi" HPOS="568" VPOS="164" WIDTH="860" HEIGHT="88" WC="0.9891395213756156"/>
          </TextLine>
          <TextLine ID="line_4" TAGREFS="LT8" BASELINE="572 278 1426 256" HPOS="568" VPOS="222" WIDTH="858" HEIGHT="80">
            <Shape><Polygon POINTS="572 278 572 302 618 302 618 302 620 302 622 300 640 292 650 300 651 300 652 300 654 300 712 298 714 298 716 298 734 286 801 296 807 296 808 296 808 296 810 296 830 284 855 284 894 294 896 294 897 294 898 294 900 294 900 294 900 292 914 282 946 288 948 288 950 288 950 288 950 286 957 279 1046 278 1088 290 1089 290 1090 290 1094 290 1238 273 1280 282 1281 282 1282 282 1312 272 1425 280 1426 256 1425 228 1377 222 1376 222 1329 230 1328 230 1323 230 1124 228 1122 228 1014 237 996 238 990 238 956 232 954 232 952 232 936 240 933 240 924 240 855 234 854 234 852 234 850 234 844 240 844 242 842 240 826 236 826 236 825 236 824 236 804 242 800 243 795 242 768 237 766 237 568 246 572 278"/></Shape>
            <String CONTENT="prouidere &amp; proſpicere vt apparet ex variis Sy¬" HPOS="568" VPOS="222" WIDTH="858" HEIGHT="80" WC="0.9880374073982239"/>
          </TextLine>
          <TextLine ID="line_5" TAGREFS="LT8" BASELINE="570 327 1041 314 1428 308" HPOS="568" VPOS="272" WIDTH="860" HEIGHT="75">
            <Shape><Polygon POINTS="570 327 570 340 628 339 642 342 674 346 675 346 696 345 698 345 698 345 704 340 711 334 736 340 747 342 748 342 750 342 752 342 753 339 764 333 790 333 844 339 874 342 876 342 876 342 885 339 903 330 938 338 954 340 956 340 972 338 1011 327 1095 334 1120 338 1122 338 1122 338 1124 338 1126 334 1137 327 1240 324 1268 332 1269 332 1270 332 1270 332 1272 332 1288 321 1316 328 1317 328 1318 328 1320 328 1336 321 1352 332 1353 332 1354 332 1356 332 1428 330 1428 308 1425 279 1230 272 1228 272 1188 273 1186 273 1185 273 1168 284 1167 285 1140 285 1140 284 1120 274 1119 274 1118 274 1064 286 1060 286 1056 286 1023 282 1022 282 1020 282 1004 288 1002 288 987 278 987 278 986 278 957 278 956 278 879 282 878 282 876 282 864 290 862 290 732 285 730 285 729 285 716 294 705 285 704 285 704 285 702 285 664 291 642 285 640 285 640 285 639 285 638 285 621 296 618 297 568 297 570 327"/></Shape>
            <String CONTENT="nodotũ decretis &amp; imprimis Synodo Chartag.4." HPOS="568" VPOS="272" WIDTH="860" HEIGHT="75" WC="0.9894895566834344"/>
          </TextLine>
          <TextLine ID="line_6" TAGREFS="LT8" BASELINE="573 374 928 362 1430 356" HPOS="573" VPOS="321" WIDTH="856" HEIGHT="74">
            <Shape><Polygon POINTS="573 374 574 394 598 387 711 392 752 393 753 393 753 393 754 393 754 392 758 390 765 382 786 388 795 392 796 392 798 392 818 388 854 382 864 387 872 390 873 390 874 390 934 388 936 388 938 388 944 384 950 380 969 384 987 388 988 388 990 388 1000 382 1010 378 1016 382 1022 387 1023 387 1024 387 1024 388 1070 388 1070 387 1154 378 1197 375 1221 376 1280 382 1281 382 1282 382 1314 374 1320 372 1328 374 1365 381 1366 381 1430 369 1430 356 1425 327 1300 330 1296 330 1258 321 1258 321 1257 321 1230 330 1197 322 1196 322 1194 322 1176 330 1148 324 1146 324 1144 324 1143 324 1130 333 1128 336 1053 336 1002 336 978 328 976 328 975 328 975 328 948 338 944 339 879 339 876 339 846 330 844 330 844 330 810 336 729 333 728 333 728 333 712 339 634 333 634 333 633 333 609 345 573 345 573 374"/></Shape>
            <String CONTENT="poſtea põtificij παρεπισκοποι, qui nihil omnino, ni" HPOS="573" VPOS="321" WIDTH="856" HEIGHT="74" WC="0.9788523889504946"/>
          </TextLine>
          <TextLine ID="line_7" TAGREFS="LT8" BASELINE="573 424 898 412 1431 405" HPOS="572" VPOS="369" WIDTH="860" HEIGHT="75">
            <Shape><Polygon POINTS="573 424 573 444 616 444 616 444 618 444 620 444 621 442 632 435 642 442 644 442 645 442 646 442 922 438 963 430 1002 426 1020 430 1034 432 1035 432 1036 432 1046 429 1059 424 1074 429 1096 434 1098 434 1098 434 1114 428 1122 423 1336 418 1340 420 1348 426 1350 426 1352 426 1352 426 1431 417 1431 405 1426 374 1374 376 1358 375 1330 369 1329 369 1328 369 1326 369 1326 370 1320 375 1317 378 1302 375 1275 372 1274 372 1272 372 1270 372 1264 376 1258 380 1250 376 1232 372 1230 372 1228 372 1227 372 1216 378 1210 382 1182 382 1174 380 1158 374 1156 374 1155 374 1104 381 1083 382 1054 382 981 376 980 376 948 384 945 384 928 384 765 384 765 384 764 384 748 388 744 390 740 388 717 382 716 382 716 382 714 382 712 382 705 390 704 390 680 384 678 384 678 384 676 384 658 392 656 392 654 392 630 384 628 384 628 384 572 393 573 424"/></Shape>
            <String CONTENT="ſi ſuum lucrum ex eccleſia captant, totam hanc" HPOS="572" VPOS="369" WIDTH="860" HEIGHT="75" WC="0.9991268982057986"/>
          </TextLine>
          <TextLine ID="line_8" TAGREFS="LT8" BASELINE="574 470 1431 453" HPOS="573" VPOS="416" WIDTH="858" HEIGHT="78">
            <Shape><Polygon POINTS="574 470 574 494 663 486 783 488 802 488 804 488 806 488 807 488 820 477 870 486 879 486 880 486 987 484 988 484 990 484 992 483 1005 472 1070 472 1078 478 1080 478 1080 478 1082 478 1148 471 1166 478 1170 480 1172 480 1172 480 1173 480 1178 478 1197 468 1262 468 1270 476 1270 476 1270 477 1272 477 1274 477 1275 477 1276 477 1282 476 1308 468 1430 471 1431 453 1431 426 1408 416 1407 416 1370 416 1368 416 1366 416 1324 426 1248 418 1246 418 1194 418 1192 418 1191 418 1180 428 1152 420 1150 420 1149 420 1148 420 1122 432 993 434 981 424 981 424 980 424 960 424 958 424 957 424 938 434 906 429 906 429 807 436 792 430 790 430 789 430 573 442 574 470"/></Shape>
            <String CONTENT="pauperum curam neglexerunt, miniméque ad ſe" HPOS="573" VPOS="416" WIDTH="858" HEIGHT="78" WC="0.9932791468772021"/>
          </TextLine>
          <TextLine ID="line_9" TAGREFS="LT8" BASELINE="574 519 1430 501" HPOS="573" VPOS="465" WIDTH="856" HEIGHT="76">
            <Shape><Polygon POINTS="574 519 576 542 610 531 622 540 624 540 626 540 627 540 628 540 645 531 670 538 672 538 672 538 674 538 675 538 684 530 746 525 814 530 814 530 816 530 818 530 825 524 944 526 944 526 992 520 1005 530 1005 530 1006 530 1008 530 1010 530 1042 520 1052 530 1053 530 1054 530 1054 530 1056 531 1086 531 1086 530 1120 526 1214 518 1236 524 1246 526 1246 526 1248 526 1269 524 1318 513 1344 520 1354 524 1356 524 1358 524 1430 518 1430 501 1426 474 1388 466 1388 466 1314 474 1288 466 1287 466 1286 466 1284 466 1282 466 1274 474 1260 465 1258 465 1258 465 1257 465 1164 477 1150 468 1149 468 1148 468 1148 468 1146 468 1122 474 1086 468 1086 468 1084 468 1083 468 1070 477 1030 470 1029 470 957 482 860 477 858 477 858 477 856 477 856 478 855 478 850 483 810 474 808 474 808 474 784 483 573 490 574 519"/></Shape>
            <String CONTENT="pertinere exiſtimarunt: ſed ipſi dona Viduis, pu¬" HPOS="573" VPOS="465" WIDTH="856" HEIGHT="76" WC="0.9879940736050509"/>
          </TextLine>
          <TextLine ID="line_10" TAGREFS="LT8" BASELINE="579 567 1434 550" HPOS="578" VPOS="512" WIDTH="856" HEIGHT="80">
            <Shape><Polygon POINTS="579 567 579 591 644 590 645 590 646 590 674 576 699 585 700 585 702 585 704 585 735 578 766 585 772 586 774 586 776 586 786 585 842 573 868 582 870 584 872 584 873 584 874 584 878 582 906 572 994 579 1036 582 1038 582 1136 579 1136 579 1150 573 1172 567 1434 567 1434 550 1431 524 1395 518 1394 518 1392 518 1366 524 1354 512 1353 512 1352 512 1320 512 1320 512 1318 512 1317 512 1304 524 1282 513 1282 513 1281 513 1239 520 1176 514 1174 514 1173 514 1172 514 1172 516 1160 528 1036 530 993 518 992 518 990 518 988 518 987 518 974 528 932 519 932 519 930 519 910 530 897 520 896 520 894 520 894 520 892 520 891 520 879 531 858 525 856 525 855 525 854 525 826 532 777 522 776 522 774 522 746 532 714 528 712 528 711 528 710 528 700 536 668 536 646 524 645 524 644 524 578 537 579 567"/></Shape>
            <String CONTENT="pillis, &amp; aliis eccleſiæ Dei pauperibus deſtinata" HPOS="578" VPOS="512" WIDTH="856" HEIGHT="80" WC="0.999244073215796"/>
          </TextLine>
          <TextLine ID="line_11" TAGREFS="LT8" BASELINE="576 616 920 606 1432 598" HPOS="574" VPOS="562" WIDTH="858" HEIGHT="78">
            <Shape><Polygon POINTS="576 616 576 628 620 640 621 640 654 639 654 639 656 639 664 632 710 638 710 638 711 638 746 626 747 626 748 626 790 636 792 636 794 636 926 622 928 622 944 633 945 633 946 633 948 633 1032 632 1034 632 1056 622 1072 628 1074 628 1074 628 1076 628 1077 628 1092 620 1140 616 1148 616 1160 616 1220 616 1256 627 1257 627 1258 627 1302 626 1302 626 1328 614 1371 622 1372 622 1432 610 1432 598 1431 566 1320 562 1320 562 1275 568 1239 573 1222 570 1202 566 1200 566 1166 572 1142 576 1096 573 1054 572 1053 572 1052 572 1040 574 1028 579 999 576 946 572 945 572 890 579 867 573 866 573 864 573 864 573 862 573 862 573 856 579 826 573 825 573 760 582 742 585 726 584 656 578 654 578 654 578 633 585 628 588 574 588 576 616"/></Shape>
            <String CONTENT="ſacrilegè inuaſerunt. Quorum certè bonorũ ſunt" HPOS="574" VPOS="562" WIDTH="858" HEIGHT="78" WC="0.9894908459819093"/>
          </TextLine>
          <TextLine ID="line_12" TAGREFS="LT8" BASELINE="578 664 1434 648" HPOS="576" VPOS="614" WIDTH="858" HEIGHT="74">
            <Shape><Polygon POINTS="578 664 578 687 640 686 642 686 644 686 656 678 690 686 694 686 696 686 698 686 699 686 740 675 762 684 764 684 765 684 765 684 789 674 820 684 824 684 825 684 826 684 826 684 830 684 854 678 894 682 904 682 906 682 906 682 910 681 944 672 963 676 964 676 966 676 968 676 969 676 969 675 975 669 1038 669 1068 669 1080 678 1082 678 1083 678 1084 678 1170 678 1172 678 1172 678 1173 676 1191 666 1236 666 1258 675 1260 675 1262 675 1263 675 1264 675 1264 675 1302 664 1346 664 1364 672 1365 674 1366 674 1368 674 1376 672 1408 666 1431 672 1434 648 1431 622 1382 614 1382 614 1380 614 1353 621 1246 616 1245 616 1244 616 1224 624 1218 627 1136 627 1126 624 1116 621 1114 621 1113 621 1112 621 1104 624 1096 628 1088 624 1071 618 1070 618 1068 618 1034 624 1010 628 962 626 906 621 906 621 870 626 836 630 813 626 801 624 801 624 771 627 640 636 615 627 614 627 612 627 610 627 576 627 578 664"/></Shape>
            <String CONTENT="Deo rationem reddituri: at que ij omnes etiam," HPOS="576" VPOS="614" WIDTH="858" HEIGHT="74" WC="0.9949518999327784"/>
          </TextLine>
          <TextLine ID="line_13" TAGREFS="LT8" BASELINE="579 712 1436 696" HPOS="578" VPOS="660" WIDTH="858" HEIGHT="74">
            <Shape><Polygon POINTS="579 712 579 730 698 734 699 734 700 734 716 728 732 722 774 726 795 728 795 728 796 728 801 724 812 720 838 723 844 724 846 724 856 723 890 717 927 722 938 722 939 722 940 722 942 722 944 722 952 716 981 716 987 720 1004 728 1005 728 1005 728 1006 728 1028 718 1029 718 1030 718 1059 724 1060 724 1060 724 1076 717 1084 712 1138 712 1146 716 1158 720 1160 720 1160 720 1161 720 1162 720 1170 716 1172 712 1173 716 1186 723 1188 723 1190 723 1191 723 1270 711 1282 710 1287 711 1308 720 1310 720 1311 722 1372 722 1372 720 1434 706 1436 696 1434 669 1410 660 1408 660 1407 660 1407 660 1406 660 1394 668 1278 662 1276 662 1276 662 1248 672 1246 672 1136 666 1134 666 1098 674 1068 666 1066 666 1066 666 1065 666 1064 666 1052 675 1050 675 1005 666 1005 666 896 678 880 678 862 678 780 674 778 674 777 674 760 680 759 680 759 680 734 672 732 672 730 672 729 672 704 681 698 682 690 681 648 674 646 674 645 674 626 682 621 684 578 684 579 712"/></Shape>
            <String CONTENT="qui in reformatis eccleſiis, bona, quæ ad paupe¬" HPOS="578" VPOS="660" WIDTH="858" HEIGHT="74" WC="0.9917695385714372"/>
          </TextLine>
          <TextLine ID="line_14" TAGREFS="LT8" BASELINE="578 765 945 752 1434 744" HPOS="576" VPOS="706" WIDTH="858" HEIGHT="78">
            <Shape><Polygon POINTS="578 765 578 784 678 784 678 783 678 783 690 782 728 771 750 778 752 778 753 778 753 778 754 778 756 778 777 771 792 776 794 776 795 776 832 770 849 777 856 778 858 778 858 778 860 778 861 778 864 776 873 770 888 776 892 777 894 777 894 777 896 777 904 774 928 766 1010 771 1076 774 1077 774 1128 772 1130 772 1142 766 1149 764 1173 765 1186 766 1188 766 1190 766 1191 766 1191 765 1197 760 1209 765 1214 765 1215 765 1215 765 1248 764 1316 758 1322 760 1329 766 1330 766 1332 766 1332 768 1378 768 1378 766 1434 758 1434 744 1431 716 1330 716 1274 706 1272 706 1270 706 1221 720 1216 722 1148 722 1148 722 1120 710 1119 710 1118 710 1116 710 1086 722 1016 723 992 714 990 714 988 714 938 723 870 716 868 716 867 716 866 716 844 728 825 717 824 717 822 717 820 717 820 717 808 726 790 718 789 718 789 718 788 718 750 730 748 732 650 734 648 734 624 728 622 728 622 728 576 734 578 765"/></Shape>
            <String CONTENT="res pertinent, hodie aliò transferunt, &amp; ſibi pro¬" HPOS="576" VPOS="706" WIDTH="858" HEIGHT="78" WC="0.9980682987792819"/>
          </TextLine>
          <TextLine ID="line_15" TAGREFS="LT8" BASELINE="579 812 1437 792" HPOS="578" VPOS="756" WIDTH="860" HEIGHT="76">
            <Shape><Polygon POINTS="579 812 579 832 684 832 684 832 686 832 687 832 690 830 705 820 812 819 820 825 824 828 825 828 826 828 826 830 846 830 846 828 848 828 862 824 882 818 903 822 914 825 915 825 916 825 927 822 944 818 969 820 1005 825 1005 825 1110 822 1110 822 1112 822 1112 820 1118 816 1124 810 1182 810 1196 814 1218 820 1220 820 1221 820 1221 820 1246 812 1258 808 1266 812 1280 814 1281 814 1282 814 1282 814 1284 814 1290 810 1294 807 1437 806 1437 792 1436 765 1413 756 1412 756 1410 756 1408 756 1380 765 1275 758 1274 758 1272 758 1252 766 1179 760 1178 760 1176 760 1174 760 1174 762 1166 771 1166 771 1154 771 1066 771 1022 765 1020 765 948 774 900 766 900 766 828 777 826 777 826 777 794 771 792 771 790 771 774 778 771 778 722 774 722 774 720 774 706 780 706 782 578 783 579 812"/></Shape>
            <String CONTENT="priisque commodis applicant. Quod faciunt." HPOS="578" VPOS="756" WIDTH="860" HEIGHT="76" WC="0.9929979131335304"/>
          </TextLine>
          <TextLine ID="line_16" TAGREFS="LT8" BASELINE="579 860 1437 838" HPOS="579" VPOS="806" WIDTH="858" HEIGHT="72">
            <Shape><Polygon POINTS="1158 830 1146 830 1134 830 1122 830 1110 830 1098 830 1086 830 1074 830 1060 830 1048 830 1036 830 1024 830 1012 830 1000 830 988 830 976 830 964 830 952 830 940 830 928 830 916 830 904 830 892 830 880 830 868 830 856 830 844 830 832 830 820 830 808 830 795 830 783 830 771 830 759 830 747 830 735 830 723 830 711 830 699 830 690 830 672 832 579 831 579 860 579 878 654 878 656 878 660 876 693 867 723 874 729 876 730 876 732 876 735 874 752 864 782 862 894 862 914 867 930 872 932 872 932 872 962 866 988 860 1010 862 1022 866 1023 866 1024 866 1035 862 1053 858 1068 862 1095 867 1096 867 1158 858 1185 855 1190 856 1203 864 1203 864 1204 866 1234 866 1234 864 1332 854 1396 856 1398 856 1437 848 1437 838 1437 814 1412 806 1410 806 1408 806 1407 806 1384 814 1286 807 1284 807 1282 807 1260 818 1185 810 1185 810 1162 814 1158 830"/></Shape>
            <String CONTENT="nimium multi, imprimis aut Nobiles &amp; Princi¬" HPOS="579" VPOS="806" WIDTH="858" HEIGHT="72" WC="0.9924471269954335"/>
          </TextLine>
          <TextLine ID="line_17" TAGREFS="LT8" BASELINE="585 906 1154 892 1438 890" HPOS="585" VPOS="850" WIDTH="854" HEIGHT="75">
            <Shape><Polygon POINTS="585 906 585 922 693 926 694 926 696 926 698 926 704 920 711 915 734 920 742 921 744 921 766 918 818 914 838 918 858 921 858 921 860 921 874 916 892 912 920 916 940 918 942 918 944 918 952 915 969 909 999 914 999 914 1000 914 1002 914 1023 908 1034 914 1040 916 1041 916 1042 918 1077 918 1077 916 1078 916 1080 916 1084 912 1092 906 1438 904 1438 890 1436 856 1400 861 1395 856 1384 850 1383 850 1382 850 1382 850 1328 856 1296 850 1294 850 1240 855 1240 855 1239 855 1228 862 1224 866 1152 866 1143 864 1101 856 1100 856 1098 856 1077 866 1058 856 1056 856 1054 856 1054 856 1053 856 1053 858 1042 867 1041 870 918 870 916 870 906 862 904 862 903 862 902 862 900 862 884 872 882 872 880 872 825 862 824 862 822 862 792 874 790 874 789 874 752 862 750 862 748 862 747 862 716 876 681 866 680 866 678 866 678 866 652 878 585 879 585 906"/></Shape>
            <String CONTENT="pes Chriſtia. Quid autem de bonis eccleſiaſticis" HPOS="585" VPOS="850" WIDTH="854" HEIGHT="75" WC="0.988906491547823"/>
          </TextLine>
          <TextLine ID="line_18" TAGREFS="LT8" BASELINE="579 956 920 945 1438 938" HPOS="579" VPOS="900" WIDTH="860" HEIGHT="87">
            <Shape><Polygon POINTS="579 956 582 987 592 981 621 986 622 986 693 976 738 984 747 986 748 986 750 986 752 986 752 984 753 984 760 975 816 982 824 982 825 982 832 981 872 975 909 981 922 981 924 981 926 981 930 981 948 972 962 980 963 980 964 980 966 980 968 980 980 972 990 980 992 980 993 980 993 981 1040 981 1040 980 1052 976 1098 968 1114 975 1116 976 1118 976 1119 976 1120 976 1125 975 1155 968 1437 968 1438 938 1437 910 1407 904 1407 904 1353 910 1326 900 1324 900 1323 900 1302 902 1300 902 1299 902 1299 903 1288 912 1209 903 1209 903 1136 906 1134 906 1132 906 1122 914 1098 910 1096 910 1095 910 1094 910 1086 916 993 908 992 908 990 908 956 916 808 912 807 912 742 924 738 926 579 926 579 956"/></Shape>
            <String CONTENT="ſit inter nos conſtituendum, vide Cal. epiſt. 372." HPOS="579" VPOS="900" WIDTH="860" HEIGHT="87" WC="0.9953664481639862"/>
          </TextLine>
          <TextLine ID="line_19" TAGREFS="LT8" BASELINE="591 1012 682 1005 747 1006" HPOS="588" VPOS="980" WIDTH="159" HEIGHT="57">
            <Shape><Polygon POINTS="734 980 722 980 710 980 698 980 684 980 672 980 660 980 648 980 636 980 624 980 612 980 600 980 588 980 591 1012 592 1036 642 1035 644 1035 657 1029 670 1024 688 1026 720 1029 722 1029 722 1029 747 1020 747 1006 746 980 734 980"/></Shape>
            <String CONTENT="394.384." HPOS="588" VPOS="980" WIDTH="159" HEIGHT="57" WC="0.9993033036589622"/>
          </TextLine>
        </TextBlock>
        <TextBlock HPOS="578" VPOS="1031" WIDTH="871" HEIGHT="178" ID="block_4" TAGREFS="BT3409">
          <Shape><Polygon POINTS="578 1031 1449 1031 1449 1209 578 1209 578 1031"/></Shape>
          <TextLine ID="line_20" TAGREFS="LT8" BASELINE="639 1076 1443 1064" HPOS="638" VPOS="1011" WIDTH="806" HEIGHT="90">
            <Shape><Polygon POINTS="1168 1060 1162 1026 1142 1026 1134 1020 1132 1018 1131 1018 1130 1018 1130 1018 1128 1018 1126 1018 1125 1020 1113 1028 1084 1028 1078 1022 1074 1017 1074 1017 1072 1017 1071 1017 1070 1017 1006 1017 1005 1017 982 1023 966 1029 921 1026 832 1020 831 1020 830 1020 808 1029 804 1030 798 1029 765 1022 765 1022 764 1022 762 1022 740 1029 728 1022 728 1022 726 1022 724 1022 723 1022 722 1022 714 1029 684 1023 684 1023 638 1034 639 1076 639 1094 672 1100 672 1100 674 1100 675 1100 682 1094 687 1090 706 1090 712 1092 726 1100 728 1100 728 1101 800 1101 800 1100 801 1100 819 1092 825 1088 828 1090 838 1098 838 1098 840 1098 842 1098 843 1098 844 1098 856 1090 858 1090 860 1090 940 1098 942 1098 944 1098 944 1098 960 1088 963 1086 968 1088 976 1096 978 1096 980 1096 981 1098 1006 1098 1006 1096 1008 1096 1010 1096 1020 1086 1022 1086 1024 1086 1052 1090 1053 1090 1054 1090 1071 1086 1078 1084 1080 1086 1086 1090 1088 1090 1089 1090 1090 1090 1092 1090 1112 1086 1120 1083 1126 1086 1143 1092 1144 1092 1146 1092 1148 1092 1168 1084 1170 1084 1194 1094 1196 1094 1197 1094 1197 1094 1198 1094 1210 1083 1212 1082 1214 1083 1222 1090 1224 1090 1226 1090 1227 1090 1227 1090 1256 1082 1258 1082 1258 1082 1280 1092 1281 1092 1282 1092 1282 1092 1284 1092 1298 1082 1300 1080 1305 1082 1362 1092 1364 1092 1443 1078 1443 1064 1440 1011 1252 1023 1196 1017 1185 1017 1185 1017 1184 1017 1182 1017 1182 1018 1172 1026 1172 1026 1168 1060"/></Shape>
            <String CONTENT="17 Qui benè præſunt Presbyteri, duplici" HPOS="638" VPOS="1011" WIDTH="806" HEIGHT="90" WC="0.9858374997973443"/>
          </TextLine>
          <TextLine ID="line_21" TAGREFS="LT8" BASELINE="584 1137 1443 1122" HPOS="582" VPOS="1076" WIDTH="861" HEIGHT="80">
            <Shape><Polygon POINTS="584 1137 584 1155 741 1146 754 1152 762 1154 764 1154 765 1154 814 1149 860 1146 864 1148 868 1152 870 1152 870 1152 872 1152 900 1148 938 1142 994 1144 1058 1148 1059 1148 1060 1148 1070 1143 1077 1140 1086 1142 1104 1148 1104 1148 1106 1148 1150 1148 1152 1148 1170 1142 1179 1137 1197 1140 1242 1146 1244 1146 1245 1146 1274 1137 1281 1134 1443 1132 1443 1122 1438 1076 1358 1086 1344 1078 1344 1077 1342 1077 1341 1077 1340 1077 1340 1077 1334 1078 1317 1083 1311 1078 1310 1077 1308 1077 1308 1077 1306 1077 1293 1078 1240 1092 1215 1092 1203 1082 1203 1082 1202 1082 1200 1082 1198 1082 1179 1089 1160 1083 1152 1080 1150 1080 1149 1080 1148 1080 1143 1083 1128 1092 1077 1086 1048 1082 1047 1082 1046 1082 1044 1082 1044 1083 1041 1086 1030 1095 987 1095 974 1088 969 1086 968 1086 966 1086 964 1086 963 1086 960 1088 950 1096 932 1096 920 1089 914 1086 914 1086 912 1086 910 1086 909 1086 894 1090 884 1092 874 1090 850 1086 849 1086 848 1086 826 1092 806 1098 777 1092 754 1090 753 1090 753 1090 746 1094 735 1100 650 1100 645 1096 636 1090 634 1090 634 1090 598 1090 598 1090 597 1090 582 1096 584 1137"/></Shape>
            <String CONTENT="honore digni habentor: maximè qui laborãt" HPOS="582" VPOS="1076" WIDTH="861" HEIGHT="80" WC="0.9943130723265714"/>
          </TextLine>
          <TextLine ID="line_22" TAGREFS="LT8" BASELINE="585 1196 1064 1190" HPOS="584" VPOS="1142" WIDTH="480" HEIGHT="76">
            <Shape><Polygon POINTS="585 1196 585 1218 646 1218 648 1218 650 1216 680 1203 777 1212 831 1215 832 1215 832 1215 834 1215 842 1209 850 1203 969 1203 970 1203 981 1214 982 1214 984 1214 986 1215 1028 1215 1028 1214 1029 1214 1030 1214 1046 1200 1047 1200 1062 1200 1064 1190 1060 1160 1018 1160 992 1142 990 1142 988 1142 968 1142 966 1142 915 1143 914 1143 914 1143 914 1144 906 1152 897 1144 897 1143 896 1143 894 1143 876 1143 876 1143 874 1143 873 1143 873 1144 858 1160 830 1144 828 1144 826 1144 826 1144 825 1144 808 1160 782 1162 774 1162 771 1162 729 1154 728 1154 678 1162 654 1148 652 1148 651 1148 650 1148 648 1148 648 1148 628 1164 627 1166 584 1166 585 1196"/></Shape>
            <String CONTENT="in ſermone &amp; doctrina." HPOS="584" VPOS="1142" WIDTH="480" HEIGHT="76" WC="0.9994077411564913"/>
          </TextLine>
        </TextBlock>
        <TextBlock HPOS="586" VPOS="1217" WIDTH="867" HEIGHT="438" ID="block_5" TAGREFS="BT3408">
          <Shape><Polygon POINTS="586 1217 1453 1217 1453 1655 586 1655 586 1217"/></Shape>
          <TextLine ID="line_23" TAGREFS="LT8" BASELINE="634 1254 1449 1242" HPOS="633" VPOS="1203" WIDTH="816" HEIGHT="70">
            <Shape><Polygon POINTS="634 1254 634 1274 1448 1258 1449 1242 1444 1203 1298 1209 1293 1206 1290 1203 1288 1203 1287 1203 1224 1203 1222 1203 1221 1203 1212 1209 1203 1212 1166 1209 1124 1206 1122 1206 1122 1206 1106 1210 1095 1214 1062 1212 993 1208 992 1208 990 1208 969 1214 962 1215 926 1215 804 1209 802 1209 728 1220 722 1220 718 1220 680 1212 678 1212 633 1221 634 1254"/></Shape>
            <String CONTENT="Πόεσβασς Trãſitio eſt. Tractat enim iam aliud" HPOS="633" VPOS="1203" WIDTH="816" HEIGHT="70" WC="0.992879052111443"/>
          </TextLine>
          <TextLine ID="line_24" TAGREFS="LT8" BASELINE="586 1306 1446 1292" HPOS="585" VPOS="1252" WIDTH="861" HEIGHT="74">
            <Shape><Polygon POINTS="586 1306 586 1323 652 1326 654 1326 668 1323 688 1318 704 1322 712 1324 714 1324 716 1324 728 1322 753 1317 783 1320 801 1323 801 1323 802 1323 808 1320 820 1314 903 1314 932 1320 944 1320 944 1320 980 1318 1094 1311 1203 1316 1216 1316 1218 1316 1220 1316 1221 1316 1245 1308 1280 1314 1282 1314 1282 1314 1287 1314 1344 1308 1356 1314 1358 1314 1358 1314 1359 1314 1412 1308 1443 1312 1446 1292 1443 1262 1408 1262 1407 1262 1400 1254 1400 1252 1398 1252 1396 1252 1374 1252 1372 1252 1371 1252 1370 1252 1370 1254 1362 1262 1308 1254 1308 1254 1306 1254 1290 1264 1288 1264 1284 1264 1244 1256 1242 1256 1203 1262 1161 1257 1160 1257 1160 1257 1158 1257 1158 1258 1152 1264 1140 1258 1138 1258 1137 1258 1095 1264 1071 1258 1070 1258 1068 1258 1044 1268 1026 1258 1024 1258 1024 1258 987 1260 986 1260 984 1260 984 1262 975 1269 975 1270 916 1270 915 1270 906 1264 904 1264 903 1264 902 1264 900 1264 874 1270 870 1270 866 1270 831 1263 830 1263 792 1269 728 1264 728 1264 726 1264 724 1264 711 1274 710 1275 585 1275 586 1306"/></Shape>
            <String CONTENT="caput diſciplinæ &amp; politiæ eccleſiaſticæ Paulus," HPOS="585" VPOS="1252" WIDTH="861" HEIGHT="74" WC="0.9882976164420446"/>
          </TextLine>
          <TextLine ID="line_25" TAGREFS="LT8" BASELINE="590 1356 1448 1340" HPOS="588" VPOS="1311" WIDTH="860" HEIGHT="66">
            <Shape><Polygon POINTS="1167 1330 1155 1330 1143 1330 1131 1330 1119 1330 1107 1330 1095 1330 1083 1330 1071 1330 1059 1330 1047 1330 1035 1330 1023 1330 1011 1330 999 1330 987 1330 975 1330 962 1330 950 1330 938 1330 926 1330 914 1330 902 1330 890 1330 878 1330 866 1330 854 1330 842 1330 830 1330 818 1330 806 1330 794 1330 782 1330 770 1330 758 1330 746 1330 734 1330 722 1330 710 1330 698 1330 684 1330 672 1330 660 1330 648 1330 636 1330 624 1330 612 1330 600 1330 588 1330 590 1356 590 1377 656 1370 706 1376 710 1376 711 1376 717 1376 813 1365 838 1372 843 1372 844 1372 844 1372 846 1372 848 1372 848 1371 860 1364 906 1370 918 1371 920 1371 920 1371 926 1370 944 1362 1022 1362 1036 1368 1042 1370 1042 1370 1044 1370 1046 1370 1052 1366 1071 1360 1136 1365 1149 1365 1150 1365 1156 1364 1185 1358 1251 1362 1287 1364 1288 1364 1308 1360 1336 1356 1352 1359 1364 1364 1365 1364 1366 1364 1446 1358 1448 1340 1443 1311 1172 1316 1167 1330"/></Shape>
            <String CONTENT="quod ad Miniſterij eccleſiaſtici munus equè per¬" HPOS="588" VPOS="1311" WIDTH="860" HEIGHT="66" WC="0.9978932884274697"/>
          </TextLine>
          <TextLine ID="line_26" TAGREFS="LT8" BASELINE="588 1402 1446 1386" HPOS="586" VPOS="1350" WIDTH="860" HEIGHT="75">
            <Shape><Polygon POINTS="588 1402 588 1416 609 1425 610 1425 610 1425 663 1416 690 1424 692 1424 693 1424 754 1422 756 1422 772 1413 832 1420 832 1420 894 1412 896 1412 897 1412 958 1416 960 1416 1035 1408 1036 1408 1086 1413 1088 1413 1089 1413 1104 1407 1137 1414 1138 1414 1140 1414 1160 1407 1382 1410 1383 1410 1446 1400 1446 1386 1443 1352 1376 1359 1366 1353 1364 1350 1364 1350 1362 1350 1322 1350 1320 1350 1320 1350 1318 1350 1314 1354 1305 1360 1264 1356 1238 1353 1236 1353 1215 1358 1191 1362 1167 1358 1140 1354 1138 1354 1096 1360 1076 1364 1066 1360 1047 1358 1046 1358 1044 1358 1029 1362 1012 1368 921 1368 914 1365 898 1359 897 1359 896 1359 894 1359 894 1359 886 1365 880 1370 852 1366 801 1362 801 1362 800 1362 798 1362 789 1368 786 1370 766 1370 716 1364 716 1364 586 1372 588 1402"/></Shape>
            <String CONTENT="tinet, atque ſuperior cura &amp; diſputatio. Eſt au¬" HPOS="586" VPOS="1350" WIDTH="860" HEIGHT="75" WC="0.9890668330093225"/>
          </TextLine>
          <TextLine ID="line_27" TAGREFS="LT8" BASELINE="588 1454 1450 1437" HPOS="588" VPOS="1396" WIDTH="862" HEIGHT="74">
            <Shape><Polygon POINTS="816 1449 804 1449 792 1449 780 1449 768 1449 756 1449 744 1449 732 1449 720 1449 708 1449 696 1449 684 1450 672 1450 660 1450 648 1450 634 1450 622 1450 610 1450 588 1454 588 1467 771 1470 771 1470 819 1464 855 1461 892 1464 926 1467 927 1467 928 1467 940 1462 958 1458 1006 1462 1030 1464 1030 1464 1032 1464 1034 1464 1035 1461 1042 1456 1080 1461 1086 1461 1086 1461 1095 1461 1170 1455 1196 1461 1198 1461 1200 1461 1206 1461 1266 1452 1320 1460 1326 1460 1326 1460 1328 1460 1329 1460 1342 1450 1450 1456 1450 1437 1448 1396 1374 1408 1296 1404 1218 1400 1216 1400 1146 1412 1125 1402 1124 1402 1122 1402 1024 1413 1008 1406 1006 1406 1005 1406 1005 1406 984 1413 924 1406 922 1406 921 1406 920 1406 902 1418 873 1407 872 1407 870 1407 837 1414 836 1414 834 1414 820 1424 816 1449"/></Shape>
            <String CONTENT="cenrnottput de Presbyterorum, &amp; eorum, qui" HPOS="588" VPOS="1396" WIDTH="862" HEIGHT="74" WC="0.9857510228951772"/>
          </TextLine>
          <TextLine ID="line_28" TAGREFS="LT8" BASELINE="592 1498 1452 1485" HPOS="591" VPOS="1449" WIDTH="861" HEIGHT="69">
            <Shape><Polygon POINTS="592 1498 592 1518 678 1516 678 1516 680 1516 690 1510 780 1515 806 1516 807 1516 808 1516 813 1514 831 1508 861 1512 867 1514 868 1514 870 1514 870 1514 872 1512 880 1506 987 1510 1020 1510 1022 1510 1032 1509 1054 1504 1070 1508 1089 1510 1090 1510 1092 1510 1110 1506 1124 1503 1160 1504 1224 1509 1226 1509 1227 1509 1245 1503 1252 1500 1281 1502 1377 1506 1378 1506 1436 1504 1437 1504 1452 1497 1452 1485 1450 1455 1386 1449 1384 1449 1290 1455 1260 1449 1258 1449 1258 1449 1257 1449 1248 1456 1240 1456 1131 1460 1128 1456 1122 1452 1120 1452 1119 1452 1118 1452 1056 1454 1036 1458 1018 1462 914 1462 906 1460 900 1455 898 1455 897 1455 858 1460 790 1466 591 1461 592 1498"/></Shape>
            <String CONTENT="præſunt eccleſiæ munere id eſt, tum aliorum er¬" HPOS="591" VPOS="1449" WIDTH="861" HEIGHT="69" WC="0.9922510804014003"/>
          </TextLine>
          <TextLine ID="line_29" TAGREFS="LT8" BASELINE="596 1548 1452 1533" HPOS="594" VPOS="1494" WIDTH="858" HEIGHT="75">
            <Shape><Polygon POINTS="596 1548 596 1569 795 1556 954 1554 982 1562 987 1563 988 1563 990 1563 992 1563 993 1562 1010 1554 1052 1558 1053 1558 1148 1551 1166 1558 1170 1560 1172 1560 1172 1560 1184 1558 1212 1554 1452 1554 1452 1533 1450 1502 1340 1502 1320 1494 1320 1494 1318 1494 1239 1497 1238 1497 1236 1497 1227 1504 1202 1497 1200 1497 1198 1497 1161 1504 972 1502 970 1502 922 1510 782 1512 740 1504 740 1504 738 1504 717 1512 680 1506 678 1506 678 1506 676 1506 666 1514 648 1508 648 1508 646 1508 594 1516 596 1548"/></Shape>
            <String CONTENT="ga ipſos: tum eorum ipſorum erga ſeipſos: tum" HPOS="594" VPOS="1494" WIDTH="858" HEIGHT="75" WC="0.9847073104646471"/>
          </TextLine>
          <TextLine ID="line_30" TAGREFS="LT8" BASELINE="592 1596 1454 1582" HPOS="592" VPOS="1546" WIDTH="861" HEIGHT="69">
            <Shape><Polygon POINTS="592 1596 592 1616 1452 1602 1454 1582 1450 1554 1419 1554 1418 1554 1396 1546 1395 1546 1395 1546 1347 1556 1344 1556 1341 1556 1298 1548 1296 1548 1296 1548 1276 1557 1276 1558 1240 1558 1239 1557 1222 1548 1221 1548 1221 1548 1220 1548 1218 1548 1216 1548 1204 1558 1203 1560 1156 1560 1155 1558 1142 1548 1140 1548 1138 1548 1137 1548 1086 1551 1084 1551 1083 1551 1071 1560 1053 1551 1052 1551 1050 1551 920 1562 903 1563 900 1563 882 1556 882 1556 880 1556 852 1560 801 1554 801 1554 800 1554 798 1554 789 1563 746 1564 678 1556 676 1556 675 1556 639 1566 636 1568 592 1568 592 1596"/></Shape>
            <String CONTENT="eorũdem etiam erga alios officio &amp; cura in vni¬" HPOS="592" VPOS="1546" WIDTH="861" HEIGHT="69" WC="0.9988378249108791"/>
          </TextLine>
          <TextLine ID="line_31" TAGREFS="LT8" BASELINE="591 1644 772 1641" HPOS="590" VPOS="1608" WIDTH="183" HEIGHT="58">
            <Shape><Polygon POINTS="591 1644 591 1660 672 1666 672 1666 720 1659 742 1665 744 1665 746 1665 746 1665 772 1656 772 1641 771 1608 590 1608 591 1644"/></Shape>
            <String CONTENT="uerſum." HPOS="590" VPOS="1608" WIDTH="183" HEIGHT="58" WC="0.9965204766818455"/>
          </TextLine>
        </TextBlock>
        <TextBlock HPOS="594" VPOS="1654" WIDTH="864" HEIGHT="149" ID="block_6" TAGREFS="BT3408">
          <Shape><Polygon POINTS="594 1654 1458 1654 1458 1803 594 1803 594 1654"/></Shape>
          <TextLine ID="line_32" TAGREFS="LT8" BASELINE="632 1694 1456 1680" HPOS="630" VPOS="1638" WIDTH="826" HEIGHT="76">
            <Shape><Polygon POINTS="632 1694 632 1706 696 1714 698 1714 698 1714 699 1714 706 1708 746 1713 746 1713 782 1706 786 1704 790 1704 824 1712 825 1712 826 1712 852 1704 860 1702 876 1704 930 1708 932 1708 981 1702 1008 1701 1044 1702 1098 1707 1100 1707 1130 1702 1142 1701 1154 1702 1172 1706 1173 1706 1174 1706 1184 1702 1192 1698 1233 1702 1266 1704 1268 1704 1396 1702 1398 1702 1402 1701 1419 1695 1456 1700 1456 1680 1454 1641 1371 1647 1364 1642 1356 1638 1354 1638 1353 1638 1352 1638 1352 1638 1332 1644 1330 1644 1318 1644 1197 1641 1197 1641 1196 1641 1194 1641 1184 1647 1179 1650 1167 1647 1150 1644 1149 1644 1148 1644 1148 1644 1140 1648 1134 1653 1038 1653 1034 1652 1024 1647 1023 1647 1022 1647 1020 1647 1018 1647 1018 1647 1014 1652 1011 1653 966 1653 964 1653 948 1644 946 1644 945 1644 876 1646 874 1646 873 1646 864 1653 795 1647 794 1647 752 1648 750 1648 748 1648 740 1658 630 1659 632 1694"/></Shape>
            <String CONTENT="Ac quidem de aliorum erga ipſos, &amp; ipſorum" HPOS="630" VPOS="1638" WIDTH="826" HEIGHT="76" WC="0.9930057454676855"/>
          </TextLine>
          <TextLine ID="line_33" TAGREFS="LT8" BASELINE="594 1740 1456 1728" HPOS="592" VPOS="1692" WIDTH="864" HEIGHT="68">
            <Shape><Polygon POINTS="594 1740 594 1754 765 1760 765 1760 766 1760 795 1752 798 1752 801 1752 849 1758 850 1758 850 1758 866 1750 867 1750 870 1750 894 1758 894 1758 896 1758 897 1758 920 1750 936 1758 938 1758 938 1758 939 1758 969 1749 972 1749 986 1749 1089 1752 1090 1752 1142 1746 1148 1746 1149 1746 1180 1754 1182 1754 1184 1754 1202 1748 1250 1752 1251 1752 1252 1752 1268 1746 1270 1746 1371 1750 1372 1750 1456 1742 1456 1728 1454 1692 1281 1701 1248 1696 1228 1694 1227 1694 1227 1694 1226 1694 1222 1696 1216 1702 1110 1702 1041 1701 963 1696 962 1696 962 1696 945 1702 936 1706 906 1702 850 1698 850 1698 849 1698 848 1698 848 1700 842 1704 838 1707 820 1706 772 1700 771 1700 771 1700 747 1707 741 1708 722 1707 656 1702 654 1702 592 1708 594 1740"/></Shape>
            <String CONTENT="cura erga ſeipſos, quid nimirum pręſtare inter ſe" HPOS="592" VPOS="1692" WIDTH="864" HEIGHT="68" WC="0.9971282362937928"/>
          </TextLine>
          <TextLine ID="line_34" TAGREFS="LT8" BASELINE="597 1790 1462 1776" HPOS="596" VPOS="1737" WIDTH="867" HEIGHT="87">
            <Shape><Polygon POINTS="597 1790 597 1824 640 1824 640 1822 642 1822 645 1821 658 1815 682 1820 688 1821 690 1821 690 1821 692 1821 692 1820 693 1820 704 1812 736 1820 750 1821 752 1821 807 1820 808 1820 814 1816 832 1808 852 1815 861 1820 862 1820 864 1820 944 1814 951 1814 954 1814 987 1818 988 1818 990 1818 1011 1810 1028 1806 1042 1810 1065 1816 1066 1816 1066 1816 1096 1815 1098 1815 1098 1815 1108 1808 1116 1804 1146 1808 1172 1809 1173 1809 1227 1804 1260 1802 1268 1803 1293 1810 1294 1810 1296 1810 1336 1802 1341 1800 1462 1797 1462 1776 1458 1737 1302 1749 1284 1742 1280 1740 1278 1740 1276 1740 1264 1742 1228 1752 1204 1752 1197 1744 1194 1742 1192 1742 1191 1742 1191 1742 1190 1742 1180 1744 1156 1752 1098 1752 1092 1746 1086 1742 1086 1742 1084 1742 1083 1742 1054 1748 1030 1752 1011 1749 992 1744 966 1744 964 1744 963 1744 962 1744 952 1750 946 1754 940 1752 927 1744 926 1744 926 1744 924 1744 896 1752 858 1746 858 1746 856 1746 837 1754 831 1756 822 1754 794 1746 792 1746 790 1746 789 1746 768 1756 764 1758 744 1756 650 1749 648 1749 596 1760 597 1790"/></Shape>
            <String CONTENT="debeant, oſtendit Paulus vſque ad verſ.24. varióſ" HPOS="596" VPOS="1737" WIDTH="867" HEIGHT="87" WC="0.9944239640235901"/>
          </TextLine>
        </TextBlock>
        <TextBlock HPOS="1386" VPOS="1800" WIDTH="72" HEIGHT="49" ID="block_7" TAGREFS="BT17">
          <Shape><Polygon POINTS="1386 1800 1458 1800 1458 1848 1386 1848 1386 1800"/></Shape>
          <TextLine ID="line_35" TAGREFS="LT8" BASELINE="1386 1824 1458 1826" HPOS="1384" VPOS="1790" WIDTH="74" HEIGHT="66">
            <Shape><Polygon POINTS="1386 1824 1384 1856 1456 1851 1458 1826 1458 1791 1386 1790 1386 1824"/></Shape>
            <String CONTENT="que" HPOS="1384" VPOS="1790" WIDTH="74" HEIGHT="66" WC="0.9999643166859945"/>
          </TextLine>
        </TextBlock>
      </PrintSpace>
    </Page>
  </Layout>
</alto>
