1500 2172
564 147 120 33 J00.

712 124 568 52 AD T. PAVL. AD TIM.

555 170 861 68 ad cœleſtem vitam traducit. Denique tollit adi¬

555 226 860 57 mítque omnem querimoniam, ſi fortaſſe con¬

555 273 858 63 queruntur & ægreferant ſe neque in hac vita,

555 324 860 57 neque ſtatim has cœleſtes opes & theſauros

555 376 858 57 percipere. In futura enim vita promittuntur illis

556 424 214 46 non in hac.

602 462 813 69 Denique ipſum pulcherrimum beneficentiæ

554 519 861 60 noſtræ fructum exponit iam apertè, quem nem¬

556 570 856 60 pe vocat apprehenſionem vitæ æternæ. In quo

555 616 861 62 duo quęruntur, Primum quomodo eleemoſyna

555 666 860 57 & liberalitas dicatur eſſe modus vitæ æternæ cõ¬

555 710 861 68 ſequẽdæ. Reſ. Quia ſunt hæ virtutes & hæc opera

555 759 860 63 bona, veræ fidei, veræque charitatis in nobis in¬

552 806 862 63 habitantis certa teſtimonia, effecta & fructus 2.

554 856 862 62 Pet.1.verſ.1o, Iacob.2. Electionem enim noſtram

554 904 861 63 confirmant & ratam faciunt. Sunt igitur ſigna

558 962 861 56 viæ & itineris illius, per quod in cœlum nos itu¬

552 1008 866 57 ros eſſe Dominus pronuntiauit: non autem ſunt

554 1052 862 56 hæc opera cauſa vel pretium vitæ æternæ, quo¬

552 1098 866 66 niam illa eſt gratuitum Dei donum, vt ait Pau¬

555 1148 429 56 lus Romanor.6, verſ.23.

602 1192 818 66 Secundo loco quæritur. Quomodo hoc ſit cõ¬

556 1245 860 56 ciliandum cum ijs locis ſcripturæ, vbi non ex o¬

556 1294 862 58 peribus, ſed ex fide nos ſaluos fieri dicimus Ro¬

555 1342 864 63 manor.3.& 4.1.Pet.1.verſ.9. Reſpond. Quod hæc

555 1394 866 58 bona opera, quæ ſunt eleemoſinæ, neque hîc cõ¬

555 1443 866 56 ſtituantur, neque hîc commemorentur tanquam

555 1486 864 58 cauſa ipſa vitæ æternæ vel per ſeſe, vel in nobis:

556 1536 862 56 ſed tantum velut ſigna, teſtimonia, fundamentaz

558 1588 862 56 ex quibus intelligimus nos ex eorum numero

556 1634 868 63 eſſe, quibus vita æterna à Deo gratis promiſſa

561 1686 864 57 eſt: quatenus nimirum cùm bona opera in vni¬

560 1732 866 74 uerſum, tum hæc imprimis ſunt adoptionis no¬

1302 1776 126 74 ſtræ &
