1500 2172
555 159 134 38 42o

700 142 576 45 AD I. FAVL. AD TIM.

550 184 862 68 ſimplicium oculos, vt ſola cenſeatur eſſe & ve¬

549 237 866 66 ra & luculenta Theologia. Quam tamen hoc lo¬

552 286 861 63 co prorſus de gradu deiicit, & proſternit Spirit

549 336 867 62 ſanctus, vt impiam vt falſam atque omnino

550 386 864 63 profanam, & eos etiam ipſos, qui illam docent,

555 435 861 64 vti peſſimos atque pernitioſiſſimos Chriſti ho¬

552 486 278 58 ſtes execratur.

602 528 816 66 Sed ſingula iam videamus. Sanos ſermones

552 579 867 64 vocat puram Euangelij doctrinam, tum quòd illi

549 628 868 63 in ſeſe ſunt ſani & puriſsimi, tum quòd animas

549 675 867 64 noſtras ſanas & valentes efficiant, vti dicitur Pſ.

550 726 868 58 19 Præceptum & verbum Domini lucidum, illumi¬

549 776 868 62 nans oculos. Sanitas animæ eſt vera Dei agnitio,

549 822 868 62 atque cum eo reconciliatio Pſal.41.verſ.4.Pſ.32.

554 870 864 64 quod vtrunque beneficium affert ſyncera prædi¬

554 918 870 63 catio Euangelij in nobis efficax. Hoc epitheton

549 966 873 63 ſæpe tribuit Paulus Euangelio, vt illius vtilitatẽ

549 1014 876 63 commendet præ cæteris artibus, vt hæreſibus eã

554 1065 872 57 opponat. Sic 2. Timoth. 1. verſ.13. ſup.1.verſ.11.

556 1112 868 60 Tit.2.V.1. Huic autem laudi Euangelij & ſuæ do¬

554 1161 870 66 ctrinæ opponit diuerſæ doctrinæ νόζον quam alij

555 1212 870 64 languorem, alij inſaniam vertunt. Certè ad ani¬

555 1263 872 62 mum hæc vox pertinet, non autem ad corpus. Eſt

554 1308 873 64 autẽ non tantùm hæreſis: ſed omnino matæolo¬

556 1360 870 64 gia animi languor. qualis Sorbonica Theologia

554 1410 872 63 magna ex parte, mentis ægrotatio & morbus, pe¬

555 1455 873 62 ſtiſque certiſsima animorum, ne ſibi in vanis

558 1498 868 69 ſuis philoſophamentis placeant inſani iſti, & mẽ¬

560 1550 868 66 te capti homines néue aliò pertinere & ſpectare

560 1602 870 62 cenſeatur vera Theologia, quàm ad animorum

560 1648 778 58 ſalutem & conſcientiarum conſolationem.

610 1696 819 66 Appellatur autem ſecundo loco idem Euan¬

561 1746 867 74 gelium Doctrina pietatis, vti & Tit.1. verſ.1. &

1282 1791 146 76 Coloſſ.
