1500 2172
370 162 270 36 CAPVT. V.

900 128 56 81 340

102 190 862 69 vinculis irretitus. Quid ergo fecit Eccleſia & cõ¬

100 244 868 63 feſsio, niſi quod ait Dominus continuò ad diſci¬

104 294 870 62 pulos, Soluite illum, & ſinite abire. Ergo nõ eſt

100 340 872 64 ſatis ei qui publicè peccauit, interni animi com¬

100 390 870 62 punctione affici, niſi datum à ſe offendiculum

102 440 868 57 tollat, & reſarciat aperta culpæ ſuæ confeſsione,

102 488 872 62 vt ſi qui prius illius exemplo peccare vellent vel

104 536 867 57 didiciſſent, iam contrario eiuſdem exemplo reſi¬

104 585 870 62 piſcant, & auertantur. Fit enim hæc cõfeſsio non

104 633 870 57 ad peccatorum remiſsionem impetrandã à Deo:

104 682 872 58 ſed ad Eccleſiam ædificandam, quæ ſcelere illius

102 729 336 63 deſtrui videbatur.

146 777 830 56 Obiiciunt irem, Hæc confefsio publica affert

100 830 873 58 infamiam, cùm iam peccatũ negare nõ poſsit is

104 876 872 62 qui publicè agnouit. Reſpond. Minimè verò, I¬

102 924 872 63 mò & Eccleſiæ, & ipſis adeò Angelis illa gaudiũ

104 974 872 63 affert, cùm ſit certiſsimum reſipiſcentiæ animi

102 1026 873 58 teſtimonium, & aberrantis ouis receptio, atque

102 1068 867 66 inuentio. Malach.18.verſ.1o.Luc.15.verſ.1o. Neq;

100 1119 873 64 certè laudem dare Deo (quod fit hac publica cõ¬

102 1172 872 60 feſſione apertiſſimè, quemadmodum docet Au¬

102 1220 873 63 guſtinus in Pſal.141.) cuiquam Chriſtiano vnquã

98 1266 874 62 irrogauit infamiam. Et longè diſtat hæc Eccle¬

99 1316 876 60 ſiaſtica cenſura à ciuili confeſsione. quæ Amenda

100 1364 874 58 honoraria vocatur: quòd hæc hominum ratione

102 1413 873 62 fit, illa Dei: hæc pro pœna ſtatuta eſt, illa pro ædi¬

104 1460 870 63 ficatione Eccleſiæ, & teſtimonio æternæ ſalutis.

152 1509 822 56 Cæteræ obiectiones ſunt leues & nullius mo¬

102 1556 870 64 menti. Itaque à nobis prætermittentur hoc loco.

159 1620 819 70 21 Obteſtor in conſpectu Deï, & Domi¬

104 1683 874 68 ni Ieſu Christi, & electorum Angelorum,

104 1742 874 78 ut hæc ſerues abſque eo, vt vnum alteri præ¬

760 1803 98 69 *.iiii.
