<?xml version='1.0' encoding='UTF-8'?>
<alto xmlns:xsi="http://www.w3.org/2001/XMLSchema-instance" xmlns="http://www.loc.gov/standards/alto/ns-v4#" xsi:schemaLocation="http://www.loc.gov/standards/alto/ns-v4# http://www.loc.gov/standards/alto/v4/alto-4-2.xsd">
  <Description>
    <MeasurementUnit>pixel</MeasurementUnit>
    <sourceImageInformation>
      <fileName>2013219.jpeg</fileName>
    </sourceImageInformation>
  </Description>
  <Tags>
    <OtherTag ID="BT7" LABEL="CustomZone" DESCRIPTION="block type CustomZone"/><OtherTag ID="BT8" LABEL="DamageZone" DESCRIPTION="block type DamageZone"/><OtherTag ID="BT9" LABEL="DigitizationArtefactZone" DESCRIPTION="block type DigitizationArtefactZone"/><OtherTag ID="BT10" LABEL="DropCapitalZone" DESCRIPTION="block type DropCapitalZone"/><OtherTag ID="BT11" LABEL="GraphicZone" DESCRIPTION="block type GraphicZone"/><OtherTag ID="BT12" LABEL="MainZone" DESCRIPTION="block type MainZone"/><OtherTag ID="BT13" LABEL="MarginTextZone" DESCRIPTION="block type MarginTextZone"/><OtherTag ID="BT14" LABEL="MusicZone" DESCRIPTION="block type MusicZone"/><OtherTag ID="BT15" LABEL="NumberingZone" DESCRIPTION="block type NumberingZone"/><OtherTag ID="BT17" LABEL="QuireMarksZone" DESCRIPTION="block type QuireMarksZone"/><OtherTag ID="BT18" LABEL="RunningTitleZone" DESCRIPTION="block type RunningTitleZone"/><OtherTag ID="BT19" LABEL="SealZone" DESCRIPTION="block type SealZone"/><OtherTag ID="BT20" LABEL="StampZone" DESCRIPTION="block type StampZone"/><OtherTag ID="BT21" LABEL="TableZone" DESCRIPTION="block type TableZone"/><OtherTag ID="BT22" LABEL="TitlePageZone" DESCRIPTION="block type TitlePageZone"/><OtherTag ID="BT3407" LABEL="MainZone-Continued" DESCRIPTION="block type MainZone-Continued"/><OtherTag ID="BT3408" LABEL="MainZone-P" DESCRIPTION="block type MainZone-P"/><OtherTag ID="BT3409" LABEL="MainZone-Head" DESCRIPTION="block type MainZone-Head"/><OtherTag ID="BT3410" LABEL="MainZone-Other" DESCRIPTION="block type MainZone-Other"/><OtherTag ID="BT3411" LABEL="MainZone-Sp" DESCRIPTION="block type MainZone-Sp"/><OtherTag ID="BT3417" LABEL="MainZone-Sp-Continued" DESCRIPTION="block type MainZone-Sp-Continued"/><OtherTag ID="BT3418" LABEL="GraphicZone-Decoration" DESCRIPTION="block type GraphicZone-Decoration"/><OtherTag ID="BT3419" LABEL="MainZone-Entry" DESCRIPTION="block type MainZone-Entry"/><OtherTag ID="BT3420" LABEL="MainZone-Lg" DESCRIPTION="block type MainZone-Lg"/><OtherTag ID="BT3421" LABEL="MainZone-Entry-Continued" DESCRIPTION="block type MainZone-Entry-Continued"/><OtherTag ID="BT3422" LABEL="MarginTextZone-ManuscriptAddendum" DESCRIPTION="block type MarginTextZone-ManuscriptAddendum"/><OtherTag ID="BT3423" LABEL="MainZone-List" DESCRIPTION="block type MainZone-List"/>
    <OtherTag ID="LT7" LABEL="CustomLine" DESCRIPTION="line type CustomLine"/><OtherTag ID="LT8" LABEL="DefaultLine" DESCRIPTION="line type DefaultLine"/><OtherTag ID="LT9" LABEL="DropCapitalLine" DESCRIPTION="line type DropCapitalLine"/><OtherTag ID="LT10" LABEL="HeadingLine" DESCRIPTION="line type HeadingLine"/><OtherTag ID="LT11" LABEL="InterlinearLine" DESCRIPTION="line type InterlinearLine"/><OtherTag ID="LT12" LABEL="MusicLine" DESCRIPTION="line type MusicLine"/>
  </Tags>
  <Layout>
    <Page WIDTH="1500" HEIGHT="2172" PHYSICAL_IMG_NR="215" ID="eSc_dummypage_">
      <PrintSpace HPOS="0" VPOS="0" WIDTH="1500" HEIGHT="2172">
        <TextBlock HPOS="878" VPOS="174" WIDTH="89" HEIGHT="56" ID="block_1" TAGREFS="BT15">
          <Shape><Polygon POINTS="878 174 967 174 967 230 878 230 878 174"/></Shape>
          <TextLine ID="line_1" TAGREFS="LT8" BASELINE="888 210 945 208" HPOS="888" VPOS="162" WIDTH="57" HEIGHT="69">
            <Shape><Polygon POINTS="888 210 888 230 944 231 945 208 942 162 888 166 888 210"/></Shape>
            <String CONTENT="460" HPOS="888" VPOS="162" WIDTH="57" HEIGHT="69" WC="0.9991248448689779"/>
          </TextLine>
        </TextBlock>
        <TextBlock HPOS="395" VPOS="150" WIDTH="265" HEIGHT="64" ID="block_2" TAGREFS="BT18">
          <Shape><Polygon POINTS="395 150 660 150 660 214 395 214 395 150"/></Shape>
          <TextLine ID="line_2" TAGREFS="LT8" BASELINE="394 192 658 196" HPOS="394" VPOS="174" WIDTH="264" HEIGHT="39">
            <Shape><Polygon POINTS="516 174 504 174 492 174 480 174 468 174 456 174 444 174 432 174 418 174 406 174 394 174 394 192 394 202 414 212 416 212 417 212 490 204 512 213 512 213 513 213 548 206 657 206 658 196 657 176 525 174 516 174"/></Shape>
            <String CONTENT="CAPVT V." HPOS="394" VPOS="174" WIDTH="264" HEIGHT="39" WC="0.9999766051769257"/>
          </TextLine>
        </TextBlock>
        <TextBlock HPOS="87" VPOS="216" WIDTH="873" HEIGHT="344" ID="block_3" TAGREFS="BT3407">
          <Shape><Polygon POINTS="87 216 960 216 960 560 87 560 87 216"/></Shape>
          <TextLine ID="line_3" TAGREFS="LT8" BASELINE="98 246 960 264" HPOS="98" VPOS="202" WIDTH="862" HEIGHT="80">
            <Shape><Polygon POINTS="98 246 98 256 146 264 147 264 286 262 342 262 346 264 357 272 357 272 358 272 360 272 362 272 376 264 381 264 382 264 388 272 390 272 392 272 393 272 480 268 519 267 524 270 530 273 530 273 531 273 532 273 534 273 543 270 549 268 572 272 610 276 612 276 614 276 627 272 644 268 684 274 712 278 714 278 740 276 777 272 820 278 837 280 957 282 960 264 960 226 954 222 952 222 951 222 950 222 950 222 948 222 938 228 938 228 858 228 855 228 840 218 838 218 838 218 777 214 776 214 774 214 742 225 741 225 555 222 554 222 531 208 530 208 530 208 528 208 494 218 470 208 468 208 468 208 405 218 387 207 386 207 384 207 351 207 350 207 298 216 296 216 292 216 262 204 261 204 160 202 159 202 159 202 130 213 129 213 98 213 98 246"/></Shape>
            <String CONTENT="moda. Non vult autem magnas opes &amp; honores" HPOS="98" VPOS="202" WIDTH="862" HEIGHT="80" WC="0.9869456645988283"/>
          </TextLine>
          <TextLine ID="line_4" TAGREFS="LT8" BASELINE="99 294 956 310" HPOS="99" VPOS="255" WIDTH="856" HEIGHT="75">
            <Shape><Polygon POINTS="99 294 99 308 158 308 159 308 166 314 166 315 168 315 170 315 171 315 220 309 226 309 228 309 250 316 252 316 252 316 254 316 272 310 276 309 339 309 344 312 366 320 368 320 369 320 502 314 520 314 526 314 572 322 573 322 573 322 574 322 585 315 596 322 597 322 598 322 598 322 686 318 688 318 710 327 711 327 712 327 778 320 802 327 804 327 806 327 832 322 915 330 916 330 954 321 956 310 956 280 838 278 830 270 830 268 828 268 826 268 826 268 778 276 766 268 765 268 765 268 764 268 711 274 670 266 669 266 590 272 567 264 567 264 538 264 537 264 537 264 536 264 528 272 500 262 498 262 496 262 432 268 380 260 378 260 376 260 357 266 346 258 345 258 345 258 344 258 160 264 111 255 110 255 108 255 106 255 99 260 99 294"/></Shape>
            <String CONTENT="congeri in Miniſtros Paulus, etſi duplici honore" HPOS="99" VPOS="255" WIDTH="856" HEIGHT="75" WC="0.9956942647695541"/>
          </TextLine>
          <TextLine ID="line_5" TAGREFS="LT8" BASELINE="94 344 952 363" HPOS="93" VPOS="302" WIDTH="860" HEIGHT="80">
            <Shape><Polygon POINTS="771 344 764 321 735 324 678 322 670 315 668 314 666 314 666 314 664 314 663 314 654 315 630 321 604 314 596 312 594 312 549 310 548 310 546 310 540 314 522 320 488 312 468 308 328 308 327 308 327 308 326 308 308 314 264 308 237 303 198 302 196 302 196 302 195 302 190 306 184 310 166 306 164 304 162 304 160 304 159 304 158 306 146 309 135 304 129 302 128 302 126 302 94 303 94 344 93 357 184 357 190 360 201 364 202 364 202 364 244 362 273 358 294 363 322 368 324 368 406 364 462 363 468 366 474 369 474 369 476 369 477 369 504 366 508 366 510 366 522 372 524 372 524 372 549 368 561 364 584 368 615 372 616 372 616 372 624 369 630 366 648 369 684 375 684 375 718 370 732 369 735 370 742 376 744 376 746 376 746 376 777 372 778 372 782 372 898 381 900 381 951 375 952 363 951 321 898 327 876 321 874 321 873 321 872 321 850 327 838 320 836 316 834 316 832 316 832 316 808 318 777 320 771 344"/></Shape>
            <String CONTENT="dicit dignos. Rectè Chryſoſto. Ego eccleſiæ præ" HPOS="93" VPOS="302" WIDTH="860" HEIGHT="80" WC="0.9927914676566919"/>
          </TextLine>
          <TextLine ID="line_6" TAGREFS="LT8" BASELINE="92 392 952 411" HPOS="92" VPOS="352" WIDTH="861" HEIGHT="74">
            <Shape><Polygon POINTS="92 392 92 402 117 411 117 411 118 411 120 411 146 405 213 412 214 412 252 406 360 417 362 417 408 411 520 412 548 420 549 420 549 420 628 416 686 424 687 424 736 418 790 426 792 426 951 422 952 411 952 382 920 372 918 372 916 372 879 378 844 369 843 369 842 369 746 375 738 375 735 375 723 366 722 366 722 366 720 366 692 372 682 375 675 372 657 364 656 364 654 364 588 369 554 370 548 368 542 363 540 363 538 363 537 363 537 363 530 368 520 370 430 369 410 363 394 358 394 358 393 358 363 362 316 366 302 358 294 357 292 357 291 357 290 357 282 358 260 364 252 357 250 357 250 356 249 356 248 356 246 356 246 356 240 357 226 363 166 357 165 357 164 357 153 363 144 354 142 352 141 352 141 352 92 352 92 392"/></Shape>
            <String CONTENT="ſules audenter dixerim, ait, nihil præter victum &amp;" HPOS="92" VPOS="352" WIDTH="861" HEIGHT="74" WC="0.992399480342865"/>
          </TextLine>
          <TextLine ID="line_7" TAGREFS="LT8" BASELINE="92 441 954 460" HPOS="90" VPOS="411" WIDTH="864" HEIGHT="63">
            <Shape><Polygon POINTS="754 444 742 444 730 444 718 444 706 444 694 444 682 444 670 444 658 444 646 444 634 444 622 444 610 444 598 444 585 444 573 444 561 444 549 444 537 444 525 444 513 444 501 444 489 444 477 444 465 444 453 444 441 444 429 444 417 444 405 444 393 444 381 444 369 444 356 444 344 444 332 444 320 444 308 444 296 444 284 444 272 444 258 444 246 444 234 444 224 441 212 441 200 441 188 441 176 441 164 441 152 441 138 441 126 441 122 422 92 411 92 441 90 450 198 462 200 462 336 458 351 458 358 458 414 466 416 466 446 460 450 460 460 462 524 468 524 468 560 464 567 462 578 464 604 470 606 470 634 466 642 465 651 466 684 472 684 472 722 468 736 466 754 468 792 474 794 474 795 474 810 470 818 468 826 471 838 474 840 474 842 474 952 474 954 460 952 430 765 426 764 426 762 426 760 426 759 426 754 444"/></Shape>
            <String CONTENT="vertieu habcre oporteresverim.cap.o.ver. 8. expli" HPOS="90" VPOS="411" WIDTH="864" HEIGHT="63" WC="0.955853746253617"/>
          </TextLine>
          <TextLine ID="line_8" TAGREFS="LT8" BASELINE="87 490 954 508" HPOS="86" VPOS="450" WIDTH="868" HEIGHT="74">
            <Shape><Polygon POINTS="87 490 86 501 99 508 100 508 102 508 201 504 260 512 261 512 298 506 300 506 345 513 345 513 346 513 360 507 363 507 405 514 406 514 406 514 430 508 434 508 440 510 477 516 478 516 534 512 549 512 561 512 608 519 609 519 650 514 663 513 668 514 682 520 684 520 684 520 686 520 702 516 708 514 716 516 736 522 738 522 740 524 952 524 954 508 954 476 933 468 932 468 932 468 894 474 838 474 826 465 826 465 825 465 824 465 748 470 723 462 722 462 722 462 720 462 694 470 644 470 634 462 634 462 633 462 632 462 586 468 549 459 548 459 546 459 528 466 394 465 376 456 376 456 375 456 261 460 237 453 236 453 234 453 234 453 216 460 129 450 129 450 87 458 87 490"/></Shape>
            <String CONTENT="cabitur. Præclarè quoque Eraſmus. Sacerdotes &amp;" HPOS="86" VPOS="450" WIDTH="868" HEIGHT="74" WC="0.9985942637666743"/>
          </TextLine>
          <TextLine ID="line_9" TAGREFS="LT8" BASELINE="88 538 932 554" HPOS="88" VPOS="500" WIDTH="843" HEIGHT="72">
            <Shape><Polygon POINTS="88 538 88 558 159 552 297 555 306 561 308 561 308 561 309 561 310 561 324 556 330 561 330 562 332 562 333 562 333 562 342 561 381 556 405 562 408 564 410 564 411 564 412 564 416 562 438 556 555 558 573 566 579 567 579 567 672 568 672 568 674 568 681 567 702 561 710 567 711 568 712 568 714 568 716 568 716 568 720 567 735 562 752 567 758 570 759 570 759 572 932 572 932 554 932 522 900 522 900 520 892 513 891 513 890 513 888 513 804 519 792 519 789 518 771 510 770 510 768 510 732 518 728 518 728 518 712 508 711 508 710 508 710 508 708 508 688 516 651 507 650 507 648 507 628 516 628 518 580 518 579 516 561 506 560 506 506 506 465 506 464 506 462 506 462 506 452 513 432 504 430 504 429 504 351 512 346 512 344 512 208 500 207 500 206 500 204 500 196 506 178 500 177 500 176 500 174 500 154 507 135 501 134 501 132 501 88 506 88 538"/></Shape>
            <String CONTENT="prædicatores quidã nihil ſunt, niſi decimatores." HPOS="88" VPOS="500" WIDTH="843" HEIGHT="72" WC="0.9802681341463205"/>
          </TextLine>
        </TextBlock>
        <TextBlock HPOS="69" VPOS="551" WIDTH="883" HEIGHT="1275" ID="block_4" TAGREFS="BT3408">
          <Shape><Polygon POINTS="69 551 952 551 952 1826 69 1826 69 551"/></Shape>
          <TextLine ID="line_10" TAGREFS="LT8" BASELINE="138 588 950 602" HPOS="136" VPOS="549" WIDTH="813" HEIGHT="68">
            <Shape><Polygon POINTS="138 588 136 600 159 608 160 608 162 608 357 604 444 614 446 614 474 608 507 615 508 615 546 609 580 616 582 616 950 614 950 602 950 573 888 573 885 570 876 561 874 561 873 561 872 561 732 566 657 567 645 562 632 558 630 558 628 558 628 558 615 562 603 567 576 561 568 561 567 561 558 561 513 566 507 560 504 556 504 555 502 555 501 555 477 555 476 555 474 555 474 555 470 558 460 564 411 558 410 558 362 562 333 555 328 554 327 554 327 554 316 555 267 561 234 552 234 552 138 549 138 588"/></Shape>
            <String CONTENT="Obſtat autem quod propriis manibus victum" HPOS="136" VPOS="549" WIDTH="813" HEIGHT="68" WC="0.9966033304609904"/>
          </TextLine>
          <TextLine ID="line_11" TAGREFS="LT8" BASELINE="87 634 950 651" HPOS="86" VPOS="594" WIDTH="864" HEIGHT="78">
            <Shape><Polygon POINTS="87 634 86 646 111 656 111 656 112 656 152 648 172 660 172 660 174 660 276 651 290 660 290 660 291 660 292 660 294 660 314 654 324 662 326 662 327 662 370 663 372 663 374 663 375 663 387 654 432 654 498 666 500 666 549 656 576 666 578 666 579 666 579 666 580 666 592 657 616 657 630 666 632 666 633 666 634 666 674 658 882 672 884 672 950 662 950 651 950 610 832 618 698 604 675 604 674 604 672 604 672 604 670 604 656 615 556 615 536 603 534 603 532 603 531 603 530 603 518 614 490 614 476 602 474 600 474 600 472 600 471 600 470 600 468 600 468 602 450 612 418 612 378 598 376 598 375 598 374 598 372 598 370 598 356 610 345 602 345 602 344 602 342 602 340 602 314 609 285 598 284 597 282 597 280 597 270 597 174 606 156 596 156 594 154 594 153 594 87 594 87 634"/></Shape>
            <String CONTENT="ſibi quæſiuit ipſe inſeruiens eccleſiis: ergo ipſi" HPOS="86" VPOS="594" WIDTH="864" HEIGHT="78" WC="0.9944311130046845"/>
          </TextLine>
          <TextLine ID="line_12" TAGREFS="LT8" BASELINE="84 684 944 702" HPOS="82" VPOS="644" WIDTH="861" HEIGHT="75">
            <Shape><Polygon POINTS="84 684 82 699 942 718 944 702 944 666 777 666 771 663 765 658 765 658 764 658 762 658 668 660 657 654 656 654 654 654 654 654 598 660 580 662 572 660 542 652 540 652 512 652 510 652 508 652 507 652 500 658 496 660 466 658 412 654 411 654 348 656 320 657 308 656 252 646 250 646 158 654 146 654 142 652 129 644 129 644 128 644 126 644 84 651 84 684"/></Shape>
            <String CONTENT="θιωτικà ſibi comparare debent. Actor.2o. ver.34" HPOS="82" VPOS="644" WIDTH="861" HEIGHT="75" WC="0.9910078806181749"/>
          </TextLine>
          <TextLine ID="line_13" TAGREFS="LT8" BASELINE="86 732 950 747" HPOS="86" VPOS="692" WIDTH="864" HEIGHT="76">
            <Shape><Polygon POINTS="86 732 86 744 144 746 144 746 154 754 156 754 158 754 159 754 212 747 218 747 351 748 364 752 418 759 418 759 488 754 507 753 524 756 567 762 568 762 621 758 648 756 662 759 682 765 684 765 684 765 740 760 765 759 786 762 812 765 813 765 814 765 820 764 826 759 844 764 861 766 862 766 864 766 870 765 879 760 885 765 890 768 891 768 892 768 894 768 948 765 950 747 950 717 832 710 831 710 830 710 822 712 818 716 800 712 746 704 744 704 742 704 741 704 734 710 729 712 704 710 648 702 646 702 645 702 632 708 622 711 609 706 602 704 600 704 598 704 566 705 498 710 490 702 488 700 488 699 486 699 484 699 483 699 444 702 381 706 369 699 368 698 366 698 364 698 363 698 345 699 272 704 246 696 244 696 243 696 242 696 237 696 186 702 172 694 172 694 171 694 86 692 86 732"/></Shape>
            <String CONTENT="Reſpond. ex Chryſoſto ne paſtores inopia coa¬" HPOS="86" VPOS="692" WIDTH="864" HEIGHT="76" WC="0.9972945478227403"/>
          </TextLine>
          <TextLine ID="line_14" TAGREFS="LT8" BASELINE="81 782 944 798" HPOS="80" VPOS="740" WIDTH="864" HEIGHT="75">
            <Shape><Polygon POINTS="81 782 80 790 150 801 152 801 153 801 166 795 234 801 234 801 236 801 252 795 258 795 262 796 284 801 284 801 285 801 308 798 315 796 318 798 330 804 332 804 333 804 378 800 388 800 429 801 546 807 548 807 549 807 555 804 561 801 567 806 573 808 574 808 576 808 612 807 645 804 735 810 784 813 786 813 788 813 792 812 808 807 942 814 944 798 944 766 904 766 902 765 882 754 882 754 880 754 879 754 878 754 864 765 862 765 831 765 830 764 820 756 819 756 818 756 816 756 814 756 792 764 790 764 789 764 759 752 759 752 758 752 664 759 663 759 662 759 622 750 622 750 621 750 620 750 618 750 604 758 602 760 574 760 537 759 531 758 513 747 512 747 512 747 472 756 470 756 466 756 435 746 434 746 432 746 400 753 390 756 354 756 350 753 333 746 333 746 332 746 330 746 316 752 314 753 306 752 264 744 264 744 210 747 204 742 204 741 202 741 202 741 201 741 200 741 177 748 172 750 166 748 129 740 129 740 81 746 81 782"/></Shape>
            <String CONTENT="cti à ſtudiis &amp; melioribus rebus diſtrahantur," HPOS="80" VPOS="740" WIDTH="864" HEIGHT="75" WC="0.9946376148690569"/>
          </TextLine>
          <TextLine ID="line_15" TAGREFS="LT8" BASELINE="81 830 920 844" HPOS="81" VPOS="789" WIDTH="838" HEIGHT="70">
            <Shape><Polygon POINTS="81 830 81 840 132 840 135 842 147 848 148 848 150 848 242 844 273 843 280 844 298 850 300 850 302 850 398 848 450 846 453 849 456 852 458 852 459 852 460 852 495 850 526 848 537 850 549 855 550 855 552 855 574 852 598 849 630 854 662 856 918 860 920 844 920 816 861 816 858 814 848 804 848 802 846 802 844 802 844 802 843 802 824 813 820 814 808 813 747 801 746 801 746 801 729 808 698 801 696 801 694 801 680 807 678 808 674 807 646 800 645 800 644 800 642 800 616 807 598 810 586 806 572 798 570 798 531 796 530 796 530 796 510 802 496 807 428 807 420 800 417 796 417 795 416 795 414 795 412 795 394 800 363 806 344 796 333 794 332 794 330 794 328 794 327 794 324 796 314 804 266 795 255 794 254 794 248 795 213 802 201 794 198 790 196 790 196 790 195 790 186 792 147 801 118 789 117 789 116 789 81 789 81 830"/></Shape>
            <String CONTENT="iis victum eſſe ab eccleſia ſuppeditandum." HPOS="81" VPOS="789" WIDTH="838" HEIGHT="70" WC="0.9801847835381826"/>
          </TextLine>
          <TextLine ID="line_16" TAGREFS="LT8" BASELINE="80 876 944 894" HPOS="80" VPOS="838" WIDTH="864" HEIGHT="72">
            <Shape><Polygon POINTS="80 876 80 888 87 894 88 894 90 894 92 894 123 888 129 894 130 894 132 894 134 894 180 888 184 888 186 888 202 897 204 897 206 897 242 891 332 900 333 900 384 894 396 894 412 894 448 900 450 900 524 898 586 897 598 900 616 906 616 906 618 906 646 902 654 900 666 902 694 906 696 906 698 906 704 903 710 900 734 904 771 909 771 909 789 906 806 902 818 906 826 910 828 910 830 910 942 909 944 894 940 862 790 862 774 856 753 850 753 850 752 850 702 856 658 860 644 855 633 850 632 850 630 850 586 854 560 855 555 852 543 846 542 846 540 846 514 850 489 856 458 850 424 844 424 844 375 848 321 852 314 846 309 843 309 842 308 842 308 842 306 842 268 843 267 843 266 843 262 844 252 850 230 844 219 842 218 842 216 842 196 844 160 849 146 843 135 838 134 838 132 838 80 840 80 876"/></Shape>
            <String CONTENT="Nam &amp; victum ſibi manibus artificióque quære" HPOS="80" VPOS="838" WIDTH="864" HEIGHT="72" WC="0.9941080027156406"/>
          </TextLine>
          <TextLine ID="line_17" TAGREFS="LT8" BASELINE="76 927 945 942" HPOS="75" VPOS="888" WIDTH="870" HEIGHT="70">
            <Shape><Polygon POINTS="76 927 75 942 410 944 418 946 438 952 438 952 440 952 504 948 518 948 520 950 532 954 534 954 536 954 570 950 582 948 586 950 602 956 603 956 604 956 778 952 783 952 800 958 801 958 801 958 944 954 945 942 945 908 920 900 918 900 916 900 915 900 914 900 900 908 885 900 884 900 882 900 836 906 831 906 830 906 820 898 819 898 818 898 816 898 746 904 728 906 711 903 654 894 652 894 616 902 608 903 602 900 584 894 582 894 580 894 488 898 440 900 432 897 418 891 418 891 417 891 346 896 297 898 286 894 274 888 273 888 272 888 272 888 261 894 252 897 222 897 216 892 208 888 208 888 207 888 206 888 168 891 135 894 76 890 76 927"/></Shape>
            <String CONTENT="re, &amp; ſuo muneri ſupereſſe ſimul non poſſunt Mi" HPOS="75" VPOS="888" WIDTH="870" HEIGHT="70" WC="0.9978425147685599"/>
          </TextLine>
          <TextLine ID="line_18" TAGREFS="LT8" BASELINE="76 974 942 993" HPOS="75" VPOS="933" WIDTH="867" HEIGHT="78">
            <Shape><Polygon POINTS="76 974 75 984 184 994 184 994 272 990 292 990 400 992 406 994 418 999 418 999 420 999 441 996 453 993 460 996 472 1000 474 1000 594 1004 596 1004 597 1004 604 1000 612 998 616 1000 618 1002 618 1004 620 1004 621 1004 622 1004 682 1004 831 1002 939 1011 942 993 942 957 924 951 922 951 921 951 920 951 909 956 904 958 897 956 879 950 878 950 876 950 876 950 861 956 855 957 850 956 838 950 838 950 837 950 808 956 795 956 792 954 780 948 778 948 777 948 777 948 765 954 760 956 682 956 680 951 675 948 674 948 672 948 672 948 651 951 644 952 640 951 634 946 634 946 633 946 632 946 549 950 544 950 543 950 508 942 507 942 506 942 484 948 480 950 408 950 406 946 399 940 399 939 398 939 396 939 394 939 320 945 306 945 303 944 285 938 284 938 284 938 201 944 188 944 184 942 170 934 168 934 116 933 114 933 76 939 76 974"/></Shape>
            <String CONTENT="niſtri, niſi dona illa prophetiæ &amp; cognitionis ſcri" HPOS="75" VPOS="933" WIDTH="867" HEIGHT="78" WC="0.9873243979379243"/>
          </TextLine>
          <TextLine ID="line_19" TAGREFS="LT8" BASELINE="74 1024 938 1040" HPOS="74" VPOS="982" WIDTH="864" HEIGHT="78">
            <Shape><Polygon POINTS="74 1024 74 1044 146 1036 243 1038 280 1048 288 1050 290 1050 290 1050 291 1050 297 1048 322 1042 351 1048 360 1052 362 1052 363 1053 420 1053 420 1052 422 1052 426 1050 454 1042 639 1046 658 1054 663 1054 664 1054 666 1054 678 1054 711 1048 718 1054 722 1056 722 1058 723 1058 724 1058 726 1058 746 1054 772 1050 822 1054 866 1060 867 1060 938 1056 938 1040 938 1008 795 1006 789 1004 771 994 770 994 740 994 738 994 736 994 735 994 728 1000 723 1005 681 999 622 993 621 993 602 998 580 1002 531 996 513 993 512 993 512 993 506 994 492 999 480 993 470 990 468 990 468 990 466 990 456 993 436 999 424 993 418 988 417 988 416 988 414 988 412 988 405 993 390 998 372 992 363 987 362 987 360 987 344 990 300 998 285 992 284 992 284 992 183 993 74 982 74 1024"/></Shape>
            <String CONTENT="pturarum egregia haberent, extraordinaria qua" HPOS="74" VPOS="982" WIDTH="864" HEIGHT="78" WC="0.9989121278127034"/>
          </TextLine>
          <TextLine ID="line_20" TAGREFS="LT8" BASELINE="76 1071 934 1090" HPOS="75" VPOS="1029" WIDTH="860" HEIGHT="81">
            <Shape><Polygon POINTS="76 1071 75 1086 216 1086 252 1090 291 1095 292 1095 316 1092 342 1088 351 1092 356 1096 357 1096 357 1096 358 1096 387 1094 410 1092 429 1095 450 1098 452 1098 508 1098 572 1095 596 1100 612 1102 614 1102 624 1100 650 1095 801 1098 825 1106 830 1107 831 1107 832 1107 838 1106 876 1100 894 1108 894 1108 896 1108 897 1110 933 1110 934 1090 933 1048 880 1058 831 1058 814 1047 813 1047 812 1047 810 1047 808 1047 808 1047 796 1054 752 1048 750 1048 748 1048 732 1054 723 1046 722 1046 722 1044 722 1044 720 1044 718 1044 711 1046 675 1053 664 1044 662 1042 660 1042 660 1042 658 1042 640 1044 616 1048 591 1044 573 1041 573 1041 572 1041 570 1041 567 1044 558 1050 548 1042 538 1040 537 1040 537 1040 506 1042 468 1048 462 1042 453 1036 452 1036 450 1036 450 1036 422 1042 399 1047 392 1042 386 1038 384 1038 382 1038 382 1038 381 1038 366 1042 351 1046 346 1042 340 1036 340 1035 339 1035 339 1035 338 1035 336 1035 324 1042 318 1044 296 1041 236 1032 234 1032 234 1032 210 1041 204 1042 198 1041 171 1032 170 1032 168 1032 166 1032 144 1040 126 1029 124 1029 123 1029 76 1038 76 1071"/></Shape>
            <String CONTENT="lia certè habuit Paulus. Pluſquã belluina ingrati" HPOS="75" VPOS="1029" WIDTH="860" HEIGHT="81" WC="0.9920304581230762"/>
          </TextLine>
          <TextLine ID="line_21" TAGREFS="LT8" BASELINE="76 1120 932 1138" HPOS="75" VPOS="1078" WIDTH="856" HEIGHT="80">
            <Shape><Polygon POINTS="76 1120 75 1131 114 1140 116 1140 244 1136 246 1136 248 1136 304 1146 306 1148 718 1148 753 1148 765 1148 876 1158 876 1158 930 1150 932 1138 930 1106 888 1096 888 1096 858 1104 855 1104 850 1104 832 1098 831 1098 830 1098 789 1101 776 1102 771 1101 762 1092 760 1092 759 1092 759 1092 680 1098 648 1100 639 1096 627 1092 626 1092 624 1092 622 1092 604 1096 594 1098 590 1095 584 1090 584 1089 582 1089 580 1089 579 1089 555 1094 544 1096 531 1094 506 1088 504 1088 502 1088 489 1092 477 1096 453 1092 429 1086 428 1086 405 1090 375 1094 279 1092 260 1086 248 1082 246 1082 204 1082 202 1082 202 1082 201 1082 198 1084 190 1090 148 1082 134 1078 132 1078 76 1078 76 1120"/></Shape>
            <String CONTENT="tudo eſt denegare carnalia ei, qui tibi cœleſtia" HPOS="75" VPOS="1078" WIDTH="856" HEIGHT="80" WC="0.987781768043836"/>
          </TextLine>
          <TextLine ID="line_22" TAGREFS="LT8" BASELINE="78 1174 340 1174 939 1188" HPOS="76" VPOS="1131" WIDTH="862" HEIGHT="75">
            <Shape><Polygon POINTS="78 1174 76 1190 104 1186 135 1192 140 1192 141 1192 141 1192 142 1192 160 1184 237 1185 250 1192 250 1194 252 1194 252 1194 254 1194 258 1192 288 1186 298 1194 302 1197 303 1197 304 1197 306 1197 318 1194 342 1188 351 1194 352 1196 354 1196 356 1196 357 1196 366 1194 400 1190 454 1196 495 1198 496 1198 518 1196 537 1191 588 1196 680 1203 681 1203 729 1197 741 1196 746 1197 753 1203 754 1203 756 1203 808 1206 810 1206 938 1197 939 1188 938 1146 894 1154 786 1154 750 1143 740 1142 740 1142 726 1143 681 1150 592 1149 568 1142 550 1138 549 1138 549 1138 536 1142 519 1148 474 1142 422 1136 420 1136 387 1142 374 1143 366 1142 350 1134 348 1134 346 1134 314 1142 298 1143 292 1142 279 1134 278 1134 278 1134 195 1140 177 1142 172 1140 153 1131 153 1131 152 1131 78 1138 78 1174"/></Shape>
            <String CONTENT="prębet vt loquitur Paul. Ro.15.v.27. Neque ne¬" HPOS="76" VPOS="1131" WIDTH="862" HEIGHT="75" WC="0.9944691302928519"/>
          </TextLine>
          <TextLine ID="line_23" TAGREFS="LT8" BASELINE="74 1218 936 1236" HPOS="72" VPOS="1179" WIDTH="864" HEIGHT="72">
            <Shape><Polygon POINTS="74 1218 72 1234 129 1232 178 1239 183 1239 184 1239 188 1239 222 1233 238 1239 244 1240 246 1240 246 1240 292 1239 402 1238 519 1239 526 1244 530 1246 531 1246 532 1246 534 1246 561 1245 590 1240 622 1245 654 1250 656 1251 934 1251 936 1236 936 1198 592 1198 586 1194 580 1190 580 1188 579 1188 579 1188 578 1188 550 1194 543 1196 538 1192 525 1186 524 1186 524 1186 448 1191 387 1184 386 1184 384 1184 364 1190 351 1184 350 1184 348 1184 315 1190 309 1191 308 1190 294 1182 292 1182 291 1182 290 1182 250 1190 246 1190 243 1190 226 1180 225 1180 224 1180 222 1180 196 1190 195 1190 194 1190 174 1179 172 1179 172 1179 171 1179 140 1188 138 1188 104 1180 104 1180 74 1186 74 1218"/></Shape>
            <String CONTENT="gat Paulus ſe ab vllis eccleſiis vnquam accepiſſe" HPOS="72" VPOS="1179" WIDTH="864" HEIGHT="72" WC="0.9962030624856755"/>
          </TextLine>
          <TextLine ID="line_24" TAGREFS="LT8" BASELINE="72 1268 934 1282" HPOS="70" VPOS="1227" WIDTH="864" HEIGHT="75">
            <Shape><Polygon POINTS="72 1268 70 1280 100 1288 102 1288 104 1288 216 1286 270 1292 272 1292 324 1284 327 1284 333 1284 430 1293 432 1293 646 1290 669 1299 670 1299 672 1299 765 1293 801 1300 802 1302 848 1302 848 1300 849 1300 864 1294 902 1302 903 1302 904 1302 933 1294 934 1282 934 1252 910 1244 909 1244 908 1244 874 1248 866 1240 864 1240 864 1240 862 1240 819 1250 796 1242 795 1242 795 1242 723 1246 704 1239 702 1239 700 1239 699 1239 672 1246 663 1239 663 1239 662 1239 660 1239 603 1236 602 1236 546 1245 542 1245 471 1245 468 1244 456 1233 454 1233 453 1233 452 1233 414 1240 404 1233 402 1233 400 1233 400 1233 399 1233 382 1239 338 1232 303 1232 302 1232 302 1232 300 1232 288 1239 286 1239 278 1239 204 1228 202 1228 202 1228 178 1236 176 1238 172 1236 158 1230 156 1230 154 1230 153 1230 153 1230 144 1236 141 1238 138 1236 120 1227 118 1227 117 1227 72 1233 72 1268"/></Shape>
            <String CONTENT="ſtipendium.2. Corinth.11.verſ. 8.ſed eo tm abſti¬" HPOS="70" VPOS="1227" WIDTH="864" HEIGHT="75" WC="0.988557483468737"/>
          </TextLine>
          <TextLine ID="line_25" TAGREFS="LT8" BASELINE="69 1316 934 1334" HPOS="68" VPOS="1276" WIDTH="867" HEIGHT="74">
            <Shape><Polygon POINTS="69 1316 68 1332 290 1332 326 1336 368 1341 369 1341 369 1341 382 1338 393 1335 405 1338 424 1342 426 1342 572 1340 640 1340 648 1342 663 1347 664 1347 666 1347 666 1347 676 1342 682 1342 765 1350 766 1350 933 1346 934 1334 934 1300 886 1300 872 1288 870 1288 870 1288 868 1288 867 1288 840 1298 795 1288 795 1288 794 1288 759 1296 728 1287 726 1287 724 1287 676 1293 634 1284 634 1284 582 1290 566 1282 564 1282 562 1282 561 1282 530 1292 519 1282 518 1282 518 1282 470 1281 468 1281 424 1288 408 1280 406 1280 406 1280 405 1280 360 1286 339 1280 338 1280 336 1280 334 1280 333 1280 320 1287 240 1287 220 1276 219 1276 218 1276 216 1276 184 1284 153 1276 153 1276 152 1276 150 1276 148 1276 136 1282 98 1276 98 1276 69 1282 69 1316"/></Shape>
            <String CONTENT="nuiſſe, cùm eccleſiæ ędificatio id fieri poſtulabat." HPOS="68" VPOS="1276" WIDTH="867" HEIGHT="74" WC="0.995631217956543"/>
          </TextLine>
          <TextLine ID="line_26" TAGREFS="LT8" BASELINE="68 1364 932 1382" HPOS="66" VPOS="1326" WIDTH="866" HEIGHT="72">
            <Shape><Polygon POINTS="68 1364 66 1376 240 1386 240 1386 279 1382 288 1380 290 1382 303 1388 304 1388 306 1388 330 1382 334 1382 340 1382 381 1388 382 1388 424 1383 428 1383 440 1389 441 1389 442 1389 514 1384 526 1384 543 1386 644 1394 645 1394 684 1388 684 1388 704 1395 704 1395 705 1395 746 1389 758 1396 759 1396 759 1396 819 1398 820 1398 932 1392 932 1382 932 1350 872 1340 870 1340 820 1347 820 1347 819 1347 810 1340 810 1338 808 1338 808 1338 807 1338 724 1344 714 1344 710 1344 680 1336 678 1336 678 1336 648 1342 640 1344 628 1342 578 1334 576 1334 540 1338 526 1341 513 1338 486 1332 484 1332 440 1336 412 1338 408 1335 402 1330 400 1330 400 1330 399 1330 398 1330 382 1335 375 1338 360 1334 338 1329 336 1329 306 1332 296 1334 280 1332 252 1328 250 1328 249 1328 248 1328 243 1332 236 1335 224 1330 216 1328 216 1328 68 1326 68 1364"/></Shape>
            <String CONTENT="Eodẽ modo eſt reſpondendũ, ſi quis obiiciat Ne" HPOS="66" VPOS="1326" WIDTH="866" HEIGHT="72" WC="0.999078576763471"/>
          </TextLine>
          <TextLine ID="line_27" TAGREFS="LT8" BASELINE="68 1413 932 1430" HPOS="66" VPOS="1374" WIDTH="866" HEIGHT="78">
            <Shape><Polygon POINTS="66 1425 99 1437 100 1437 102 1437 166 1428 168 1428 170 1428 198 1437 200 1437 201 1437 202 1437 222 1430 234 1438 236 1438 237 1438 238 1438 240 1438 256 1432 444 1432 465 1432 477 1432 864 1450 866 1452 906 1452 906 1450 906 1450 932 1440 932 1430 932 1400 806 1396 802 1394 792 1389 790 1389 789 1389 753 1394 740 1394 738 1394 732 1388 730 1388 729 1388 728 1388 690 1392 672 1394 668 1390 660 1384 660 1383 660 1383 658 1383 657 1383 616 1389 602 1392 597 1388 590 1382 588 1382 586 1382 528 1382 448 1380 447 1380 446 1380 444 1380 438 1384 432 1388 420 1383 411 1380 410 1380 408 1380 406 1380 400 1383 392 1388 387 1382 382 1380 382 1378 382 1378 381 1378 333 1377 332 1377 252 1378 96 1382 68 1374 68 1413 66 1425"/></Shape>
            <String CONTENT="he.5.ver.15 Reſ. Nehemiã id feciſſe propter popu" HPOS="66" VPOS="1374" WIDTH="866" HEIGHT="78" WC="0.9882354030803758"/>
          </TextLine>
          <TextLine ID="line_28" TAGREFS="LT8" BASELINE="68 1460 932 1479" HPOS="66" VPOS="1422" WIDTH="866" HEIGHT="74">
            <Shape><Polygon POINTS="68 1460 66 1473 122 1480 123 1480 146 1474 150 1474 154 1474 172 1480 174 1480 176 1480 214 1476 216 1476 228 1482 230 1482 231 1482 452 1480 483 1480 484 1480 498 1488 500 1488 500 1488 592 1484 602 1484 603 1484 609 1490 609 1491 610 1491 610 1491 612 1491 645 1485 646 1485 662 1492 663 1492 664 1492 710 1486 711 1486 722 1492 722 1492 723 1492 724 1492 816 1488 818 1488 819 1488 828 1496 830 1496 831 1496 832 1496 930 1490 932 1479 932 1444 630 1443 616 1437 608 1432 606 1432 604 1432 570 1436 506 1438 494 1432 492 1431 490 1431 489 1431 488 1431 476 1432 446 1437 406 1431 390 1428 388 1428 369 1430 320 1434 268 1426 264 1426 264 1426 262 1426 238 1432 177 1425 172 1425 172 1425 170 1425 123 1431 68 1422 68 1460"/></Shape>
            <String CONTENT="li paupertatem: nõ autẽ ꝙ victum exigere ab eo" HPOS="66" VPOS="1422" WIDTH="866" HEIGHT="74" WC="0.9846486387153467"/>
          </TextLine>
          <TextLine ID="line_29" TAGREFS="LT8" BASELINE="66 1510 930 1527" HPOS="64" VPOS="1472" WIDTH="866" HEIGHT="69">
            <Shape><Polygon POINTS="66 1510 64 1526 927 1540 930 1527 930 1494 906 1486 904 1486 812 1486 810 1486 808 1486 794 1492 792 1492 768 1484 766 1484 765 1484 724 1491 722 1491 722 1491 705 1482 704 1482 704 1482 636 1488 621 1490 526 1488 522 1486 496 1478 495 1478 426 1476 424 1476 387 1484 375 1485 327 1485 322 1480 310 1474 309 1474 308 1474 308 1474 306 1474 285 1479 237 1473 236 1473 234 1473 234 1473 234 1474 226 1480 224 1480 176 1480 172 1479 165 1472 164 1472 162 1472 160 1472 159 1472 138 1478 130 1479 66 1476 66 1510"/></Shape>
            <String CONTENT="non licuiſſet. Itaq; nõ eſt lex generalis illud Pauli" HPOS="64" VPOS="1472" WIDTH="866" HEIGHT="69" WC="0.9811984422030272"/>
          </TextLine>
          <TextLine ID="line_30" TAGREFS="LT8" BASELINE="69 1560 932 1574" HPOS="68" VPOS="1520" WIDTH="864" HEIGHT="70">
            <Shape><Polygon POINTS="69 1560 68 1569 86 1580 87 1580 88 1580 333 1575 336 1575 549 1578 552 1580 584 1587 585 1587 585 1587 628 1582 642 1588 644 1588 645 1590 681 1590 681 1588 682 1588 684 1588 693 1582 694 1581 696 1582 716 1590 717 1590 718 1590 930 1586 932 1574 932 1539 816 1532 814 1532 774 1536 747 1539 740 1536 730 1532 729 1532 728 1532 728 1532 726 1532 722 1536 717 1539 672 1539 663 1534 645 1528 644 1528 642 1528 598 1534 576 1536 572 1533 561 1527 561 1527 560 1527 500 1526 500 1526 450 1532 429 1534 402 1530 344 1524 342 1524 340 1524 316 1530 309 1532 302 1530 284 1524 284 1524 282 1524 237 1528 216 1530 213 1528 206 1522 206 1521 204 1521 202 1521 126 1520 124 1520 69 1526 69 1560"/></Shape>
            <String CONTENT="vel Nehemiæ factum, ſed ſingulare quoddã pro" HPOS="68" VPOS="1520" WIDTH="864" HEIGHT="70" WC="0.986887432469262"/>
          </TextLine>
          <TextLine ID="line_31" TAGREFS="LT8" BASELINE="68 1606 927 1623" HPOS="68" VPOS="1569" WIDTH="860" HEIGHT="72">
            <Shape><Polygon POINTS="68 1606 68 1618 129 1628 130 1628 216 1623 346 1630 348 1630 350 1630 370 1624 374 1624 376 1626 390 1632 392 1632 393 1632 450 1628 453 1628 456 1628 498 1635 500 1635 550 1629 560 1629 579 1629 698 1638 699 1638 700 1638 717 1632 718 1632 730 1632 846 1641 848 1641 926 1635 927 1623 926 1586 867 1592 850 1584 849 1584 848 1584 846 1584 830 1588 774 1582 754 1581 753 1581 753 1581 747 1582 734 1587 716 1582 710 1580 708 1580 706 1580 705 1580 704 1580 702 1582 692 1587 678 1582 670 1580 669 1580 668 1580 648 1581 620 1586 568 1581 526 1576 525 1576 524 1576 510 1580 496 1584 453 1584 447 1580 438 1574 438 1574 436 1574 435 1574 350 1580 318 1580 314 1580 304 1572 303 1572 302 1572 302 1572 244 1578 240 1578 234 1578 172 1569 172 1569 68 1575 68 1606"/></Shape>
            <String CONTENT="temporis ratione aſſumptũ. Et certè nimis ſunt" HPOS="68" VPOS="1569" WIDTH="860" HEIGHT="72" WC="0.99941943710049"/>
          </TextLine>
          <TextLine ID="line_32" TAGREFS="LT8" BASELINE="62 1654 927 1671" HPOS="62" VPOS="1616" WIDTH="866" HEIGHT="74">
            <Shape><Polygon POINTS="62 1654 62 1665 261 1677 262 1677 320 1671 412 1680 414 1680 656 1677 672 1684 672 1684 674 1684 716 1678 724 1686 726 1686 728 1686 898 1689 900 1689 900 1689 926 1682 927 1671 926 1632 860 1641 753 1629 728 1628 726 1628 708 1629 680 1632 630 1629 600 1626 598 1626 598 1626 592 1628 578 1635 564 1629 562 1629 561 1629 534 1635 502 1628 500 1626 498 1626 496 1626 492 1628 462 1634 450 1626 444 1622 442 1622 441 1622 440 1622 438 1622 426 1626 414 1629 400 1626 386 1622 384 1622 382 1622 382 1622 366 1624 345 1630 336 1624 328 1620 327 1620 327 1620 326 1620 304 1624 284 1629 202 1629 195 1623 188 1617 186 1617 184 1617 184 1617 183 1617 166 1623 153 1628 138 1622 116 1616 114 1616 112 1616 62 1622 62 1654"/></Shape>
            <String CONTENT="impudentes Catabaptiſtæ, qui illius facti &amp; exẽ¬" HPOS="62" VPOS="1616" WIDTH="866" HEIGHT="74" WC="0.9956780149012195"/>
          </TextLine>
          <TextLine ID="line_33" TAGREFS="LT8" BASELINE="68 1706 926 1720" HPOS="66" VPOS="1665" WIDTH="860" HEIGHT="75">
            <Shape><Polygon POINTS="68 1706 66 1724 111 1719 128 1726 130 1726 132 1726 134 1728 190 1728 190 1726 192 1726 194 1726 194 1726 201 1720 232 1726 236 1726 237 1726 238 1726 240 1726 250 1720 326 1722 330 1728 333 1730 333 1731 333 1731 334 1731 336 1731 388 1728 462 1725 474 1730 486 1732 488 1732 488 1732 508 1730 530 1726 558 1730 596 1736 597 1736 634 1731 639 1731 644 1731 681 1737 682 1737 710 1732 722 1730 729 1732 746 1737 747 1737 748 1737 800 1732 894 1740 896 1740 926 1732 926 1720 926 1686 864 1690 854 1684 840 1677 838 1677 838 1677 778 1684 772 1684 771 1684 765 1677 764 1677 762 1677 760 1677 759 1677 736 1683 696 1676 694 1676 693 1676 692 1676 684 1683 684 1683 663 1674 662 1674 596 1672 594 1672 592 1672 579 1680 530 1671 492 1671 490 1671 489 1671 488 1671 476 1678 468 1683 212 1678 204 1676 178 1666 178 1666 177 1666 135 1674 132 1676 130 1674 118 1665 117 1665 117 1665 116 1665 68 1672 68 1706"/></Shape>
            <String CONTENT="pli prȩtextu omnes verbi Dei Miniſtros ad ma¬" HPOS="66" VPOS="1665" WIDTH="860" HEIGHT="75" WC="0.9915929644004159"/>
          </TextLine>
          <TextLine ID="line_34" TAGREFS="LT8" BASELINE="63 1755 924 1770" HPOS="62" VPOS="1714" WIDTH="862" HEIGHT="74">
            <Shape><Polygon POINTS="63 1755 62 1766 128 1774 129 1774 188 1770 206 1778 207 1778 208 1778 274 1770 351 1780 351 1780 416 1773 458 1782 459 1782 460 1782 462 1782 470 1776 494 1782 494 1782 495 1782 626 1776 646 1782 648 1782 648 1782 746 1779 759 1785 759 1785 760 1785 762 1785 771 1780 876 1788 876 1788 922 1780 924 1770 922 1728 891 1734 884 1728 882 1728 882 1728 872 1726 818 1726 816 1726 814 1726 814 1726 780 1736 744 1728 742 1728 741 1728 728 1734 710 1726 705 1725 704 1725 662 1725 660 1725 660 1725 654 1726 638 1732 628 1726 628 1726 627 1726 626 1726 618 1726 568 1731 561 1726 555 1722 555 1722 554 1722 552 1722 506 1726 448 1730 434 1725 418 1720 417 1720 416 1720 414 1720 412 1720 406 1725 400 1730 351 1730 172 1726 170 1724 159 1716 158 1716 156 1716 154 1716 153 1716 135 1720 117 1714 117 1714 116 1714 63 1722 63 1755"/></Shape>
            <String CONTENT="nualia opera cogendos eſſe contendunt, vt victũ" HPOS="62" VPOS="1714" WIDTH="862" HEIGHT="74" WC="0.9990871002276739"/>
          </TextLine>
          <TextLine ID="line_35" TAGREFS="LT8" BASELINE="62 1803 922 1820" HPOS="62" VPOS="1764" WIDTH="861" HEIGHT="92">
            <Shape><Polygon POINTS="62 1803 62 1824 122 1826 122 1826 132 1834 132 1836 134 1836 135 1836 184 1844 184 1844 186 1844 206 1836 270 1844 272 1844 272 1844 292 1834 314 1845 314 1845 448 1848 450 1848 450 1848 483 1836 488 1834 489 1836 496 1842 496 1844 498 1844 500 1844 500 1844 548 1840 555 1846 555 1846 556 1846 558 1846 560 1846 578 1838 585 1836 618 1839 636 1842 638 1842 672 1842 774 1839 783 1844 796 1856 798 1856 800 1856 801 1856 864 1846 878 1845 882 1848 888 1851 888 1851 890 1851 891 1851 921 1848 922 1820 921 1785 874 1786 870 1784 862 1778 861 1778 860 1778 831 1778 830 1778 828 1778 810 1782 800 1785 764 1782 676 1774 675 1774 633 1779 616 1773 615 1773 614 1773 579 1779 570 1780 506 1780 501 1778 486 1772 484 1772 483 1772 482 1772 459 1778 456 1778 450 1778 404 1770 402 1770 260 1774 248 1774 236 1774 104 1764 102 1764 62 1770 62 1803"/></Shape>
            <String CONTENT="comparent: aduerſus quos pręclarè Bulling lib.2." HPOS="62" VPOS="1764" WIDTH="861" HEIGHT="92" WC="0.9896851539611816"/>
          </TextLine>
        </TextBlock>
        <TextBlock HPOS="704" VPOS="1837" WIDTH="78" HEIGHT="50" ID="block_5" TAGREFS="BT17">
          <Shape><Polygon POINTS="704 1837 783 1837 783 1887 704 1887 704 1837"/></Shape>
          <TextLine ID="line_36" TAGREFS="LT8" BASELINE="704 1868 784 1864" HPOS="700" VPOS="1826" WIDTH="84" HEIGHT="76">
            <Shape><Polygon POINTS="704 1868 704 1902 784 1888 784 1864 782 1826 700 1827 704 1868"/></Shape>
            <String CONTENT="u.ij." HPOS="700" VPOS="1826" WIDTH="84" HEIGHT="76" WC="0.9941369295120239"/>
          </TextLine>
        </TextBlock>
      </PrintSpace>
    </Page>
  </Layout>
</alto>
