1500 2172
532 182 90 40 174

687 162 573 57 AD I. PAVL. AD TIM.

526 200 880 84 Eccleſiaſticam non poſſent aſſumi Arelat. conci¬

530 255 878 78 lio 4. cap.2. can. Aſſumi diſtinct. 28. cui ſubſcri¬

534 303 873 78 pſit Callixtus Papa Rom. At verò Huldericus

536 357 868 72 Auguſtanus Epiſcopus, qui vixit ante annos 700.

532 402 874 72 acerrimè ei decreto reſtitit & Nicolao Papæ.

537 453 867 72 Quod nouum etiam decretum & inauditum ap¬

536 500 872 76 pellat can. De Syracuſanæ & prorſus improbatur

537 548 868 75 Gangrenſis Synodi cap.4. Synodo Conſtantino¬

537 598 870 74 politana, quæ fuit ſexta vniuerſalis Synodus, quę

538 646 868 72 vtraque Synodus multis ſeculis & Arelatenſe il¬

537 696 870 75 lud concilium 4. & Callixtum Pontificem præ¬

540 742 868 72 ceſſit. Sed & ante vtranque Nicenla quoque pri¬

542 789 870 78 ma cap.13. & ante hanc Nicenam cano. Apoſtoli¬

543 840 866 75 co, qui eſt N.6. qui etiam eſt in cano. Si quis di¬

540 888 872 70 ſtinct. 28. adeò vt Leo imperator cognomento

540 936 872 75 Philoſophus Nouella ſua 2. iubeat hoc decretum

542 986 870 75 ex Dei Eccleſia faceſſere, & prorſus in perſona¬

540 1032 872 76 rum Eccleſiaſticarum electionibus ſilere. De¬

543 1084 870 75 nique Syneſius Epiſcopus ad Eutropium negat

542 1131 872 75 ſuam ſe vxorẽ dimiſſurum, quam ei & Deus ipſe,

544 1180 870 72 & lex habere concedunt. Cùm autem ita variè

546 1232 867 75 de coniugio Sacerdotum diſceptaretur, primus

548 1281 866 72 Syricius Papa, qui vixit circa annum Domini 400

544 1328 868 72 & Ambroſij Mediolanenſis Epiſcopi ætate, ma¬

548 1382 866 69 gna temeritate & nullo Sacræ ſcripturæ nixus

549 1426 866 69 lufidamente definiuit & ſanxit, Sacerdotes mane¬

548 1473 866 69 rent cœlibes. cui videtur Ambroſ. epiſt. 8o. & 81.

548 1521 870 72 aſſenſus. Hiſpania verò vniuerſa, & Germania

549 1570 868 74 cõtradixit, adeò vt hæc etiã poſt longum poſtea

549 1618 866 76 tempus Epiſcopos & Preſbyteros coniuges ha¬

549 1666 868 75 beret. Syricij dictum eſt in diſtin. 8.Anno Domi¬

548 1716 872 74 ni 1074. vt ait Nauclerus contra Hildebrandum

548 1767 870 86 id eſt, Gregorium 7. Papam Germani de eo cer¬

1293 1818 129 57 tarunt
