1500 2172
576 123 729 46 400 AD LTAVL. ADTIM..

567 213 868 62 Dei pro eodem ſumantur. Tertio denique loco

568 264 868 56 & ſignificato dicuntur homines Dei ἰδίως ij tan¬

572 312 866 57 tùm, qui in Eccleſia & domo Dei munus aliquod

572 360 866 58 Eccleſiaſticum legitimè habent, ſiue illud ordi¬

568 411 866 54 nariũ vt paſtores: ſiue extraordinariũ, vt Prophe¬

568 468 868 56 eu. quoupij pius quam renqui fideles ſpeciali

573 508 861 64 quodam iure Dei eſſe cenſeantur, & in eius pe¬

570 555 645 63 culio, quemadmodum olim Leuitæ.

568 602 864 66 Deniq; magis ſe totos Deo addicere hi debeãt.

568 652 867 63 Itaque κλυςικο͂ς & proprio quodam poſſeſsionis

568 700 862 64 modo dicuntur eſſe homines Dei. Sic Prophetę

567 748 870 64 homines Dei dicebantur 2. Reg.1.verſ.9.4. verſ.

568 798 867 58 16.5.verſ.8. Sic paſtores omnes à Paulo ratione

570 858 862 50 muneris 2. Flieil.5.veri.rj.non autem rationee¬

568 892 866 63 lectionis & prædeſtinationis ſuæ. Sic δῦλον, id eſt,

567 944 864 60 ſerui Chriſti in vniuerſum pij omnes dicuntur,

567 992 870 57 imprimis autem ijdem paſtores & Miniſtri, vti

567 1040 570 63 ápparet ex epiſtola Iudæ verſ.1.

622 1086 813 62 Vnum verò hoc loco de Chriſto ſpecialiter

568 1137 868 60 nobis notandum eſt, eum & hominem Dei &

570 1184 866 58 hominem Deum appellari. Hominem quidem

568 1234 867 62 Dei, ratione vocationis, miniſterij, prædicationis,

570 1282 866 62 vti omnes Apoſtoli, & Eccleſiæ paſtores appel¬

566 1330 872 58 lantur, inter quos ipſe eſt ſummus. Nec enim

564 1382 872 57 nobis verendũ eſt, ſi Chriſtũ, quatenus homo eſt,

568 1430 868 63 & in his terris ſuo munere fungens, appellemus

567 1476 870 57 Dei ſeruum, quod tamẽ quidam dicere reformi¬

567 1524 870 58 dant, quia ex Iſai.61. & Luc.4.verſ.18. ſatis contrà

568 1572 868 56 ſentientium ſententia refelli poteſt. Homo autẽ

572 1622 866 62 Deus, ſiue, vt Græci loquuntur, in dictionum cõ¬

568 1671 867 62 poſitione fœliciores, θεάνθρωπος eſt idem Chri¬

568 1722 868 81 ſtus ratione perſonæ & naturarum, quibus con¬

1352 1772 84 94 ſtat.
