1500 2172
388 166 302 38 CAPVT III.

100 195 902 66 neque per ſe ſuum eſſe habet: neque extra Dei

104 252 870 58 verbum, neque ſeorſim & ſeparatim eſt illa hu¬

104 302 867 60 manitas: ſed verbi Dei humanitas, & in Dei tan¬

104 350 872 58 tùm verbo habens ſuum exiſtere, non per ſe &

99 396 876 63 ſeorſim, vt humanitas Petri & Pauli & mea. Qua¬

100 446 885 57 re hîc reuocamur ad myſterium illud auguſtum

100 498 868 60 incarnationis Chriſti, per quam σωματικῶς, id eſt,

104 544 870 63 υὐ̔ποςατικῶς & ad ἐνὸς ὔφιςαμέντν ἐπόρασιν vtraque illa

99 591 873 63 natura coniuncta eſt, inconfuſas tamen proprie¬

98 640 872 62 tates ſuas retinens & conſeruans. Quare duæ na¬

98 690 878 58 turæ ſunt hîc nobis propoſitæ Deus & caro, id

98 740 878 62 eſt, Deus verus & verus homo, & vtriuſque vnio

99 789 874 62 & coniunctio tamen, cùm Deus manifeſtatus per

98 836 876 58 carnem dicitur. Si enim maneret ſeparatum ver¬

99 884 874 58 bum ab humana natura & carne, vel ſi caro ſeor¬

98 933 870 60 ſim à verbo exiſteret, tanquam duæ quædam

100 981 868 62 diuerſæ perſonæ (quod ſenſit impius Neſtorius)

102 1029 867 63 mentiretur, & falſò diceret Paulus, Deum in car¬

99 1077 870 58 ne nobis eſſe manifeſtatum. Si eſſet confuſa &

99 1126 868 63 abſorpta caro, id eſt, humana natura aſſumpta à

99 1178 870 62 diuina aſſumente, vt voluit blaſphemus ille Euty¬

98 1227 872 62 ches, falſò quoque diſtingueretur, ac comme¬

98 1276 873 62 moraretur hîc vtraque natura. Si vnica tantùm

98 1324 874 60 in Chriſto natura, falſò etiam diceretur idem

99 1371 872 64 Chriſtus Deus & caro. Hoc igitur ſtupendum eſt

99 1420 870 63 quòd cùm toto genere Deus & caro diſſideant,

102 1468 866 68 vtraque tamen natura in vnicam Chriſti perſo¬

99 1524 868 56 nam coaluerit, & vnica ſit per incarnationem.

100 1566 864 66 Sed & illud quoque eſt hoc loco obſeruandum,

99 1614 866 63 Paulum vti ea ratione dicendi, per quam de na¬

99 1662 870 64 turis loquitur in concreto, vt Dialecticorũ ſcho¬

94 1713 876 62 læ vocant, Deus, inquiens, eſt manifeſtatus: non

710 1821 99 75 mij

94 1761 879 70 autem in abſtracto ſic, diuinitas eſt manifeſtata.
