1500 2172
552 162 80 46 396

546 190 873 74 uant: mundo moriuntur, vt Deo viuãt. Ergo vi¬

532 252 888 62 duæ laſciuæ viuunt quidem corpore, animo ta¬

543 291 879 66 men mortuæ ſunt. Sic infideles dicuntur & à

546 339 873 69 Chriſto & à Paulo mortui 1. Corinth.15. verſ.29.

546 387 874 66 Matth.8.verſ.22. Sunt enim ad omnia quæ ad vi¬

544 441 878 60 tamroternal perunent, immobiles, & inepti, &

546 490 870 66 inutiles, vt ait Chryſoſtomus: vnde perinde, atq;

549 537 832 70 mortuæ meritò inter pios cenſentur hę viduę.

675 620 738 80 Hæc igitur denuntiato, vt ſint irre¬

550 681 213 76 prehenſæ.

596 734 825 75 Hęc repetitio, ſiue potius admonitio à Paulo

546 784 873 74 facta ſuperiorem doctrinam valde vtilem eſſe

544 837 876 69 docet, neque ſemel tantùm pronuntiandam, ſed

544 882 874 74 ſępius in Dei Eccleſia inculcandam, vt animis ho¬

546 938 873 64 minum inhęreat altiùs. Eiuſdem autem maximus

543 984 876 63 fructus hîc oſtenditur, cùm, ſi obſeruetur, omne

544 1028 874 64 offendiculum ſublatum iri dicat Paulus, foréque

544 1078 874 66 Eccleſiam ipſam irreprehenſibilem, & boni apud

546 1128 872 68 omnes ouoria ridelibus autem & infidelibus

549 1184 516 60 bene olere debemus omnes.

609 1269 807 84 S Quòd ſi qua ſuis & maximè domeſti¬

548 1330 872 80 cis non prouidet, fid em abnegauit, & eſt infi¬

549 1392 274 69 deli deterior.

596 1454 824 64 Α’ιτιολογ́α eſt ſuperioris canonis de parenti¬

550 1506 868 66 bus alendis à liberis, & contrà, quæ tum a turpi

546 1558 873 62 ducta dici poteſt, tum etiam à repugnantibus: eſt

544 1604 873 68 autem hæc ſententia generalis, quæ tam ad ma¬

544 1653 873 68 res, quàm ad fœminas pertinet. Itaque relatiuo

546 1702 870 62 communis generis vſus eſt Paulus. Hoc autẽ pro

543 1748 872 81 certo & confeſſo ſumit, quod pij fatentur, debe¬

1365 1803 51 62 re

730 144 530 62 AD I. PAVL. AD TIM.
