1500 2172
363 140 386 33 CAPVT. V

98 158 864 76 verſ.8.vtraque pœna in rebelles indicitur: ciuilis

99 210 864 72 & Eccleſiaſtica ſiue excõmunicatio, quia vtriuſq;

100 261 864 72 partis noſtræ Dominus author eſt. Eſt enim pec¬

102 318 860 63 catum totius ſuppoſiti actio, itaque totum ſup¬

105 362 561 69 poſitum ad pœnam ipſe exigit.

153 405 813 76 Ergo in Dei Eccleſia vſum habere debet ex¬

108 466 288 57 communicatio.

150 502 819 74 Quæritur autem, quid ſit excommunicatio.

110 555 860 68 Ac dubitari non poteſt, eam eſſe cenſuræ & coer¬

106 602 866 69 citionis Eccleſiaſtieæ ſpeciem quandam. Ergo

108 650 867 72 ſic eam definiunt nonnulli, vt generaliter eſſe ve¬

106 698 868 72 lint à qualibet ſocietate fidelium hominum ſe¬

108 746 872 75 parationem: itémque ab aliquo, vel omnibus do¬

108 794 872 69 nis Dei in Eccleſiam effuſis interdictionem &

111 842 867 76 publicam hominis ſcelerati prohibitionem. Ve¬

111 891 864 72 rum hęcdefinitio generalior eſt. Vnde ſic rectius

112 939 868 74 definiri poteſt excommunicatio, vt ſit vel ab ipſo

116 990 862 70 Eccleſiæ cœtu toto & ſocietate: vel ab aliquo

116 1041 866 68 Dei dono, quod quidem omnium Chriſtianorũ

116 1088 866 69 commune ſit, publica & legitima interdictio ſiue

116 1137 867 72 ſeparatio hominis impuri & non pœnitentis. Ex

117 1184 867 75 quo fit, vt à quibuſdã, velutià Scholaſticis duplex

116 1239 866 63 excõmunicatio ſtatuatur, vna nimirũ Minor, quæ

117 1282 864 66 eſt interdictio tantùm à Sacramentis, vel ab vno

122 1340 866 60 eorũ, non autẽ à cœtu Eccleſiæ: altera Maior, per

122 1380 864 70 quam non tantùm à Sacramentis, ſed ab ipſo to¬

122 1426 866 75 to Eccleſiæ cœtu quis ſeparatur, quam ipſam e¬

122 1480 866 64 tiam diuidunt in Excommunicationem quæ ap¬

124 1526 866 69 pellatur hoc nomine: & Anathema, cuius etiã fit

124 1574 866 68 mentio apud Paulum Galat.1.& 1.Corinth.16. &

126 1629 435 64 alibi in ſcriptis Patrum.

172 1666 818 78 Qui inter Hebræos iſta ſcrupuloſius & diligẽ¬

128 1722 866 80 tius ſcrutantur, ſanctionis legis conſtituunt ge¬

734 1774 114 66 B.iuij.
