1500 2172
768 135 552 56 AD I. PAVL. AD TIM.

597 159 75 50 381

633 174 822 81 Verè vidua) Quænam autem illa ſit vera vidua

590 237 867 64 poſtea docet paulus inſ.verſ.5. eſt autem quæ Pia

590 284 862 64 eſt, & Deſtituta omni alia ope. Vnde illa Hieron.

588 328 868 72 definitio, quæ eſt in illius quadam epiſtola ad Fa¬

592 381 861 62 biolam non ſatis huic loco conuenit, vbi de offi¬

591 428 864 70 cio paſtoris euangelici agitur. Vidua eſt, ait, cuius

590 482 867 60 maritus mortuus eſt. Primum enim de piis tã¬

590 526 868 64 tùm viduis hic locus intelligitur, non de omni¬

591 573 866 70 bus: deinde propriè quod ad ſubſidium dandum

590 634 867 57 Ipeetat, de ns tuneumeomgaut, quæ deſtituun¬

588 674 868 66 tur omni alio auxilio & ope: non de omnibus e¬

596 728 350 64 genis, etiam viduis.

669 832 18 57 6

729 814 726 75 Quòd ſi qua vidua liberos aut nepo¬

588 876 868 75 tes habet, diſcant in primis in propriam do¬

588 934 868 70 mum pietatem exercere, & vicem rependere

591 992 864 76 parentibus. hoc enim eſt honestum & acce¬

594 1054 363 70 ptum coram Deo.

640 1142 819 68 Πιαρακολήθησις, ſiue Τάξις. Proſpicit enim viduis

592 1197 867 62 & docet à quibus illæ ſint alendæ. Nempe à pro¬

592 1245 866 64 prijs liberis, id eſt, filijs, nepotibus, abnepotibus

594 1294 866 60 in infinitum, ſi quos tamen illa habet, qui id

592 1341 870 62 facere poſſint. Videtur autẽ in genere ipſo dicẽ¬

596 1392 867 57 di Paulus alludere ad cap.21. Geneſ. verſ.23. vbi

598 1437 465 62 vidua ſic deſcribi videtur.

648 1482 814 64 Vox igitur Μανθανέτωσαν ad liberos viduarum

594 1539 868 57 pertinet. Æqua ſanè ratio, vt etiam hoc loco ne¬

596 1586 867 62 potes, & in infinitum alij, liberorum nomine cõ¬

596 1635 868 63 prehendantur, quia ab auia tanquam à propria

594 1684 868 60 ſtirpe ſuam originem habent, & vt ſint. Itaque

596 1731 868 88 eos, vti authores, poſt Deum generis vitæque ſuæ

1326 1782 141 69 debent
