<?xml version='1.0' encoding='UTF-8'?>
<alto xmlns:xsi="http://www.w3.org/2001/XMLSchema-instance" xmlns="http://www.loc.gov/standards/alto/ns-v4#" xsi:schemaLocation="http://www.loc.gov/standards/alto/ns-v4# http://www.loc.gov/standards/alto/v4/alto-4-2.xsd">
  <Description>
    <MeasurementUnit>pixel</MeasurementUnit>
    <sourceImageInformation>
      <fileName>2013408.jpeg</fileName>
    </sourceImageInformation>
  </Description>
  <Tags>
    <OtherTag ID="BT7" LABEL="CustomZone" DESCRIPTION="block type CustomZone"/><OtherTag ID="BT8" LABEL="DamageZone" DESCRIPTION="block type DamageZone"/><OtherTag ID="BT9" LABEL="DigitizationArtefactZone" DESCRIPTION="block type DigitizationArtefactZone"/><OtherTag ID="BT10" LABEL="DropCapitalZone" DESCRIPTION="block type DropCapitalZone"/><OtherTag ID="BT11" LABEL="GraphicZone" DESCRIPTION="block type GraphicZone"/><OtherTag ID="BT12" LABEL="MainZone" DESCRIPTION="block type MainZone"/><OtherTag ID="BT13" LABEL="MarginTextZone" DESCRIPTION="block type MarginTextZone"/><OtherTag ID="BT14" LABEL="MusicZone" DESCRIPTION="block type MusicZone"/><OtherTag ID="BT15" LABEL="NumberingZone" DESCRIPTION="block type NumberingZone"/><OtherTag ID="BT17" LABEL="QuireMarksZone" DESCRIPTION="block type QuireMarksZone"/><OtherTag ID="BT18" LABEL="RunningTitleZone" DESCRIPTION="block type RunningTitleZone"/><OtherTag ID="BT19" LABEL="SealZone" DESCRIPTION="block type SealZone"/><OtherTag ID="BT20" LABEL="StampZone" DESCRIPTION="block type StampZone"/><OtherTag ID="BT21" LABEL="TableZone" DESCRIPTION="block type TableZone"/><OtherTag ID="BT22" LABEL="TitlePageZone" DESCRIPTION="block type TitlePageZone"/><OtherTag ID="BT3407" LABEL="MainZone-Continued" DESCRIPTION="block type MainZone-Continued"/><OtherTag ID="BT3408" LABEL="MainZone-P" DESCRIPTION="block type MainZone-P"/><OtherTag ID="BT3409" LABEL="MainZone-Head" DESCRIPTION="block type MainZone-Head"/><OtherTag ID="BT3410" LABEL="MainZone-Other" DESCRIPTION="block type MainZone-Other"/><OtherTag ID="BT3411" LABEL="MainZone-Sp" DESCRIPTION="block type MainZone-Sp"/><OtherTag ID="BT3417" LABEL="MainZone-Sp-Continued" DESCRIPTION="block type MainZone-Sp-Continued"/><OtherTag ID="BT3418" LABEL="GraphicZone-Decoration" DESCRIPTION="block type GraphicZone-Decoration"/><OtherTag ID="BT3419" LABEL="MainZone-Entry" DESCRIPTION="block type MainZone-Entry"/><OtherTag ID="BT3420" LABEL="MainZone-Lg" DESCRIPTION="block type MainZone-Lg"/><OtherTag ID="BT3421" LABEL="MainZone-Entry-Continued" DESCRIPTION="block type MainZone-Entry-Continued"/><OtherTag ID="BT3422" LABEL="MarginTextZone-ManuscriptAddendum" DESCRIPTION="block type MarginTextZone-ManuscriptAddendum"/><OtherTag ID="BT3423" LABEL="MainZone-List" DESCRIPTION="block type MainZone-List"/>
    <OtherTag ID="LT7" LABEL="CustomLine" DESCRIPTION="line type CustomLine"/><OtherTag ID="LT8" LABEL="DefaultLine" DESCRIPTION="line type DefaultLine"/><OtherTag ID="LT9" LABEL="DropCapitalLine" DESCRIPTION="line type DropCapitalLine"/><OtherTag ID="LT10" LABEL="HeadingLine" DESCRIPTION="line type HeadingLine"/><OtherTag ID="LT11" LABEL="InterlinearLine" DESCRIPTION="line type InterlinearLine"/><OtherTag ID="LT12" LABEL="MusicLine" DESCRIPTION="line type MusicLine"/>
  </Tags>
  <Layout>
    <Page WIDTH="1500" HEIGHT="2172" PHYSICAL_IMG_NR="404" ID="eSc_dummypage_">
      <PrintSpace HPOS="0" VPOS="0" WIDTH="1500" HEIGHT="2172">
        <TextBlock HPOS="554" VPOS="120" WIDTH="79" HEIGHT="54" ID="block_1" TAGREFS="BT15">
          <Shape><Polygon POINTS="554 120 633 120 633 174 554 174 554 120"/></Shape>
          <TextLine ID="line_1" TAGREFS="LT8" BASELINE="555 158 644 154" HPOS="555" VPOS="140" WIDTH="88" HEIGHT="36">
            <Shape><Polygon POINTS="639 140 627 140 615 140 603 140 591 140 579 140 567 140 555 140 555 158 555 171 590 176 591 176 642 164 644 154 640 140 639 140"/></Shape>
            <String CONTENT="735" HPOS="555" VPOS="140" WIDTH="88" HEIGHT="36" WC="0.9999991655349731"/>
          </TextLine>
        </TextBlock>
        <TextBlock HPOS="733" VPOS="113" WIDTH="550" HEIGHT="51" ID="block_2" TAGREFS="BT18">
          <Shape><Polygon POINTS="733 113 1282 113 1282 164 733 164 733 113"/></Shape>
          <TextLine ID="line_2" TAGREFS="LT8" BASELINE="726 152 1281 147" HPOS="724" VPOS="116" WIDTH="556" HEIGHT="46">
            <Shape><Polygon POINTS="1136 136 1122 140 1110 140 1098 140 1086 140 1074 140 1062 140 1050 140 1038 140 1026 140 1014 140 1002 140 990 140 978 140 966 140 954 140 942 140 930 140 918 140 906 140 894 140 882 140 870 140 858 140 844 140 832 140 820 140 808 140 796 140 784 140 772 140 760 140 748 140 736 140 724 140 726 152 726 160 1278 162 1281 147 1278 122 1158 116 1156 116 1155 116 1154 116 1140 123 1136 124 1136 136"/></Shape>
            <String CONTENT="AD I. PAVL. AD TIM." HPOS="724" VPOS="116" WIDTH="556" HEIGHT="46" WC="0.9907856614966142"/>
          </TextLine>
        </TextBlock>
        <TextBlock HPOS="546" VPOS="174" WIDTH="867" HEIGHT="342" ID="block_3" TAGREFS="BT3407">
          <Shape><Polygon POINTS="546 174 1414 174 1414 516 546 516 546 174"/></Shape>
          <TextLine ID="line_3" TAGREFS="LT8" BASELINE="550 212 740 206 1410 201" HPOS="549" VPOS="159" WIDTH="861" HEIGHT="69">
            <Shape><Polygon POINTS="550 212 550 224 648 228 650 228 651 228 652 228 658 222 660 220 764 220 776 222 816 228 818 228 819 228 820 228 826 222 831 219 854 220 910 225 912 225 945 219 956 218 962 219 976 225 978 225 980 225 981 225 999 219 1000 218 1004 219 1016 225 1017 225 1018 225 1122 219 1209 224 1210 224 1212 224 1214 224 1226 214 1227 214 1234 214 1296 222 1298 222 1299 222 1300 222 1310 214 1348 220 1350 220 1352 220 1352 220 1358 214 1359 214 1408 214 1410 201 1407 165 1266 159 1264 159 1264 159 1245 165 1240 166 1234 166 1221 159 1221 159 1220 159 1218 159 1204 166 1198 170 1028 170 1020 166 1006 160 1005 160 962 160 960 160 958 160 957 160 951 166 950 168 940 166 904 162 903 162 874 168 858 171 789 168 682 165 630 165 628 165 628 165 627 165 620 170 614 172 549 171 550 212"/></Shape>
            <String CONTENT="σράγ ſελλε vſum eſſe Paulũ putant, non autẽ voce" HPOS="549" VPOS="159" WIDTH="861" HEIGHT="69" WC="0.9756332647566702"/>
          </TextLine>
          <TextLine ID="line_4" TAGREFS="LT8" BASELINE="548 258 1407 249" HPOS="546" VPOS="210" WIDTH="861" HEIGHT="69">
            <Shape><Polygon POINTS="548 258 548 272 632 279 633 279 634 279 668 270 669 270 670 270 678 278 678 278 680 278 681 278 682 279 720 279 720 278 722 278 722 278 722 278 732 270 732 268 801 268 807 268 868 278 870 278 870 278 892 267 894 267 964 267 988 267 999 274 999 274 1000 274 1002 274 1004 274 1005 274 1017 267 1116 272 1116 272 1118 272 1119 272 1126 266 1136 273 1137 273 1138 273 1140 274 1179 274 1179 273 1179 273 1180 273 1194 264 1252 272 1252 272 1254 272 1270 264 1376 272 1377 272 1378 272 1407 261 1407 249 1407 222 1377 210 1376 210 1302 210 1302 210 1300 210 1299 210 1282 222 1252 214 1251 214 1250 214 1248 214 1234 220 1218 212 1216 212 1215 212 1179 220 1158 214 1156 214 1155 214 1154 214 1154 214 1137 224 1136 225 1030 225 1030 225 1020 216 1018 216 1018 216 982 214 981 214 948 222 884 214 882 214 882 214 880 214 866 228 864 228 770 228 770 228 741 218 740 218 740 218 705 225 684 218 684 218 682 218 681 218 680 218 664 228 664 230 546 230 548 258"/></Shape>
            <String CONTENT="λέγε, vel διδασκο, quòd diuitum ingenium ſubii¬" HPOS="546" VPOS="210" WIDTH="861" HEIGHT="69" WC="0.997212253054794"/>
          </TextLine>
          <TextLine ID="line_5" TAGREFS="LT8" BASELINE="546 308 1408 298" HPOS="544" VPOS="262" WIDTH="864" HEIGHT="64">
            <Shape><Polygon POINTS="546 308 546 320 668 327 669 327 768 320 792 316 939 316 954 318 999 324 999 324 1000 324 1002 324 1011 318 1011 318 1016 318 1104 322 1104 322 1106 322 1107 322 1114 316 1116 315 1130 316 1160 320 1160 320 1202 316 1224 314 1233 316 1252 321 1252 321 1254 321 1407 314 1408 298 1406 267 1302 272 1296 268 1286 262 1284 262 1282 262 1233 270 1209 272 1198 270 1180 264 1179 264 1179 264 1178 264 1162 270 1158 272 1148 270 1119 264 1118 264 1116 264 1104 272 1098 274 1056 274 1052 272 1040 264 1038 264 1036 264 999 272 987 274 981 272 960 266 958 266 957 266 956 266 936 273 932 276 861 276 855 274 834 268 832 268 832 268 831 268 813 274 810 276 808 274 792 267 790 267 789 267 789 267 765 276 762 278 760 276 752 268 750 268 748 268 722 268 720 268 718 268 698 278 698 278 696 278 681 270 680 270 678 270 644 272 642 272 640 272 634 278 633 279 544 279 546 308"/></Shape>
            <String CONTENT="ciendum ſit, &amp; contundendum, cùm nimiùm per" HPOS="544" VPOS="262" WIDTH="864" HEIGHT="64" WC="0.9983080956670973"/>
          </TextLine>
          <TextLine ID="line_6" TAGREFS="LT8" BASELINE="548 356 1408 345" HPOS="546" VPOS="308" WIDTH="862" HEIGHT="60">
            <Shape><Polygon POINTS="548 356 548 368 1407 360 1408 345 1407 318 1230 308 1228 308 1227 308 1208 318 1200 321 972 322 962 318 948 312 946 312 930 312 928 312 927 312 926 312 920 318 912 324 870 324 862 318 856 314 855 314 854 314 852 314 770 314 768 314 766 314 762 318 754 322 747 318 740 314 738 314 736 314 735 314 720 318 692 326 638 318 621 316 620 316 618 316 610 318 588 324 579 318 578 316 576 316 574 316 573 316 546 318 548 356"/></Shape>
            <String CONTENT="ſe ſemper inſoleſcat. Certum autem eſt hoc vo¬" HPOS="546" VPOS="308" WIDTH="862" HEIGHT="60" WC="0.9980042693407639"/>
          </TextLine>
          <TextLine ID="line_7" TAGREFS="LT8" BASELINE="548 405 1408 396" HPOS="546" VPOS="357" WIDTH="862" HEIGHT="64">
            <Shape><Polygon POINTS="548 405 548 422 670 414 699 414 706 420 708 422 710 422 710 422 711 422 712 422 718 420 736 416 846 418 944 418 945 418 946 418 958 416 969 412 994 414 1036 418 1036 418 1038 418 1060 412 1072 411 1077 412 1086 418 1088 418 1089 418 1134 412 1137 412 1142 412 1212 417 1214 417 1215 417 1215 417 1221 412 1227 417 1228 417 1230 417 1232 418 1282 418 1282 417 1408 406 1408 396 1407 369 1299 357 1298 357 1296 357 1296 357 1275 369 1254 369 1242 358 1240 358 1240 358 1179 358 1178 358 1176 358 1174 358 1154 370 1086 360 1084 360 1083 360 1036 374 960 374 938 362 938 362 936 362 934 362 906 375 868 375 854 363 852 363 850 363 832 363 832 363 831 363 830 363 830 363 820 372 812 368 810 368 808 368 808 368 782 375 718 375 690 363 688 363 687 363 686 363 684 363 666 375 648 364 648 364 646 364 645 364 628 370 594 364 592 364 592 364 546 376 548 405"/></Shape>
            <String CONTENT="cabulo ſeriam admonitionem à Paulo ſignificari" HPOS="546" VPOS="357" WIDTH="862" HEIGHT="64" WC="0.9959978017401188"/>
          </TextLine>
          <TextLine ID="line_8" TAGREFS="LT8" BASELINE="549 453 1407 444" HPOS="549" VPOS="406" WIDTH="858" HEIGHT="70">
            <Shape><Polygon POINTS="1128 414 1116 414 1110 414 1108 416 1104 418 1094 416 1089 414 1080 414 1066 414 1060 414 1059 416 1048 420 999 420 992 416 987 414 982 414 975 414 974 416 966 422 918 422 908 416 906 414 898 414 886 414 874 414 870 414 870 416 862 423 837 423 831 417 826 414 826 414 814 414 810 414 800 417 772 422 754 417 746 414 741 414 729 414 717 414 705 414 693 414 681 414 669 414 657 414 648 414 639 417 616 423 549 418 549 453 549 472 592 477 592 477 594 477 596 477 602 472 609 466 657 464 776 464 806 470 832 474 832 474 834 474 854 468 876 462 938 462 948 468 962 474 962 474 963 474 1078 472 1080 472 1102 466 1110 464 1128 465 1173 471 1174 471 1176 471 1191 465 1204 459 1256 464 1305 468 1306 470 1330 470 1330 468 1332 468 1332 468 1340 462 1342 460 1347 462 1358 468 1359 468 1360 468 1407 462 1407 444 1402 414 1358 416 1354 414 1344 406 1342 406 1341 406 1302 406 1302 406 1264 414 1252 417 1240 414 1200 406 1198 406 1197 406 1197 406 1188 414 1184 418 1136 418 1130 414 1128 412 1128 414"/></Shape>
            <String CONTENT="quæ diuitibus à paſtore, &amp; crebrò quidem, ſubii¬" HPOS="549" VPOS="406" WIDTH="858" HEIGHT="70" WC="0.9844443821907043"/>
          </TextLine>
          <TextLine ID="line_9" TAGREFS="LT8" BASELINE="549 502 938 500" HPOS="549" VPOS="494" WIDTH="388" HEIGHT="30">
            <Shape><Polygon POINTS="934 494 922 494 910 494 898 494 886 494 874 494 862 494 850 494 838 494 826 494 814 494 801 494 789 494 777 494 765 494 753 494 741 494 729 494 717 494 705 494 693 494 681 494 669 494 657 494 645 494 633 494 621 494 609 494 597 494 585 494 573 494 561 494 549 494 549 502 550 524 578 514 642 520 676 524 678 524 938 510 938 500 934 494 934 494"/></Shape>
            <String CONTENT="erdeotc at medicauis" HPOS="549" VPOS="494" WIDTH="388" HEIGHT="30" WC="0.9639893725514412"/>
          </TextLine>
        </TextBlock>
        <TextBlock HPOS="548" VPOS="516" WIDTH="861" HEIGHT="96" ID="block_4" TAGREFS="BT3419">
          <Shape><Polygon POINTS="548 516 1409 516 1409 612 548 612 548 516"/></Shape>
          <TextLine ID="line_10" TAGREFS="LT8" BASELINE="597 549 1407 543" HPOS="597" VPOS="504" WIDTH="810" HEIGHT="66">
            <Shape><Polygon POINTS="597 566 670 570 672 570 672 570 692 566 705 561 718 564 744 570 746 570 746 570 768 564 777 561 783 564 795 570 796 570 798 570 850 562 873 561 876 562 884 568 885 568 886 568 888 570 969 570 969 568 970 568 972 568 982 561 987 560 1026 560 1034 561 1050 567 1052 567 1053 567 1054 567 1077 561 1078 561 1080 561 1095 567 1096 567 1098 568 1172 568 1172 567 1173 567 1188 560 1190 560 1191 560 1214 564 1215 564 1215 564 1216 564 1222 560 1226 558 1320 558 1323 558 1346 567 1346 567 1347 567 1407 556 1407 543 1404 504 1358 506 1358 506 1340 513 1278 513 1264 504 1264 504 1263 504 1262 504 1260 504 1258 504 1228 513 1209 506 1208 504 1206 504 1204 504 1166 506 1166 506 1164 506 1149 516 1104 516 1086 506 1084 506 1083 506 1082 506 1080 506 1080 506 1064 514 1053 506 1053 506 1052 506 1050 506 1048 506 1042 506 999 516 942 516 928 507 928 506 927 506 926 506 890 506 888 506 888 506 885 507 870 514 862 507 861 507 860 507 858 507 858 507 844 513 832 507 831 507 830 507 828 507 826 507 826 507 796 518 777 507 776 507 774 507 772 507 771 507 768 508 735 518 627 518 597 510 597 549 597 566"/></Shape>
            <String CONTENT="Iam verò quid illis præcipiat videndum eſt." HPOS="597" VPOS="504" WIDTH="810" HEIGHT="66" WC="0.9897199693051252"/>
          </TextLine>
          <TextLine ID="line_11" TAGREFS="LT8" BASELINE="549 602 1245 594" HPOS="549" VPOS="555" WIDTH="696" HEIGHT="68">
            <Shape><Polygon POINTS="549 602 549 610 573 621 574 621 576 622 645 622 645 621 646 621 666 612 716 620 717 620 718 620 720 620 729 612 730 610 734 612 758 620 759 620 759 620 819 618 820 618 834 612 840 609 896 609 950 612 968 614 969 614 986 612 1060 608 1086 614 1100 616 1101 616 1102 616 1104 616 1104 615 1106 614 1113 608 1136 614 1142 615 1142 615 1143 615 1144 615 1146 615 1148 614 1154 608 1204 606 1215 612 1215 612 1216 612 1218 612 1220 612 1221 612 1227 606 1242 614 1245 594 1244 564 1210 555 1209 555 1209 555 1208 555 1185 562 1185 564 1120 566 1095 566 1094 562 1086 556 1086 555 1086 555 1084 555 1083 555 1082 555 1058 562 1056 562 1038 555 1036 555 1036 555 1035 555 1016 562 1008 566 990 562 952 556 951 556 920 562 894 567 880 562 867 558 866 558 837 558 836 558 834 558 832 558 832 560 830 561 825 567 795 561 774 560 772 560 771 560 764 561 746 567 702 561 681 560 680 560 678 560 672 561 652 568 549 561 549 602"/></Shape>
            <String CONTENT="In quo hæc duo ſunt nobis obſeruanda." HPOS="549" VPOS="555" WIDTH="696" HEIGHT="68" WC="0.9838731240581822"/>
          </TextLine>
        </TextBlock>
        <TextBlock HPOS="548" VPOS="614" WIDTH="863" HEIGHT="146" ID="block_5" TAGREFS="BT3419">
          <Shape><Polygon POINTS="548 614 1410 614 1410 760 548 760 548 614"/></Shape>
          <TextLine ID="line_12" TAGREFS="LT8" BASELINE="555 648 1410 642" HPOS="554" VPOS="604" WIDTH="856" HEIGHT="64">
            <Shape><Polygon POINTS="1132 610 1120 610 1110 610 1066 616 1048 610 1048 610 1036 610 1024 610 1005 616 986 610 975 610 963 610 951 610 939 610 927 610 884 615 876 610 867 610 855 610 854 610 832 615 776 610 771 610 759 610 746 610 734 610 732 610 720 620 708 610 706 610 705 610 704 610 704 610 690 616 654 610 650 610 640 610 628 620 604 612 603 612 602 612 554 621 555 648 555 660 632 660 633 660 651 669 652 669 654 669 732 663 765 668 766 668 768 668 770 668 780 660 783 658 784 660 795 666 796 666 798 666 800 666 812 660 813 660 814 660 822 666 824 666 825 666 864 668 864 668 866 668 886 660 898 657 933 660 956 663 956 663 970 660 990 658 999 662 1011 666 1012 666 1014 666 1016 666 1028 662 1029 660 1029 662 1035 666 1036 666 1036 666 1038 666 1090 662 1107 660 1116 662 1136 666 1136 666 1137 666 1146 662 1162 656 1227 663 1246 664 1248 664 1250 664 1251 664 1252 663 1266 654 1318 654 1329 663 1330 664 1332 664 1332 664 1334 664 1410 663 1410 642 1407 616 1352 615 1340 604 1338 604 1336 604 1335 604 1227 616 1174 616 1150 606 1149 606 1148 606 1134 608 1132 610"/></Shape>
            <String CONTENT="1 Quædam enim à diuitibus euitari præcipit," HPOS="554" VPOS="604" WIDTH="856" HEIGHT="64" WC="0.9881997718052431"/>
          </TextLine>
          <TextLine ID="line_13" TAGREFS="LT8" BASELINE="549 696 1406 688" HPOS="549" VPOS="662" WIDTH="856" HEIGHT="62">
            <Shape><Polygon POINTS="1140 688 1128 690 1116 690 1104 690 1092 690 1080 690 1066 690 1054 690 1042 690 1030 690 1018 690 1006 690 994 690 982 690 970 690 958 690 946 690 934 690 922 690 910 690 898 690 886 690 874 690 862 690 850 690 838 690 826 690 814 690 801 690 789 690 777 690 765 690 753 690 741 690 729 690 717 690 705 690 693 690 681 690 669 690 657 690 645 690 633 690 621 690 609 690 597 690 585 690 573 690 561 690 549 690 549 696 549 716 604 716 630 723 632 723 633 723 634 723 634 723 650 714 660 714 690 714 702 714 822 722 824 722 825 722 844 714 848 712 854 714 888 722 888 722 920 716 975 722 975 722 976 722 993 714 1008 720 1010 720 1011 720 1058 712 1064 712 1068 712 1118 720 1119 720 1214 712 1234 711 1238 712 1252 718 1252 718 1254 718 1256 718 1268 712 1269 712 1406 712 1406 688 1402 664 1176 662 1174 662 1144 668 1140 688"/></Shape>
            <String CONTENT="vernoafas comices, de diuſtiarun infœliciſſimas" HPOS="549" VPOS="662" WIDTH="856" HEIGHT="62" WC="0.9872033621402497"/>
          </TextLine>
          <TextLine ID="line_14" TAGREFS="LT8" BASELINE="549 746 772 744" HPOS="548" VPOS="708" WIDTH="225" HEIGHT="57">
            <Shape><Polygon POINTS="549 746 549 765 772 765 772 744 771 717 752 710 750 710 748 710 747 710 717 716 706 708 705 708 704 708 674 708 672 708 672 708 670 708 657 716 603 711 602 711 548 718 549 746"/></Shape>
            <String CONTENT="appendices." HPOS="548" VPOS="708" WIDTH="225" HEIGHT="57" WC="0.9978866414590315"/>
          </TextLine>
        </TextBlock>
        <TextBlock HPOS="550" VPOS="760" WIDTH="862" HEIGHT="97" ID="block_6" TAGREFS="BT3419">
          <Shape><Polygon POINTS="550 760 1412 760 1412 857 550 857 550 760"/></Shape>
          <TextLine ID="line_15" TAGREFS="LT8" BASELINE="580 792 1408 788" HPOS="579" VPOS="741" WIDTH="830" HEIGHT="78">
            <Shape><Polygon POINTS="580 792 582 814 608 807 654 807 666 814 666 814 668 814 706 819 708 819 734 814 789 806 861 806 876 813 878 813 879 813 928 806 969 814 988 818 990 818 1140 816 1161 813 1196 807 1234 813 1246 814 1248 814 1257 813 1284 807 1306 813 1316 814 1317 814 1318 814 1408 812 1408 788 1407 753 1390 741 1389 741 1388 741 1388 741 1305 747 1275 741 1274 741 1272 741 1270 741 1250 754 1202 754 1182 742 1180 742 1179 742 1179 742 1020 754 994 742 993 742 993 742 948 752 933 744 932 744 854 744 852 744 850 744 850 744 850 746 840 753 824 746 822 746 820 746 766 758 752 748 750 748 748 748 747 748 746 748 734 758 666 752 664 752 579 758 580 792"/></Shape>
            <String CONTENT="2 Quædam verò ab iiſdem diuitibus ſtudioſe" HPOS="579" VPOS="741" WIDTH="830" HEIGHT="78" WC="0.9801686711089556"/>
          </TextLine>
          <TextLine ID="line_16" TAGREFS="LT8" BASELINE="546 844 962 840" HPOS="544" VPOS="798" WIDTH="417" HEIGHT="66">
            <Shape><Polygon POINTS="546 844 546 864 580 856 633 864 639 864 640 864 648 864 706 856 728 862 728 862 729 862 730 862 732 862 732 861 738 856 766 862 771 862 771 862 776 862 813 856 844 862 844 862 846 862 848 862 864 855 960 861 962 840 957 808 936 808 934 808 922 798 921 798 920 798 920 798 918 798 892 807 876 802 874 802 873 802 838 808 822 798 820 798 820 798 819 798 771 806 746 800 746 800 744 800 742 800 704 810 626 801 624 801 622 801 586 812 560 804 558 804 556 804 555 804 555 804 544 808 546 844"/></Shape>
            <String CONTENT="præſtari &amp; ſuſcipi vult." HPOS="544" VPOS="798" WIDTH="417" HEIGHT="66" WC="0.99955153465271"/>
          </TextLine>
        </TextBlock>
        <TextBlock HPOS="547" VPOS="858" WIDTH="871" HEIGHT="867" ID="block_7" TAGREFS="BT3408">
          <Shape><Polygon POINTS="547 858 1418 858 1418 1725 547 1725 547 858"/></Shape>
          <TextLine ID="line_17" TAGREFS="LT8" BASELINE="597 891 1407 884" HPOS="596" VPOS="840" WIDTH="812" HEIGHT="74">
            <Shape><Polygon POINTS="597 891 597 903 638 903 639 903 650 912 650 914 651 914 652 914 654 914 654 914 687 903 688 903 690 903 752 910 753 910 753 910 754 910 754 909 764 902 765 902 771 902 820 906 820 906 860 900 867 900 956 900 987 912 987 912 988 912 1056 910 1058 910 1086 900 1104 910 1104 910 1106 910 1222 904 1270 909 1270 909 1272 909 1290 903 1366 908 1368 908 1370 908 1407 896 1407 884 1407 854 1365 840 1364 840 1364 840 1362 840 1320 852 1306 840 1305 840 1304 840 1270 840 1270 840 1188 844 1186 844 1172 852 1137 842 1136 842 1136 842 1134 842 1132 842 1119 850 1080 843 1080 843 1078 843 1053 855 998 850 996 850 940 856 920 844 920 844 918 844 916 844 898 855 870 848 870 848 868 848 867 848 838 856 838 856 830 856 720 850 718 850 717 850 716 850 716 850 710 858 708 858 686 858 645 856 612 846 610 846 610 846 609 846 608 846 596 855 597 891"/></Shape>
            <String CONTENT="Ergo duo maximè vult effagi à diuitibus, ſu¬" HPOS="596" VPOS="840" WIDTH="812" HEIGHT="74" WC="0.9788921799348749"/>
          </TextLine>
          <TextLine ID="line_18" TAGREFS="LT8" BASELINE="546 940 1408 932" HPOS="544" VPOS="896" WIDTH="864" HEIGHT="66">
            <Shape><Polygon POINTS="546 940 546 962 579 962 579 962 580 962 582 962 591 954 710 960 712 960 714 960 716 960 716 960 724 952 759 957 759 957 798 951 842 951 852 958 854 958 855 958 856 958 858 958 876 951 926 957 927 957 970 950 1131 956 1132 956 1134 956 1136 956 1136 956 1144 950 1182 956 1184 956 1185 956 1185 956 1194 948 1203 956 1203 956 1204 956 1206 956 1264 956 1276 956 1276 956 1278 956 1280 956 1292 946 1306 954 1308 954 1308 956 1407 956 1408 932 1407 903 1370 897 1370 897 1220 903 1197 896 1197 896 1196 896 1142 904 1083 897 1082 897 1080 897 1066 903 1040 898 1038 898 1036 898 1036 898 1024 906 963 900 962 900 862 906 812 900 810 900 808 900 808 900 796 906 717 900 716 900 716 900 698 908 678 900 676 900 675 900 674 900 658 909 648 902 648 902 646 902 567 902 566 902 564 902 544 909 546 940"/></Shape>
            <String CONTENT="perbiam animi nimirum, &amp; ſpem vanam, quæ" HPOS="544" VPOS="896" WIDTH="864" HEIGHT="66" WC="0.9986574962735176"/>
          </TextLine>
          <TextLine ID="line_19" TAGREFS="LT8" BASELINE="544 988 1412 982" HPOS="543" VPOS="944" WIDTH="868" HEIGHT="63">
            <Shape><Polygon POINTS="544 988 544 999 636 1006 638 1006 639 1006 640 1006 652 999 674 1006 675 1006 676 1006 678 1006 678 1006 687 999 730 999 765 999 766 999 780 1005 782 1005 783 1006 867 1006 867 1005 868 1005 890 998 892 998 896 998 932 1005 932 1005 1004 998 1005 998 1006 998 1041 1005 1042 1005 1042 1005 1062 996 1065 996 1082 996 1209 1004 1210 1004 1212 1004 1244 994 1246 994 1248 994 1264 1002 1264 1002 1266 1004 1374 1004 1374 1002 1410 993 1412 982 1406 946 1395 952 1330 948 1278 944 1276 944 1252 950 1227 956 1062 956 1046 951 1023 946 944 946 942 946 940 946 939 946 932 952 928 956 926 952 909 946 908 946 906 946 868 952 802 948 801 948 771 956 765 956 759 956 730 948 729 948 728 948 728 948 708 956 705 956 702 956 658 950 657 950 656 950 634 957 632 958 543 958 544 988"/></Shape>
            <String CONTENT="ex opum abundantia ab illis concipitur. Vtrun¬" HPOS="543" VPOS="944" WIDTH="868" HEIGHT="63" WC="0.9892407046711963"/>
          </TextLine>
          <TextLine ID="line_20" TAGREFS="LT8" BASELINE="544 1036 1412 1029" HPOS="543" VPOS="992" WIDTH="868" HEIGHT="64">
            <Shape><Polygon POINTS="544 1036 544 1056 596 1048 640 1056 646 1056 648 1056 648 1056 650 1056 668 1048 680 1054 681 1054 682 1054 684 1054 711 1048 726 1054 728 1054 728 1056 771 1056 771 1054 782 1054 880 1047 926 1054 932 1054 932 1054 938 1054 978 1046 1071 1046 1083 1053 1084 1053 1086 1053 1086 1053 1092 1053 1130 1044 1160 1052 1161 1052 1162 1052 1164 1052 1179 1044 1328 1050 1341 1050 1342 1050 1344 1050 1346 1050 1372 1042 1410 1048 1412 1029 1408 1002 1305 992 1304 992 1302 992 1302 992 1302 993 1292 999 1215 993 1215 993 1214 993 1188 1000 1140 993 1138 993 1137 993 1136 993 1119 1004 1086 993 1086 993 1084 993 1083 993 1060 1000 1005 993 1005 993 1004 993 1002 993 990 1004 850 999 850 999 849 999 831 1005 759 996 758 996 756 996 754 996 741 1006 718 1006 690 996 688 996 687 996 543 1008 544 1036"/></Shape>
            <String CONTENT="que ſanè vitium non modò diuitibus familiare" HPOS="543" VPOS="992" WIDTH="868" HEIGHT="64" WC="0.9813064466352048"/>
          </TextLine>
          <TextLine ID="line_21" TAGREFS="LT8" BASELINE="544 1084 1408 1078" HPOS="543" VPOS="1040" WIDTH="866" HEIGHT="66">
            <Shape><Polygon POINTS="544 1084 544 1098 684 1098 690 1098 710 1104 710 1104 711 1104 744 1098 765 1096 778 1100 798 1104 800 1104 801 1104 801 1104 802 1104 802 1104 808 1100 813 1096 864 1096 876 1100 890 1104 891 1104 892 1106 944 1106 944 1104 945 1104 960 1100 978 1095 1047 1095 1071 1101 1080 1104 1082 1104 1083 1104 1149 1104 1149 1104 1150 1104 1152 1104 1154 1101 1164 1095 1304 1102 1314 1102 1316 1102 1317 1102 1318 1102 1330 1095 1407 1102 1408 1078 1407 1046 1323 1040 1322 1040 1288 1047 1270 1048 1252 1047 1206 1040 1204 1040 1203 1040 1173 1048 1161 1052 1118 1052 1113 1048 1100 1042 1098 1042 1098 1042 1096 1042 1080 1048 1077 1048 1074 1048 1042 1041 1042 1041 1041 1041 1040 1041 1023 1048 1022 1050 1018 1048 1005 1041 1005 1041 1004 1041 976 1041 975 1041 975 1041 940 1050 933 1053 876 1053 872 1050 848 1042 846 1042 844 1042 844 1042 843 1042 831 1052 826 1052 780 1046 778 1046 735 1053 730 1053 729 1053 710 1042 710 1042 708 1042 706 1042 705 1042 694 1050 660 1047 660 1047 658 1047 646 1053 636 1044 636 1042 634 1042 634 1042 584 1042 582 1042 580 1042 579 1042 567 1054 543 1054 544 1084"/></Shape>
            <String CONTENT="eſt: ſed cõnatum &amp; penè à diuitijs inſeparabile," HPOS="543" VPOS="1040" WIDTH="866" HEIGHT="66" WC="0.9732956442178464"/>
          </TextLine>
          <TextLine ID="line_22" TAGREFS="LT8" BASELINE="543 1134 1413 1128" HPOS="543" VPOS="1090" WIDTH="870" HEIGHT="63">
            <Shape><Polygon POINTS="543 1134 543 1148 608 1146 610 1148 624 1154 626 1154 627 1154 660 1148 668 1146 674 1148 710 1154 711 1154 712 1154 732 1146 738 1143 999 1142 1008 1144 1030 1150 1032 1150 1034 1150 1086 1144 1098 1150 1100 1150 1101 1152 1194 1152 1194 1150 1298 1142 1316 1142 1328 1142 1390 1149 1392 1149 1394 1149 1413 1142 1413 1128 1410 1100 1330 1090 1329 1090 1328 1090 1326 1090 1314 1100 1296 1094 1296 1094 1294 1094 1245 1100 1244 1100 1221 1092 1220 1092 1218 1092 1216 1092 1197 1100 1166 1092 1166 1092 1164 1092 1162 1092 1161 1092 1148 1101 1146 1101 1116 1092 1116 1092 1114 1092 1113 1092 1083 1101 1082 1101 1080 1101 1060 1092 1059 1092 981 1092 980 1092 978 1092 952 1102 950 1102 939 1102 820 1092 820 1092 819 1092 818 1092 806 1102 777 1098 776 1098 708 1104 698 1104 698 1104 682 1094 681 1094 680 1094 628 1094 627 1094 626 1094 624 1094 614 1104 543 1104 543 1134"/></Shape>
            <String CONTENT="cumiiſque coaleſcens &amp; ab incunabulis creſcẽs," HPOS="543" VPOS="1090" WIDTH="870" HEIGHT="63" WC="0.992396964671764"/>
          </TextLine>
          <TextLine ID="line_23" TAGREFS="LT8" BASELINE="546 1182 1407 1182" HPOS="546" VPOS="1142" WIDTH="861" HEIGHT="64">
            <Shape><Polygon POINTS="546 1182 546 1197 561 1204 561 1204 562 1204 564 1204 585 1197 592 1196 597 1197 606 1204 608 1204 609 1204 610 1206 632 1206 632 1204 633 1204 656 1198 672 1194 692 1198 722 1204 722 1204 723 1204 741 1198 756 1194 855 1194 866 1198 876 1204 878 1204 879 1206 906 1206 906 1204 906 1204 927 1200 944 1196 950 1200 956 1203 956 1204 956 1204 957 1204 958 1206 993 1206 993 1204 994 1204 996 1204 1000 1200 1010 1194 1058 1194 1066 1200 1072 1204 1074 1204 1074 1204 1076 1206 1124 1206 1124 1204 1125 1204 1126 1204 1132 1200 1143 1194 1150 1202 1154 1203 1154 1203 1154 1203 1155 1203 1188 1204 1190 1204 1191 1204 1198 1202 1215 1194 1240 1194 1252 1202 1256 1203 1257 1203 1258 1203 1258 1203 1280 1202 1335 1194 1347 1202 1350 1203 1352 1203 1352 1203 1353 1203 1407 1202 1407 1182 1407 1148 1293 1142 1292 1142 1290 1142 1276 1148 1269 1154 1191 1154 1179 1148 1166 1143 1164 1143 1162 1143 1161 1143 1150 1148 1142 1154 1132 1148 1116 1142 1116 1142 1114 1142 1113 1142 1096 1149 1090 1150 1086 1149 1064 1142 1062 1142 1060 1142 1060 1142 1047 1149 1040 1154 1020 1149 986 1142 984 1142 982 1142 981 1142 974 1149 968 1154 950 1154 934 1149 906 1142 906 1142 904 1142 903 1142 902 1142 892 1149 886 1154 780 1154 774 1150 762 1142 760 1142 759 1142 759 1142 758 1142 756 1142 746 1149 726 1142 724 1142 723 1142 722 1142 722 1142 711 1150 710 1154 700 1150 684 1146 684 1146 682 1146 681 1146 680 1146 672 1150 668 1154 546 1152 546 1182"/></Shape>
            <String CONTENT="vt qui diuitias accipiat, ſimul quoque eadémq;" HPOS="546" VPOS="1142" WIDTH="861" HEIGHT="64" WC="0.9903553762334458"/>
          </TextLine>
          <TextLine ID="line_24" TAGREFS="LT8" BASELINE="546 1230 1412 1226" HPOS="544" VPOS="1191" WIDTH="867" HEIGHT="60">
            <Shape><Polygon POINTS="546 1230 546 1242 567 1250 568 1250 570 1250 572 1250 596 1244 600 1242 692 1242 694 1244 722 1251 723 1251 724 1251 726 1251 728 1251 728 1250 734 1244 736 1240 762 1240 810 1245 886 1250 888 1250 908 1245 926 1240 1130 1240 1142 1245 1149 1248 1150 1248 1152 1248 1154 1248 1154 1248 1156 1245 1164 1239 1185 1245 1191 1248 1192 1248 1194 1248 1216 1246 1288 1239 1408 1246 1412 1226 1408 1200 1308 1191 1306 1191 1305 1191 1304 1191 1293 1200 1246 1200 1200 1191 1198 1191 1197 1191 1197 1191 1197 1192 1188 1200 1186 1202 1089 1202 1088 1200 1053 1192 1052 1192 986 1200 976 1202 970 1202 933 1194 932 1194 844 1202 837 1202 830 1202 762 1194 760 1194 759 1194 734 1202 728 1203 720 1202 686 1196 684 1196 544 1202 546 1230"/></Shape>
            <String CONTENT="manu hæc vitia quodammodo acceptare videa¬" HPOS="544" VPOS="1191" WIDTH="867" HEIGHT="60" WC="0.9956935587383452"/>
          </TextLine>
          <TextLine ID="line_25" TAGREFS="LT8" BASELINE="544 1278 1413 1274" HPOS="543" VPOS="1239" WIDTH="870" HEIGHT="57">
            <Shape><Polygon POINTS="544 1278 544 1288 688 1296 690 1296 690 1296 704 1290 704 1288 844 1288 879 1292 920 1294 921 1294 946 1292 978 1287 993 1292 1000 1294 1002 1294 1004 1294 1005 1294 1005 1294 1008 1292 1017 1287 1058 1292 1077 1294 1078 1294 1090 1292 1118 1287 1186 1293 1197 1293 1197 1293 1208 1293 1294 1286 1410 1293 1413 1274 1412 1250 1388 1239 1386 1239 1384 1239 1341 1246 1296 1239 1296 1239 1294 1239 1293 1239 1282 1250 1258 1250 1248 1240 1248 1239 1246 1239 1246 1239 1224 1239 1222 1239 1221 1239 1221 1239 1209 1248 1143 1240 1142 1240 1142 1240 1140 1240 1130 1250 1122 1250 1086 1250 1082 1250 1042 1240 1042 1240 1041 1240 1040 1240 1028 1250 1024 1251 808 1251 795 1250 771 1245 770 1245 716 1250 678 1252 669 1250 656 1244 654 1244 654 1244 543 1248 544 1278"/></Shape>
            <String CONTENT="tur. Quorum vitiorum vana ſpes eſt animi ſuper¬" HPOS="543" VPOS="1239" WIDTH="870" HEIGHT="57" WC="0.9977174160328317"/>
          </TextLine>
          <TextLine ID="line_26" TAGREFS="LT8" BASELINE="546 1329 1413 1324" HPOS="544" VPOS="1286" WIDTH="868" HEIGHT="63">
            <Shape><Polygon POINTS="546 1329 546 1347 591 1348 592 1348 592 1348 594 1348 594 1347 604 1340 801 1347 831 1347 832 1347 832 1347 834 1347 834 1346 848 1338 932 1338 950 1346 952 1347 954 1347 956 1347 956 1347 960 1346 982 1338 1026 1338 1036 1346 1038 1346 1040 1346 1041 1346 1044 1346 1084 1338 1160 1344 1172 1346 1172 1346 1185 1344 1275 1336 1304 1336 1320 1344 1320 1344 1322 1344 1323 1344 1413 1344 1413 1324 1412 1296 1350 1296 1348 1294 1330 1286 1329 1286 1328 1286 1326 1286 1312 1292 1272 1286 1270 1286 1270 1286 1269 1286 1269 1287 1258 1294 1258 1296 1167 1298 1136 1298 1130 1294 1122 1287 1120 1287 1119 1287 1118 1287 1116 1287 1100 1294 1092 1296 999 1293 872 1288 870 1288 870 1288 861 1292 852 1296 754 1292 710 1288 708 1288 706 1288 705 1288 704 1290 692 1300 658 1300 634 1290 632 1288 630 1288 628 1288 628 1288 627 1288 626 1290 614 1300 578 1300 566 1290 566 1288 564 1288 562 1288 561 1288 544 1288 546 1329"/></Shape>
            <String CONTENT="biæ fons &amp; mater: Ex illa enim hæc producitur," HPOS="544" VPOS="1286" WIDTH="868" HEIGHT="63" WC="0.9782613476981288"/>
          </TextLine>
          <TextLine ID="line_27" TAGREFS="LT8" BASELINE="544 1376 1408 1370" HPOS="543" VPOS="1334" WIDTH="866" HEIGHT="63">
            <Shape><Polygon POINTS="544 1376 544 1396 634 1396 634 1395 634 1395 636 1395 636 1394 648 1388 675 1394 682 1395 684 1395 684 1395 686 1395 687 1394 693 1389 698 1394 699 1394 700 1394 702 1394 708 1394 746 1388 884 1392 915 1392 916 1392 936 1390 1005 1384 1060 1389 1074 1389 1074 1389 1084 1388 1119 1383 1138 1388 1154 1390 1154 1390 1408 1383 1408 1370 1407 1344 1281 1344 1268 1334 1266 1334 1264 1334 1264 1334 1263 1334 1262 1334 1246 1344 1246 1344 1238 1344 1194 1344 1172 1334 1172 1334 1134 1334 1132 1334 1131 1334 1130 1334 1112 1344 1110 1346 1068 1346 1011 1346 999 1335 999 1335 998 1335 976 1335 975 1335 975 1335 974 1335 962 1344 944 1336 942 1336 838 1336 837 1336 836 1336 814 1347 790 1347 778 1347 768 1338 766 1338 765 1338 690 1338 688 1338 687 1338 669 1346 628 1348 622 1348 620 1348 576 1341 574 1341 573 1341 543 1348 544 1376"/></Shape>
            <String CONTENT="tanquam fœtus infœliciſsimus. Id quod exem¬" HPOS="543" VPOS="1334" WIDTH="866" HEIGHT="63" WC="0.9963145755058112"/>
          </TextLine>
          <TextLine ID="line_28" TAGREFS="LT8" BASELINE="548 1426 1412 1418" HPOS="546" VPOS="1386" WIDTH="866" HEIGHT="63">
            <Shape><Polygon POINTS="1137 1390 1125 1390 1113 1390 1101 1390 1089 1390 1088 1390 1086 1392 1080 1395 1005 1395 998 1392 993 1390 993 1390 981 1390 969 1390 966 1392 957 1395 904 1392 888 1390 884 1390 872 1390 860 1390 848 1390 836 1390 825 1390 812 1392 741 1398 724 1392 722 1390 716 1390 704 1390 690 1390 678 1390 666 1390 654 1390 642 1390 630 1390 546 1390 548 1426 548 1446 764 1437 789 1437 798 1442 804 1448 806 1448 807 1448 808 1449 840 1449 840 1448 842 1448 843 1448 852 1442 858 1437 878 1440 909 1446 910 1446 912 1446 932 1438 945 1436 963 1438 999 1444 999 1444 1000 1444 1002 1444 1011 1437 1016 1434 1024 1437 1038 1442 1040 1442 1041 1442 1068 1437 1089 1432 1098 1437 1116 1443 1116 1443 1118 1443 1220 1443 1221 1443 1238 1432 1239 1432 1240 1432 1258 1438 1260 1438 1262 1438 1263 1438 1281 1432 1300 1443 1302 1443 1302 1443 1410 1430 1412 1418 1408 1394 1364 1394 1364 1392 1356 1386 1354 1386 1353 1386 1352 1386 1228 1392 1182 1394 1149 1394 1148 1392 1140 1386 1137 1390"/></Shape>
            <String CONTENT="plo Ezechiæ regis, quanquam aliâs pij, compro¬" HPOS="546" VPOS="1386" WIDTH="866" HEIGHT="63" WC="0.9780981997226147"/>
          </TextLine>
          <TextLine ID="line_29" TAGREFS="LT8" BASELINE="546 1474 1413 1468" HPOS="544" VPOS="1432" WIDTH="868" HEIGHT="63">
            <Shape><Polygon POINTS="546 1474 546 1491 555 1496 555 1496 556 1496 558 1496 579 1490 596 1486 644 1486 672 1490 714 1496 716 1496 770 1494 771 1494 771 1494 777 1490 786 1484 914 1484 938 1491 948 1492 950 1492 950 1492 951 1492 960 1491 978 1484 987 1491 990 1492 992 1492 993 1492 993 1494 1054 1494 1054 1492 1054 1492 1056 1492 1060 1491 1076 1482 1098 1482 1128 1491 1132 1492 1134 1492 1136 1492 1185 1492 1185 1492 1185 1492 1186 1492 1188 1491 1200 1480 1262 1480 1290 1491 1292 1491 1293 1491 1294 1491 1316 1480 1336 1490 1338 1490 1412 1491 1413 1468 1413 1442 1398 1432 1396 1432 1395 1432 1395 1432 1272 1442 1240 1432 1240 1432 1239 1432 1238 1432 1215 1442 1212 1443 1198 1442 1148 1437 1146 1437 1071 1442 1040 1443 1036 1442 1030 1436 1029 1436 1028 1436 1026 1436 1000 1440 996 1442 992 1440 970 1436 969 1436 969 1436 968 1436 952 1440 945 1443 936 1440 915 1436 914 1436 914 1436 912 1436 900 1440 891 1444 882 1440 878 1437 876 1437 876 1437 874 1437 873 1437 860 1440 838 1444 544 1438 546 1474"/></Shape>
            <String CONTENT="batur, qui nimia ſua fœlicitate intumeſcens ſeſe" HPOS="544" VPOS="1432" WIDTH="868" HEIGHT="63" WC="0.9992135738333067"/>
          </TextLine>
          <TextLine ID="line_30" TAGREFS="LT8" BASELINE="544 1521 1413 1515" HPOS="543" VPOS="1479" WIDTH="870" HEIGHT="63">
            <Shape><Polygon POINTS="544 1521 544 1536 554 1542 555 1542 555 1542 556 1542 622 1542 624 1542 626 1542 634 1534 638 1533 666 1534 720 1538 722 1538 740 1536 760 1532 837 1532 849 1536 866 1542 867 1542 868 1542 938 1540 938 1540 939 1540 944 1536 950 1533 956 1536 968 1540 969 1540 969 1542 1040 1542 1040 1540 1041 1540 1053 1536 1077 1530 1202 1536 1203 1536 1203 1536 1222 1530 1287 1538 1292 1538 1293 1538 1294 1538 1296 1538 1296 1536 1305 1528 1346 1528 1371 1538 1372 1538 1374 1539 1413 1539 1413 1515 1412 1488 1346 1479 1346 1479 1252 1486 1236 1490 1136 1490 1134 1486 1126 1480 1126 1480 1125 1480 1124 1480 1122 1480 1074 1486 1050 1490 999 1490 998 1486 992 1480 990 1480 988 1480 987 1480 987 1480 969 1486 968 1486 966 1486 957 1480 956 1480 956 1480 954 1480 952 1480 942 1486 934 1491 904 1491 900 1486 894 1482 894 1482 892 1482 891 1482 849 1486 813 1490 794 1486 774 1482 772 1482 771 1482 765 1486 753 1492 698 1492 651 1486 633 1484 632 1484 630 1484 622 1486 604 1491 591 1486 585 1484 585 1484 584 1484 543 1485 544 1521"/></Shape>
            <String CONTENT="nimium extulit. Iſai.39. Neque id tamen ipſarum" HPOS="543" VPOS="1479" WIDTH="870" HEIGHT="63" WC="0.9997933798647941"/>
          </TextLine>
          <TextLine ID="line_31" TAGREFS="LT8" BASELINE="544 1570 1414 1566" HPOS="543" VPOS="1528" WIDTH="872" HEIGHT="64">
            <Shape><Polygon POINTS="544 1570 544 1586 564 1592 566 1592 567 1593 603 1593 603 1592 604 1592 604 1592 614 1586 616 1586 634 1586 740 1592 741 1592 742 1592 753 1586 765 1581 800 1581 826 1586 850 1592 850 1592 852 1592 854 1592 860 1586 868 1581 898 1581 908 1587 914 1592 915 1592 916 1592 918 1592 962 1592 962 1592 962 1592 963 1592 969 1587 981 1580 1016 1580 1032 1587 1036 1590 1038 1590 1040 1592 1066 1592 1066 1590 1068 1590 1070 1590 1072 1587 1082 1580 1138 1580 1184 1588 1196 1590 1197 1590 1197 1590 1202 1588 1224 1580 1299 1580 1318 1588 1320 1588 1320 1588 1323 1588 1376 1580 1388 1588 1389 1588 1390 1588 1392 1590 1413 1590 1414 1566 1413 1538 1372 1528 1371 1528 1194 1539 1154 1539 1142 1530 1140 1530 1138 1530 1137 1530 1092 1538 1065 1530 1064 1530 1062 1530 1012 1538 950 1530 950 1530 948 1530 946 1530 933 1540 885 1540 866 1530 864 1530 864 1530 796 1538 762 1530 760 1530 759 1530 759 1530 744 1540 664 1540 654 1533 654 1533 652 1533 651 1533 650 1533 648 1533 639 1539 582 1534 580 1534 543 1542 544 1570"/></Shape>
            <String CONTENT="opum, aut rerum, in quibus illæ diuitiæ conſiſtũt," HPOS="543" VPOS="1528" WIDTH="872" HEIGHT="64" WC="0.9919843802265093"/>
          </TextLine>
          <TextLine ID="line_32" TAGREFS="LT8" BASELINE="549 1618 1414 1612" HPOS="548" VPOS="1576" WIDTH="867" HEIGHT="66">
            <Shape><Polygon POINTS="549 1618 549 1636 734 1632 740 1636 746 1641 746 1641 746 1641 747 1641 748 1642 784 1642 784 1641 820 1636 855 1632 873 1636 891 1641 892 1641 894 1641 948 1641 950 1641 957 1636 969 1630 987 1635 1004 1641 1005 1641 1005 1641 1041 1635 1058 1635 1110 1635 1209 1640 1210 1640 1212 1640 1222 1635 1240 1629 1266 1635 1280 1638 1281 1638 1282 1638 1287 1635 1302 1629 1340 1629 1352 1635 1354 1638 1356 1638 1358 1638 1358 1638 1414 1635 1414 1612 1413 1586 1388 1576 1388 1576 1359 1576 1358 1576 1358 1576 1356 1576 1356 1578 1346 1586 1280 1586 1250 1576 1248 1576 1246 1576 1246 1576 1224 1587 1116 1587 1104 1578 1102 1578 1101 1578 1071 1578 1070 1578 1068 1578 1041 1587 1022 1580 1020 1580 1018 1580 892 1588 752 1580 750 1580 748 1580 747 1580 740 1588 651 1590 610 1581 609 1581 548 1592 549 1618"/></Shape>
            <String CONTENT="vitio, aut culpa accidit: ſed noſtra vitioſitate dũ¬" HPOS="548" VPOS="1576" WIDTH="867" HEIGHT="66" WC="0.9874060480099804"/>
          </TextLine>
          <TextLine ID="line_33" TAGREFS="LT8" BASELINE="546 1670 1412 1662" HPOS="544" VPOS="1629" WIDTH="867" HEIGHT="63">
            <Shape><Polygon POINTS="546 1670 546 1682 567 1690 567 1690 568 1690 654 1683 669 1690 670 1690 672 1690 735 1683 746 1682 752 1683 783 1692 783 1692 784 1692 786 1692 788 1692 801 1683 806 1680 834 1680 884 1680 888 1684 897 1690 898 1690 900 1690 900 1690 938 1684 968 1690 969 1690 969 1690 970 1690 981 1684 990 1678 1010 1684 1036 1690 1036 1690 1038 1690 1050 1684 1060 1678 1080 1684 1107 1690 1108 1690 1110 1690 1155 1684 1410 1684 1412 1662 1408 1634 1268 1629 1266 1629 1264 1629 1252 1635 1251 1635 1088 1635 1060 1629 1059 1629 1058 1629 948 1636 854 1629 852 1629 850 1629 830 1638 690 1630 688 1630 634 1632 633 1632 632 1632 622 1640 556 1634 555 1634 555 1634 554 1634 544 1638 546 1670"/></Shape>
            <String CONTENT="taxat, &amp; humani ingenij vanitate, quæ per pec¬" HPOS="544" VPOS="1629" WIDTH="867" HEIGHT="63" WC="0.988799653623415"/>
          </TextLine>
          <TextLine ID="line_34" TAGREFS="LT8" BASELINE="549 1716 1155 1710" HPOS="548" VPOS="1676" WIDTH="608" HEIGHT="64">
            <Shape><Polygon POINTS="549 1716 549 1740 592 1740 592 1740 594 1740 597 1738 616 1728 632 1737 632 1738 633 1738 634 1738 634 1738 636 1738 640 1737 670 1726 726 1734 738 1736 740 1736 740 1736 744 1734 753 1730 760 1732 772 1738 774 1738 776 1738 777 1738 789 1732 801 1726 814 1732 820 1734 822 1734 824 1734 825 1734 826 1734 831 1731 837 1726 842 1731 850 1737 852 1737 854 1737 855 1737 856 1737 874 1730 876 1730 876 1730 894 1737 896 1737 897 1737 898 1737 900 1737 908 1728 914 1725 920 1728 936 1736 938 1736 938 1737 1028 1737 1028 1736 1029 1736 1030 1736 1030 1734 1030 1734 1036 1728 1050 1734 1052 1734 1053 1734 1054 1734 1054 1734 1072 1724 1074 1724 1080 1724 1140 1728 1142 1728 1142 1728 1155 1720 1155 1710 1152 1684 1024 1684 1000 1676 999 1676 999 1676 998 1676 969 1684 948 1676 946 1676 945 1676 944 1676 944 1676 932 1684 921 1677 920 1677 920 1677 918 1677 916 1677 906 1684 892 1677 891 1677 890 1677 888 1677 867 1683 837 1677 836 1677 789 1684 771 1677 770 1677 694 1677 693 1677 692 1677 666 1688 640 1682 640 1682 639 1682 592 1684 585 1680 585 1678 585 1678 584 1678 582 1678 580 1678 548 1689 549 1716"/></Shape>
            <String CONTENT="catum nobis infuſa eſt nimirum." HPOS="548" VPOS="1676" WIDTH="608" HEIGHT="64" WC="0.9980269170576527"/>
          </TextLine>
        </TextBlock>
        <TextBlock HPOS="561" VPOS="1729" WIDTH="860" HEIGHT="55" ID="block_8" TAGREFS="BT3408">
          <Shape><Polygon POINTS="561 1729 1420 1729 1420 1784 561 1784 561 1729"/></Shape>
          <TextLine ID="line_35" TAGREFS="LT8" BASELINE="608 1766 1418 1758" HPOS="606" VPOS="1718" WIDTH="812" HEIGHT="88">
            <Shape><Polygon POINTS="608 1766 609 1806 640 1796 672 1804 672 1804 674 1804 675 1806 741 1806 741 1804 742 1804 744 1804 746 1803 764 1791 838 1802 874 1804 876 1804 950 1803 950 1803 951 1803 957 1797 958 1797 968 1797 1026 1802 1028 1802 1029 1802 1053 1796 1077 1788 1092 1796 1110 1802 1110 1802 1112 1803 1138 1803 1138 1802 1140 1802 1142 1802 1149 1796 1162 1800 1164 1800 1166 1800 1166 1800 1167 1800 1178 1792 1185 1788 1202 1792 1212 1796 1214 1796 1215 1796 1215 1796 1222 1791 1232 1788 1418 1788 1418 1758 1414 1728 1388 1728 1388 1726 1374 1718 1372 1718 1371 1718 1370 1718 1370 1718 1368 1718 1368 1719 1358 1726 1326 1719 1326 1719 1324 1719 1287 1726 1281 1728 1278 1726 1264 1719 1264 1719 1263 1719 1226 1719 1224 1719 1222 1719 1221 1719 1212 1726 1209 1728 1185 1726 1110 1720 1110 1720 1108 1720 1094 1726 1088 1728 1084 1726 1077 1720 1076 1720 1074 1720 1074 1720 1072 1720 1062 1726 1054 1730 1048 1726 1035 1720 1034 1720 1032 1720 1030 1720 1014 1726 999 1732 942 1732 921 1726 904 1720 903 1720 902 1720 900 1720 890 1726 874 1732 848 1725 836 1722 834 1722 795 1722 795 1722 794 1722 788 1725 774 1732 726 1725 716 1724 714 1724 606 1724 608 1766"/></Shape>
            <String CONTENT="Ne hæc vitia rebus ipſis à Deo eſſe iniecta" HPOS="606" VPOS="1718" WIDTH="812" HEIGHT="88" WC="0.9965220093727112"/>
          </TextLine>
        </TextBlock>
        <TextBlock HPOS="1231" VPOS="1775" WIDTH="187" HEIGHT="55" ID="block_9" TAGREFS="BT17">
          <Shape><Polygon POINTS="1231 1775 1417 1775 1417 1830 1231 1830 1231 1775"/></Shape>
          <TextLine ID="line_36" TAGREFS="LT8" BASELINE="1232 1812 1418 1808" HPOS="1230" VPOS="1774" WIDTH="188" HEIGHT="64">
            <Shape><Polygon POINTS="1232 1812 1232 1839 1418 1830 1418 1808 1414 1780 1304 1774 1302 1774 1230 1782 1232 1812"/></Shape>
            <String CONTENT="credantur" HPOS="1230" VPOS="1774" WIDTH="188" HEIGHT="64" WC="0.9955242408646477"/>
          </TextLine>
        </TextBlock>
      </PrintSpace>
    </Page>
  </Layout>
</alto>
