1500 2172
867 117 74 81 742

291 146 288 30 CAPVT VI.

69 176 872 70 ſuo momento non carent. Primum enim oſten¬

72 228 866 68 dunt eſſe duplex diuitum genus. Vnum eorum,

78 279 861 63 qui in hoc ſeculo & rerum terrenarum ratione

70 327 867 58 ſolùm diuites & abundantes cenſeri poſſunt. Hi

70 375 868 66 ſunt, quos vulgus hominum diuites appellat, &

72 428 868 62 de quibus agit hoc loco Paulus. Aliud eſt diuitũ

78 474 861 63 genus, eorũ nempe, qui in futuro ſeculo vel rerũ

74 524 867 62 cœleſtium ſpiritualiúmq; ratione & copia ſunt

72 570 866 64 diuites, opulenti, abundantes, de quibus loqui tur

72 618 868 66 Iac .2. v.5. Paul. 2.Cor.8.v 9. Apoc.2.v.9. Qui di¬

72 668 867 58 uites fide, & bonis operibus diuites, & hæredes in

69 716 867 68 regno Dei dicuntur, quales ſunt omnes verè filij

69 765 868 62 Dei, vtcunque in hoc mundo ſint egentes, atque

69 814 867 64 etiam Iro ipſo, vt eſt in Prouerbio, pauperiores.

74 861 861 64 Qualis fuit Iobus in medijs afflictionibus: qualis

68 906 870 70 item fuit ille lãguens Lazarus, & vlceribus plenus

68 958 867 66 & fame oppreſſus, de quo Luc.16. Præclarè enim

68 1005 867 68 Ambroſius epiſt. 1o.omnis Chriſtianus (vt antea

68 1080 864 40 diaiihusjee lapiens eſt, e diues, rrorum autem

66 1102 862 70 ſpiritualium diuitũ diuitiæ, vt rectè dixit Auguſt.

66 1154 870 68 in ſerm. de verb. Euangel. ſunt non quidem pecu¬

64 1203 867 63 nia, ſed iuſtitia: quæ certè verè ſunt diuitiæ, ne¬

69 1254 864 63 que amitti poſſunt, quemadmodum etiam do¬

66 1299 452 64 cet D. N. Ieſus Chriſtus.

111 1350 822 63 Sed addit quoque alia de cauſa hæc verba

66 1394 864 72 Paul.in hoc ſeculo, vt ipſe contẽptim de his diuitijs

64 1448 867 58 loqueretur, quibus minimè fidendum eſſe de¬

64 1496 868 60 monſtrat, quáſque res eſſe vanas, incertas, cadu¬

64 1542 870 62 cas pronuntiat. Itaque vt diuites ipſos melius de¬

68 1593 862 66 primeret, diuitias eorum huius ſeculi appellat,

63 1640 868 69 id eſt, euanidas & fallaces, & inſtabiles, qualis

60 1689 873 66 eſt huius ipſius ſeculi & mundi conditio, & eorũ

58 1738 870 80 omnium, quæ in eo ſunt. Qua ratione etiam voce

99 1790 74 50 2
