1500 2172
920 135 68 63 676

392 158 286 33 CARVT VI.

120 189 868 63 nihil curioſius. Omnia circumſpectant emiſſi¬

120 238 867 60 tijs ſuis illis oculis, omnia ſpe vorant, omnibus a¬

117 286 873 58 uidè inhiant, & Monedularum more, auro & re¬

118 334 867 60 bus ſuis perpetuò incumbunt & idem faciunt,

122 384 866 63 quod qui in abyſſo fodiunt, vt nempe neque fun¬

120 434 867 63 dum reperiant, neque vnquam ſaccum ſuum (vt

118 482 624 63 loquitur Aggæus cap.1.) impleant.

170 536 818 52 Appellat autem has cupldſtates. Amentes ſiue

120 578 866 60 ſtultas, & Exitioſas ſiue damnoſas Pro ἀνοώτες le¬

122 627 754 63 git vetus interpres ἀνονότος, id eſt, Inutiles.

159 678 830 58 Duplex igitur vitium taxat Paulus in iſtis aua¬

116 726 873 64 rorum & diteſcere cupiẽtiũ animis. I Quod nul¬

116 777 872 60 lum modum vnquam teneant, nullámque ſuæ

116 820 872 62 perſonæ, ſtatus, dignitatis aut ſortis rationem

114 868 870 66 habeant. Itaque planè ſint iſti ſtultorum & furio¬

116 922 867 58 ſorum hominum more inſani, imprudentes, a¬

118 968 860 70 mentes. Ita furioſa appellata eſt cupido opum

117 1012 196 60 à Naſone.

144 1058 837 70 2 Quod etiam ſibi ipſis mala & pericula non

114 1116 867 60 tantùm corporis, ſed etiam animi accerſunt, &

114 1172 867 54 creant. Vnde illis & ἀπολεια (quam vocem ad

112 1215 868 56 corpus refero) & ὄλεθρος (quam vocem ad animũ

110 1264 870 58 argumento 2.Theſſ.1.verſ.9. pertinere puto) tan¬

111 1311 868 62 dem, & meritò quidem, euenit. In quo ipſo non

111 1358 870 66 tantùm ſtultitia ſumma ineſt: ſed etiam miſeria,

112 1410 626 60 infœlicitas, & horrenda conditio.

159 1454 820 68 Hæc autem omnia effecta opponit Paulus illi

112 1504 866 62 laudi & plauſui, quem auaris diteſcentibus, & o¬

112 1551 866 68 pes ſuas augentibus tribuere ſolet mundus cla¬

111 1604 867 57 mãs eos ſolos beatos, fœlices, induſtrios, & ſanos

112 1648 867 66 quibus nihil eſſe & miſerius, & furioſius pronun¬

112 1700 381 62 tiat hîc ſpiritus Dei.

164 1748 818 74 Præterea eo miſerabilior eſt hæc amentia, vt

734 1798 86 82 F.ij.
