1500 2172
363 159 267 33 CABVT V.

864 128 80 63 422

129 186 813 74 11 Porrò iuniores viduas recuſas post-

74 246 867 74 quamenim laſciuire cœperint adnerſus Chri¬

74 306 426 58 stum, nubere volunt.

123 375 818 63 Αʹντίθεσις eſt, ex qua ſuperior ſententia non

68 423 873 66 tantùm illuſtratur: ſed etiam probatur. Ex eo e¬

69 474 870 62 nim, quod ſubiicit Paulus, apparet, cur demum

68 522 872 63 ſexagenarias mulieres allegi voluerit & pręſcri¬

69 570 872 58 pſerit. Varia enim offendicula, quæ à iunioribus

69 618 873 57 oriuntur, id ſuaſerunt. Itaque non ea eſt cauſa

68 669 872 60 cur ſexagenariæ demum eligantur, ne diutius a¬

63 711 878 66 lantur diaconiſſæ ab Eccleſia: ſed ne ſcandalum

68 765 648 62 præbeant vitæ mutatione & laſciuia.

118 813 819 58 Vult autem vt recuſentur iuniores, etiamſi ſe

62 861 878 60 offerant, & paratæ ſint hoc munus acceptare: vel

64 910 876 63 etiam ſi aliâs idoneæ viderentur. Quod verò, ait

63 957 868 66 Paulus παραιτο͂, non eſt eo modo accipiendum,

68 1008 867 63 quaſi in ſolius Timothei arbitrium totam hanc

62 1056 867 60 electionem conferat, quam tum ex Preſbyterij,

62 1104 870 68 tum ex totius. Eccleſiæ conſenſu fieri ſolitam eſſe

62 1154 870 66 certum eſt: ſed ita loquitur Paulus, quòd paſtor

62 1203 870 64 omnium Eccleſiæ actionum & electionum mo¬

58 1252 872 66 derator eſt. Notandũ eſt autẽ, quòd viduas iunio¬

56 1302 876 64 res tantùm recuſari & electas à munere diaconiſ¬

56 1350 876 66 ſæ deponi ac reiici vult, etiamſi poſtea nubant:

56 1400 882 66 non autem præcipit eas excommunicari & eiici

58 1448 873 63 de Eccleſia: vel vſu & participatione Sacra¬

60 1498 872 62 mentorum arceri & prohiberi, quemadmodum

58 1544 873 66 de Nonnis & Virginibus poſtea Synodis ineptiſ¬

56 1592 870 66 ſimis ſancitũ eſt. Atq; vtinã hæc Pauli moderatio

56 1641 880 63 ſemper in Eccleſia locum habuiſſet: ſed poſtea

52 1690 878 68 longius progreſſi ſunt Epiſcopi, maximè poſtquã

51 1742 873 81 nata eſt ſuperſtitioſa illa de cœlibatus merito &
