1500 2172
328 159 260 44 CAPVT V.

861 146 78 64 400

74 184 870 87 beluinæ crudelitatis: vel etiam ſȩuioris quã ferina

78 243 862 74 eſt. Quæ vtraque ab homine debet certè quidem

78 290 862 80 eſſe alieniſſima. Itaque hoc argumentum eſt à re¬

75 357 866 62 pugnantibus humanæ & Chriſtianæ charitati mo

75 387 261 62 ribus ductum.

124 430 812 84 Fidem abnegare eſt non verbis ipſis diſertis

74 484 858 76 abiurare fidem in Chriſtum, illius doctrinam,

75 536 860 70 quam antea amplexus eras, iam exſpuere: ſed vim

70 585 867 70 & fructũ illius ac præcepta, quæ fides Chriſtiana

70 633 866 70 tradit, ſpernere & conculcare. Qua ratione dicit

69 681 862 72 idem Paulus Tit. 1. verſ. 16. multos ore quidem

69 729 858 75 profiteri Chriſtum, qui factis eum abnegent,

70 780 861 74 quoniam illi ſunt Dei verbo immorigeri & re¬

68 825 862 74 belles. Docet autem fides Chriſtiana non tan¬

64 878 861 70 tùm omnem paternitatem & cognationem ho¬

64 922 860 75 minum inter ipſos eſſeà Deo. Itaque ſperni ſine

63 972 856 70 Dei ipſius contemptu non poſſe, vt docet Pau¬

58 1017 864 76 lus Epheſ.3 verſ.15. ſed etiam eam, ex illa paterni

58 1071 862 70 tate, qua Pater Filium generat, quodammodo

58 1120 862 69 profluere. Docet etiam nos eſſe hac lege Deifi¬

56 1170 864 70 lios, vt illi tanquam patri obſequamur, & quã

54 1226 864 64 cuique hoittui deuit paternie eſementiſſimus

54 1270 866 63 curam, prouinciam, locum, & vocationem, eam lu

52 1314 866 70 bẽtiſsimè tueamur: neque eam per incuriam aut

50 1364 867 72 negligentiam deſeramus. Præceptum enim Dei

50 1419 866 63 Honora patrem & matrem etiam parentes ad cu¬

48 1461 864 69 ram liberorum & Domeſticorum ſuorum ob¬

48 1506 153 66 ſtringit.

104 1556 812 70 Videtur autem dici poſſe in iſtos crudeles ali¬

48 1606 861 72 quid amplius, nimirum eos qui ſuos negligunt,

42 1653 868 69 eſſe non tãtum infidelibus peiores: ſed etiam bru

42 1702 862 74 tis ipſis animãtibus deteriores & ſtupidiores, quę

40 1750 855 90 ex ſe nata ſuſcipiũt, fouẽt, amplectũtur, & educãt,
