1500 2172
543 146 80 38 225

672 126 567 45 AD P.TAVC. AD TIM.

536 164 867 72 afferri ad ſuperiorem obiectionem poteſt, quòd

532 220 870 63 tunc temporis, cùm hæc ſcribebat Paulus, nul¬

532 267 868 66 lus erat fidelis magiſtratus, qui piæ & veræ do¬

534 322 867 62 ctrinæ euerſores & corruptores puniret. Itaq; de

534 366 867 60 matæologis aut hypocritis iſtis ad magiſtratum,

537 418 862 62 qui tunc nullus erat, remittendis nihil, & meritò

538 465 864 64 quidem, præſcribit Paulus. De quo argumento

538 512 862 68 prolixa eſt diſputatio Auguſt. aduerſus Donati¬

537 567 93 62 ſtas.

596 618 806 87 6 Est autem quæſtus magnus pietas cũ

537 690 512 70 animo ſua ſorte contento.

580 746 822 69 Mihi videtur totus hic locus eſſe διάβασς ſiue

537 795 866 68 digreſſio in auaros, & diteſcere cupientes homi¬

536 848 866 62 nes, accepta occaſione ex ſuperiori argumento,

534 894 870 63 nimirũ, quòd qui ſanæ doctrinæ non acquieſcũt,

534 938 868 68 id lucri & diteſcendi cupiditate vt plurimum fa¬

534 988 868 66 ciant. Sic Epheſ.5. verſ. 24 inducta comparatio¬

532 1036 872 66 ne carnalis & ſpiritualis coniugij, de Chriſti er¬

536 1086 872 66 ga ſuam Eccleſiam beneficijs latè diſſerit Paulus.

536 1134 872 66 Artificioſè autem Paulus & lepidè etiam hoc lo¬

536 1184 872 66 co & verſiculo, vti & ſuperiore, vtitur ἀνακλάση

534 1239 874 58 retorquens in iſtos homines auaros vocem ipſam

536 1284 872 58 quæſtus, quem tam ſtudioſe & auidèconſectan¬

534 1335 876 60 tur. Ac primũ grauiter perſtringit pungítque eos

537 1382 868 60 qui pietatem lucrum eſſe exiſtimant. Eſt ſanè,

536 1430 870 63 inquit Paulus, pietas & lucrum & quæſtus, iſque

536 1480 870 57 magnus, qui animũ ſua ſorte contentum ſemper

537 1527 872 58 adiunctum affert verè pijs, adeò vt de maioribus

538 1575 874 63 opibus comparandis minimè ſint ſolliciti & an¬

538 1623 872 63 xij. Secundo verò loco docet in quibus rebus ſi¬

538 1671 879 64 tæ ſint veræ, ſtabiléſque diuitiæ. Demum quid

538 1720 862 76 cauſæ ſit, cur angi homines de maioribus copijs

1234 1778 166 66 parandis
