1500 2172
728 120 573 69 AD' I. PAVL. AD TIM.

573 148 81 45 192

567 165 876 84 ſunt Dei dona, certè eſt iniurioſa Quamobrem

568 222 873 80 ſequenda potius eſt illa, & Baſilij, & Hieronymi

568 273 868 76 ad Damaſ. De filio prodigo ſcribentis ſententia,

573 324 867 72 qui omnibus politioribus actibus & humaniori¬

572 372 872 75 bus inſtructum, ſi poteſt fieri, Epiſcopum vult

572 422 870 72 eſſe. Ac ne ſeculares quidem literas, qualis eſt

572 470 872 74 Poëtica, ignorare. Multa enim illæ artes, ad do¬

573 520 870 72 cendum veram Theologiam, adiumenta confe¬

570 568 873 74 runt imprimis autẽ Dialectica, & Phyſica, & ſunt

573 616 873 74 animi noſtri ornamenta. Implendus ſibi quiſque

573 666 870 74 bonis eſt artibus, illæ ſunt animi fruges, vt ait ille

574 712 870 74 in Ætna. Paulum ipſum ſummum fuiſſe Dialecti¬

576 765 872 69 cum, ex illius ſcriptis apparet: & Auguſtinum in

576 814 872 68 omni bonæ literaturæ genere verſatum fuiſſe: ſed

576 860 874 74 maximè in Dialecticis intelligitur, ex illius opu¬

576 908 872 74 ſculis variis, & libris contra Donatiſtas, & alios

576 956 873 74 hæreticos editis. Sed tamen in earum artium ſtu¬

578 1006 873 72 dijs, vel pertractandis, vel perſequendis, modus

576 1054 874 70 adhibeatur. Placet enim hîc illa Neoptolemi a¬

576 1104 882 75 pud Ennium ſententia, Philoſophandum quidem

579 1154 878 72 eſſe, ſed paucis: nam omnino haud placet. Nota

579 1203 874 69 eſt verò hiſtoria de Hieronymo ab angelo in

580 1250 872 75 ſomnis flagellato, quòd Ciceronianorum libro¬

579 1299 878 68 rum lectioni nimium eſſet addictus, vt ipſe ad

584 1346 873 76 Euſtoch.ſcribit de Cuſtod. virginitat. Et hîc vſur¬

584 1395 873 75 pemus illud, Bibi & fugi. Bernard. ſermo.36. in

584 1443 870 74 Cantica cant. Videar fortaſſe in ſugillatione ſciẽ¬

582 1492 872 75 tiæ nimius, & reprehendere doctos, ac prohibe¬

584 1542 872 72 re ſtudia literarum, abſit. Non ignoro quantum

584 1592 870 70 Eccleſiæ profuerint, & proſint literati ſiue ad re¬

584 1640 878 69 fellendos eos, qui ex aduerſo ſunt: ſiue ad ſimpli¬

585 1689 874 69 ces inſtruendos. Ergo, vt rectè ex variis Patrum

585 1734 872 88 ſeriptis deffinitum eſt, & eſt diſtinct.37. degoſtẽ¬

1377 1788 81 82 tur;
