1500 2172
860 105 34 86 70

333 147 282 30 CAPVT VI.

66 166 867 74 pora & tanquam maturitates, quia ſolus eſt Sa¬

68 225 864 56 piens. Et vt in rebus his terrenis & naturalibus,

68 272 867 62 quibus producendis aliquod à Deo definitũ eſt

66 324 867 56 tempus, patientes eſſe ſolemus, veluti anni tem¬

69 372 868 58 peſtates expectamus: frugum maturitatem non

68 422 866 57 præcipitamus, dierum incrementa non vno mo¬

68 466 868 56 mento eſſe lubenter ferimus Iac. 5. verſ.7. ſic in

68 528 867 46 his quoque donis cœleſtibus & ſalutaribus acci¬

62 566 870 60 piendis patienti nos eſſe animo oportet, & legi¬

70 618 864 54 timum eorum reuelandorum tempus expectare.

126 662 810 54 Tribuit autem Paulus Patri eam ſecundi &

70 708 867 62 glorioſi Chriſti aduentus manifeſtationem: at a¬

68 758 867 60 libi Chriſto ipſi videtur vindicari Tit.2.verſ.13.1.

74 806 862 63 Theſſalonic.4. verſ.17. Reſpond. Quia Chriſtus

68 870 868 50 me nouis nomo de mimus propontus eſt, Patri

68 909 868 58 tribuuntur, quæ ſunt propria Dei opera, atque

69 954 866 63 etiam ea ipſa, quæ Chriſto conueniunt quoque,

74 1004 862 57 quatenus ipſe Deus eſt. Sic dicitur Pater ſuſcitaſ¬

72 1048 864 63 ſe Filium: dicitur etiam Filius ſeipſum ſuſcitaſſe.

120 1098 814 63 Beatus, ſolus princeps. &c. Eſt diuinæ maieſta¬

70 1149 867 62 tis deſcriptio ex varijs illius attributis, vt hanc o¬

74 1198 864 60 mnium hominum, quantumuis potentum, viri¬

74 1245 864 60 bus & dignitati opponamus, cùm ab illis propter

75 1294 861 57 Chriſti Euangelium, ſubſannamur vel affligi¬

74 1344 864 58 mur, vel de die aduentus Chriſti, tanquam impe¬

74 1389 864 62 dito, ipſi cogitamus. Maximè verò illo ſeculo

74 1442 864 50 fuit neceſſarium oculos fidelium traducere ab eo

75 1488 866 60 ſplendore, qui in Eccleſiæ hoſtibus apparebat, ad

76 1538 861 50 incomparabilem illam vnius Dei maieſtarem,

75 1634 866 60 thiſcerent pij, qui ſe à potentiſsimis illis rerum

75 1678 868 66 dominis, imperatoribus & Magiſtratibus Roma¬

75 1732 868 72 nis, à faſtuoſis Iudæis, denique ab vniuerſo mũ¬

939 1898 16 76 0
