1500 2172
543 128 716 52 404 AD I. TAVL. AATTIM.

532 168 874 72 profeſſus, idolis poſtea ſacrificauerit, eligi certè

531 222 878 66 non poteſt in Epiſcopũ. Auguſt. epiſt.5o. & eſt in

531 276 873 60 can. Presbyteros & canon. Hi qui poſt, diſt.50.

534 320 873 66 Quòd enim Mar cel. Epiſcopus Roma. poſt fidei

530 374 873 60 abnegationem retentus eſt in Epiſcopatu, pro¬

532 422 874 63 pter magnam eius pœnitentiam factum eſt, quã

530 470 874 60 demonſtrauit. Qui igitur nondum Chriſtum a¬

532 518 873 58 gnoſcentes & profeſſi idolis ſeruierunt, & poſtea

530 568 870 54 ad fidem çonuertuntur: non impediuntur pro¬

531 616 873 64 pterea, ſi cætera habeant, in paſtores Eccleſiæ e¬

530 664 84 70 ligi.

579 710 824 63 Secundo loco quæſitum eſt, Qui accuſati tan¬

530 760 874 63 tùm quidem ſunt criminis publici, non autẽ dam¬

532 810 868 60 nati, vtrum eligendi omnino poſtea nunquã ſint.

531 856 872 62 Inhæret enim quædam labes in iſtis, & opinio

530 906 876 62 turpis apud bonos & graues viros. Reſpon. Hoc

530 954 876 60 totum ex facto pendere. Nam ſi veriſimilis nota

532 1002 872 63 & ſuſpicio infamiæ aut malæ turpiſque vitæ ijs

528 1048 874 64 inhæret, qui accuſati ſunt & non conuicti, eligi

530 1098 873 64 non debẽt, quanquam prorſus non ſint conuicti,

531 1149 872 63 quia Epiſcopum non tantum carere ipſo vitio &

530 1197 873 60 crimine apud Deum oportet: ſed etiam apud ho¬

528 1245 874 57 mines criminis ſuſpicione, vt Eccleſia melius æ¬

528 1294 874 56 dificetur. Sin prorſus innocens eſt pronuntiatus,

530 1344 872 62 maiórque illius integritas inde apparuerit, & e¬

525 1388 876 69 luxerit, eligi & admitti poteſt, etiã is, qui publicè

530 1438 402 57 criminis accuſatus eſt.

576 1482 825 66 Quæſitum denique eſt, vtrum Epiſcopi vel

524 1533 884 63 Presbyteri, vel Diaconi, qui apertè in huiuſmodi

524 1582 873 60 ſcelera inciderint, fuerintque propterea depoſi¬

524 1632 874 57 ti, iterum eligi ad eoſdem vel maióres vel infe¬

519 1678 879 80 riores gradus Eccleſiaſticos poſſint, ſi appareat

1320 1740 76 74 eos
