<?xml version='1.0' encoding='UTF-8'?>
<alto xmlns:xsi="http://www.w3.org/2001/XMLSchema-instance" xmlns="http://www.loc.gov/standards/alto/ns-v4#" xsi:schemaLocation="http://www.loc.gov/standards/alto/ns-v4# http://www.loc.gov/standards/alto/v4/alto-4-2.xsd">
  <Description>
    <MeasurementUnit>pixel</MeasurementUnit>
    <sourceImageInformation>
      <fileName>2013124.jpeg</fileName>
    </sourceImageInformation>
  </Description>
  <Tags>
    <OtherTag ID="BT7" LABEL="CustomZone" DESCRIPTION="block type CustomZone"/><OtherTag ID="BT8" LABEL="DamageZone" DESCRIPTION="block type DamageZone"/><OtherTag ID="BT9" LABEL="DigitizationArtefactZone" DESCRIPTION="block type DigitizationArtefactZone"/><OtherTag ID="BT10" LABEL="DropCapitalZone" DESCRIPTION="block type DropCapitalZone"/><OtherTag ID="BT11" LABEL="GraphicZone" DESCRIPTION="block type GraphicZone"/><OtherTag ID="BT12" LABEL="MainZone" DESCRIPTION="block type MainZone"/><OtherTag ID="BT13" LABEL="MarginTextZone" DESCRIPTION="block type MarginTextZone"/><OtherTag ID="BT14" LABEL="MusicZone" DESCRIPTION="block type MusicZone"/><OtherTag ID="BT15" LABEL="NumberingZone" DESCRIPTION="block type NumberingZone"/><OtherTag ID="BT17" LABEL="QuireMarksZone" DESCRIPTION="block type QuireMarksZone"/><OtherTag ID="BT18" LABEL="RunningTitleZone" DESCRIPTION="block type RunningTitleZone"/><OtherTag ID="BT19" LABEL="SealZone" DESCRIPTION="block type SealZone"/><OtherTag ID="BT20" LABEL="StampZone" DESCRIPTION="block type StampZone"/><OtherTag ID="BT21" LABEL="TableZone" DESCRIPTION="block type TableZone"/><OtherTag ID="BT22" LABEL="TitlePageZone" DESCRIPTION="block type TitlePageZone"/><OtherTag ID="BT3407" LABEL="MainZone-Continued" DESCRIPTION="block type MainZone-Continued"/><OtherTag ID="BT3408" LABEL="MainZone-P" DESCRIPTION="block type MainZone-P"/><OtherTag ID="BT3409" LABEL="MainZone-Head" DESCRIPTION="block type MainZone-Head"/><OtherTag ID="BT3410" LABEL="MainZone-Other" DESCRIPTION="block type MainZone-Other"/><OtherTag ID="BT3411" LABEL="MainZone-Sp" DESCRIPTION="block type MainZone-Sp"/><OtherTag ID="BT3417" LABEL="MainZone-Sp-Continued" DESCRIPTION="block type MainZone-Sp-Continued"/><OtherTag ID="BT3418" LABEL="GraphicZone-Decoration" DESCRIPTION="block type GraphicZone-Decoration"/><OtherTag ID="BT3419" LABEL="MainZone-Entry" DESCRIPTION="block type MainZone-Entry"/><OtherTag ID="BT3420" LABEL="MainZone-Lg" DESCRIPTION="block type MainZone-Lg"/><OtherTag ID="BT3421" LABEL="MainZone-Entry-Continued" DESCRIPTION="block type MainZone-Entry-Continued"/><OtherTag ID="BT3422" LABEL="MarginTextZone-ManuscriptAddendum" DESCRIPTION="block type MarginTextZone-ManuscriptAddendum"/><OtherTag ID="BT3423" LABEL="MainZone-List" DESCRIPTION="block type MainZone-List"/>
    <OtherTag ID="LT7" LABEL="CustomLine" DESCRIPTION="line type CustomLine"/><OtherTag ID="LT8" LABEL="DefaultLine" DESCRIPTION="line type DefaultLine"/><OtherTag ID="LT9" LABEL="DropCapitalLine" DESCRIPTION="line type DropCapitalLine"/><OtherTag ID="LT10" LABEL="HeadingLine" DESCRIPTION="line type HeadingLine"/><OtherTag ID="LT11" LABEL="InterlinearLine" DESCRIPTION="line type InterlinearLine"/><OtherTag ID="LT12" LABEL="MusicLine" DESCRIPTION="line type MusicLine"/>
  </Tags>
  <Layout>
    <Page WIDTH="1500" HEIGHT="2172" PHYSICAL_IMG_NR="120" ID="eSc_dummypage_">
      <PrintSpace HPOS="0" VPOS="0" WIDTH="1500" HEIGHT="2172">
        <TextBlock HPOS="693" VPOS="139" WIDTH="577" HEIGHT="65" ID="block_1" TAGREFS="BT18">
          <Shape><Polygon POINTS="693 139 1269 139 1269 204 693 204 693 139"/></Shape>
          <TextLine ID="line_1" TAGREFS="LT8" BASELINE="690 192 1270 177" HPOS="688" VPOS="141" WIDTH="582" HEIGHT="70">
            <Shape><Polygon POINTS="1122 166 1110 166 1098 166 1086 166 1074 166 1062 166 1050 166 1038 166 1026 166 1014 166 1002 166 990 166 978 166 966 166 954 166 942 166 930 166 918 166 906 166 894 166 891 166 882 166 870 166 858 166 852 166 849 166 846 166 844 166 832 166 820 166 808 166 796 166 784 166 774 166 772 166 760 166 748 166 736 166 724 166 712 166 711 166 711 166 688 166 690 192 690 212 770 212 770 210 771 210 771 210 771 208 772 208 780 202 804 208 822 212 824 212 906 208 906 208 920 204 936 198 952 202 966 207 968 207 969 207 992 202 1017 196 1050 201 1089 204 1090 204 1092 204 1112 198 1136 192 1179 196 1221 201 1222 201 1270 194 1270 177 1269 156 1227 141 1227 141 1226 141 1149 144 1148 144 1148 144 1128 159 1124 159 1122 159 1122 166"/></Shape>
            <String CONTENT="AD I. PAVL. AD TIM." HPOS="688" VPOS="141" WIDTH="582" HEIGHT="70" WC="0.9992912725398415"/>
          </TextLine>
        </TextBlock>
        <TextBlock HPOS="518" VPOS="168" WIDTH="67" HEIGHT="43" ID="block_2" TAGREFS="BT15">
          <Shape><Polygon POINTS="518 168 585 168 585 211 518 211 518 168"/></Shape>
          <TextLine ID="line_2" TAGREFS="LT8" BASELINE="518 196 598 196" HPOS="518" VPOS="170" WIDTH="81" HEIGHT="57">
            <Shape><Polygon POINTS="518 196 518 226 570 225 572 225 598 214 598 196 598 170 518 171 518 196"/></Shape>
            <String CONTENT="318" HPOS="518" VPOS="170" WIDTH="81" HEIGHT="57" WC="0.9999969800313314"/>
          </TextLine>
        </TextBlock>
        <TextBlock HPOS="522" VPOS="206" WIDTH="878" HEIGHT="591" ID="block_3" TAGREFS="BT3407">
          <Shape><Polygon POINTS="522 206 1400 206 1400 797 522 797 522 206"/></Shape>
          <TextLine ID="line_3" TAGREFS="LT8" BASELINE="518 258 1388 234" HPOS="514" VPOS="192" WIDTH="873" HEIGHT="87">
            <Shape><Polygon POINTS="518 258 518 272 561 279 561 279 646 278 648 278 668 270 686 276 687 276 688 276 844 264 855 264 856 264 872 270 873 270 874 270 876 270 896 264 902 262 906 264 920 270 921 270 922 270 972 262 993 258 1090 258 1098 260 1110 264 1110 264 1112 264 1149 258 1178 255 1388 255 1388 234 1383 194 1340 200 1310 196 1286 192 1284 192 1282 192 1282 192 1276 196 1269 202 1244 198 1224 195 1222 195 1221 195 1212 198 1203 202 1194 200 1185 195 1184 195 1182 195 1113 196 1112 196 1086 202 1071 207 1059 204 1034 198 1032 198 1030 198 1030 198 1018 206 1014 208 1004 206 987 202 986 202 951 208 926 212 921 208 914 204 914 204 912 204 910 204 909 204 891 210 880 213 867 210 828 204 826 204 826 204 796 213 789 214 782 214 746 206 746 206 744 206 711 216 710 218 639 219 638 219 609 208 608 208 606 208 514 222 518 258"/></Shape>
            <String CONTENT="poſt hanc vitam: ſed etiam in hac ipſa vita. Bern" HPOS="514" VPOS="192" WIDTH="873" HEIGHT="87" WC="0.9965501865562127"/>
          </TextLine>
          <TextLine ID="line_4" TAGREFS="LT8" BASELINE="518 308 1390 284" HPOS="516" VPOS="246" WIDTH="874" HEIGHT="82">
            <Shape><Polygon POINTS="518 308 518 321 546 328 548 328 675 320 746 324 746 324 792 314 794 314 812 321 813 321 814 321 879 320 938 309 1084 308 1095 314 1096 314 1098 314 1098 314 1100 314 1120 304 1230 303 1244 309 1245 309 1246 309 1298 302 1342 308 1344 308 1346 308 1346 308 1354 302 1376 308 1376 308 1377 308 1378 308 1380 308 1390 298 1390 284 1388 255 1323 255 1280 246 1278 246 1276 246 1254 254 1214 248 1212 248 1210 248 1185 258 1173 249 1172 249 1172 249 1170 249 1112 258 1046 252 1044 252 1042 252 1014 264 981 255 980 255 978 255 886 256 885 256 884 256 872 264 842 258 840 258 838 258 838 258 814 266 759 260 759 260 702 272 702 273 678 273 602 274 592 268 591 268 590 268 588 268 516 278 518 308"/></Shape>
            <String CONTENT="ſermo.4. in Pſal. Qui habitat. Credo in his ſcapu¬" HPOS="516" VPOS="246" WIDTH="874" HEIGHT="82" WC="0.9764691436290741"/>
          </TextLine>
          <TextLine ID="line_5" TAGREFS="LT8" BASELINE="519 356 938 340 1389 333" HPOS="518" VPOS="294" WIDTH="872" HEIGHT="81">
            <Shape><Polygon POINTS="519 356 519 368 564 375 566 375 610 375 612 375 628 366 644 374 645 374 646 374 648 374 648 374 658 366 660 364 674 364 748 370 750 370 752 370 768 363 771 363 776 363 786 369 788 369 789 369 886 363 904 362 908 363 924 366 926 366 926 366 956 362 984 357 1098 358 1158 360 1160 360 1242 357 1244 357 1246 357 1262 350 1388 354 1389 333 1388 302 1356 294 1354 294 1353 294 1324 302 1306 294 1305 294 1304 294 1302 294 1288 302 1269 296 1268 296 1266 296 1264 296 1264 296 1257 302 1256 303 1244 302 1180 297 1179 297 1148 304 1143 304 1140 304 1120 298 1119 298 1118 298 1116 298 1116 298 1108 304 1104 308 1072 308 1066 306 1056 302 1054 302 1054 302 1030 306 1018 308 1005 306 981 302 981 302 956 308 933 312 850 308 828 308 826 308 826 308 824 309 808 314 789 309 780 308 778 308 777 308 771 309 747 318 562 321 518 314 519 356"/></Shape>
            <String CONTENT="lis geminam Dei promiſſionem intelligendam," HPOS="518" VPOS="294" WIDTH="872" HEIGHT="81" WC="0.9968300073645836"/>
          </TextLine>
          <TextLine ID="line_6" TAGREFS="LT8" BASELINE="524 402 1390 381" HPOS="522" VPOS="345" WIDTH="868" HEIGHT="74">
            <Shape><Polygon POINTS="524 402 524 418 1005 412 1053 404 1054 404 1056 404 1100 411 1101 411 1102 411 1119 402 1185 406 1186 406 1188 406 1190 406 1200 400 1376 404 1376 404 1377 404 1378 404 1390 394 1390 381 1388 351 1341 345 1340 345 1288 351 1256 345 1254 345 1252 345 1234 354 1234 354 1232 354 1196 346 1194 346 1119 357 1098 360 1066 360 1065 357 1054 351 1054 351 1053 351 1052 351 1011 358 1000 363 768 366 762 366 726 358 724 358 723 358 706 364 618 362 616 362 616 362 615 362 604 369 603 372 522 372 524 402"/></Shape>
            <String CONTENT="vitæ ſcilicet eius, quæ nunc eſt: pariter &amp; futuræ." HPOS="522" VPOS="345" WIDTH="868" HEIGHT="74" WC="0.9907518520074732"/>
          </TextLine>
          <TextLine ID="line_7" TAGREFS="LT8" BASELINE="525 450 1388 428" HPOS="524" VPOS="393" WIDTH="864" HEIGHT="80">
            <Shape><Polygon POINTS="525 450 525 465 572 472 573 472 573 472 594 465 618 471 620 471 621 471 670 462 764 468 765 468 765 468 783 462 810 466 812 466 1095 459 1096 459 1120 452 1184 456 1185 456 1185 456 1203 450 1203 450 1227 456 1227 456 1228 456 1230 456 1254 448 1256 448 1263 448 1368 452 1370 452 1370 452 1388 444 1388 428 1386 400 1290 393 1290 393 1288 393 1263 400 1262 400 1260 400 1245 394 1244 394 1242 394 1206 402 1191 405 1020 405 966 405 964 405 960 405 938 411 927 406 920 402 920 402 918 402 891 406 849 412 830 406 828 406 826 406 716 406 714 406 704 408 666 418 628 410 624 410 622 410 622 410 621 410 606 418 524 412 525 450"/></Shape>
            <String CONTENT="Si enim ſolum promitteret regnum, &amp; in itine¬" HPOS="524" VPOS="393" WIDTH="864" HEIGHT="80" WC="0.9859721567895677"/>
          </TextLine>
          <TextLine ID="line_8" TAGREFS="LT8" BASELINE="524 500 1389 476" HPOS="524" VPOS="441" WIDTH="866" HEIGHT="81">
            <Shape><Polygon POINTS="524 500 524 522 573 516 640 519 654 519 654 519 656 519 657 519 657 518 664 512 698 518 698 518 699 518 700 518 702 518 702 516 708 512 770 514 795 516 795 516 796 516 804 513 816 508 934 508 1116 507 1116 507 1118 507 1124 501 1125 500 1130 501 1146 506 1148 506 1148 506 1236 498 1254 496 1264 496 1342 501 1344 501 1389 492 1389 476 1388 448 1352 441 1352 441 1284 450 1276 450 1270 450 1222 444 1221 444 1161 453 1148 454 1080 454 890 454 888 454 888 454 876 459 870 462 862 459 846 454 844 454 844 454 806 460 783 464 758 462 712 458 711 458 634 460 634 460 633 460 628 465 624 468 615 465 602 462 600 462 598 462 524 466 524 500"/></Shape>
            <String CONTENT="re deeſſet viaticum, omnino conquererentur ho¬" HPOS="524" VPOS="441" WIDTH="866" HEIGHT="81" WC="0.990360315727151"/>
          </TextLine>
          <TextLine ID="line_9" TAGREFS="LT8" BASELINE="528 549 1395 526" HPOS="525" VPOS="488" WIDTH="870" HEIGHT="81">
            <Shape><Polygon POINTS="528 549 528 567 622 568 622 568 624 568 633 566 646 561 660 566 669 567 670 567 672 567 672 567 682 564 699 560 734 562 752 566 753 566 771 562 816 555 862 561 878 561 879 561 909 560 987 552 1000 556 1006 560 1008 560 1010 560 1040 555 1106 549 1131 555 1142 555 1142 555 1143 555 1148 554 1161 546 1248 544 1282 550 1296 552 1298 552 1311 549 1346 543 1394 548 1395 526 1392 488 1358 488 1356 488 1354 488 1353 488 1353 489 1341 496 1308 490 1299 489 1298 489 1200 492 1198 492 1191 495 1173 502 1006 506 999 501 990 498 988 498 987 498 922 506 880 508 861 506 816 501 814 501 777 510 765 512 754 512 722 504 720 504 718 504 696 512 692 513 690 513 663 506 662 506 660 506 660 506 627 514 622 518 592 518 578 507 576 507 574 507 573 507 573 507 572 507 555 518 525 518 528 549"/></Shape>
            <String CONTENT="mines &amp; reſponderent: Magnum quidẽ eſt, quod" HPOS="525" VPOS="488" WIDTH="870" HEIGHT="81" WC="0.9970028228229947"/>
          </TextLine>
          <TextLine ID="line_10" TAGREFS="LT8" BASELINE="532 597 1395 573" HPOS="530" VPOS="536" WIDTH="866" HEIGHT="84">
            <Shape><Polygon POINTS="532 597 532 620 622 609 684 609 698 615 698 615 699 615 774 606 784 614 786 614 788 614 789 614 1005 608 1005 608 1010 606 1034 598 1098 604 1120 604 1122 604 1166 602 1245 596 1276 598 1299 600 1300 600 1302 600 1302 600 1305 598 1314 591 1395 594 1395 573 1394 542 1348 536 1347 536 1302 543 1282 546 1276 543 1270 540 1269 540 1268 540 1266 540 1250 544 1240 548 1230 544 1212 540 1210 540 1209 540 1209 540 1184 546 1173 549 1166 548 1146 543 1144 543 1143 543 1142 543 1136 548 1134 549 1131 549 1122 543 1122 543 1120 543 1119 543 1088 549 1074 554 1010 554 1005 550 999 548 999 548 998 548 996 548 994 548 993 548 987 552 982 555 962 552 932 549 932 549 884 555 873 555 870 555 850 549 849 549 848 549 846 549 822 556 820 556 819 556 806 550 804 550 802 550 760 558 746 561 738 560 711 554 710 554 666 561 651 564 530 564 532 597"/></Shape>
            <String CONTENT="promittitur, ſed illuc perueniendi facultas nulla" HPOS="530" VPOS="536" WIDTH="866" HEIGHT="84" WC="0.9861554418291364"/>
          </TextLine>
          <TextLine ID="line_11" TAGREFS="LT8" BASELINE="530 645 1395 622" HPOS="530" VPOS="590" WIDTH="866" HEIGHT="74">
            <Shape><Polygon POINTS="746 639 734 639 722 639 710 639 698 639 686 639 674 639 662 639 650 640 638 640 626 640 614 640 602 640 590 640 578 640 566 640 554 640 542 640 530 640 530 645 530 663 771 651 1084 651 1090 651 1090 650 1092 650 1108 642 1132 648 1134 648 1136 648 1203 640 1341 644 1346 644 1346 644 1347 644 1370 636 1394 642 1395 622 1395 604 1368 590 1366 590 1365 590 1306 592 1305 592 1304 592 1296 598 1286 591 1284 591 1282 591 1282 591 1186 594 1185 594 1185 594 1168 604 1114 598 1113 598 1060 606 1016 598 1014 598 1012 598 999 604 974 598 972 598 970 598 912 612 852 603 850 603 801 614 786 608 784 608 783 608 783 608 750 620 746 639"/></Shape>
            <String CONTENT="daturt vnde omnem excuſationem Deus ade¬" HPOS="530" VPOS="590" WIDTH="866" HEIGHT="74" WC="0.9935493141412735"/>
          </TextLine>
          <TextLine ID="line_12" TAGREFS="LT8" BASELINE="531 692 1395 672" HPOS="530" VPOS="634" WIDTH="866" HEIGHT="80">
            <Shape><Polygon POINTS="531 692 531 714 596 712 597 712 598 712 633 702 657 710 662 711 663 711 664 711 666 711 669 710 684 702 700 710 705 710 706 710 708 710 740 708 808 700 843 704 872 706 873 706 874 706 882 702 892 696 915 702 938 705 938 705 939 705 950 700 957 696 969 699 975 702 975 702 976 702 978 702 982 699 993 694 1011 698 1035 702 1036 702 1070 696 1092 692 1124 694 1186 699 1188 699 1226 690 1232 690 1236 690 1258 696 1260 696 1262 696 1332 687 1344 686 1347 687 1366 694 1368 694 1370 694 1370 694 1395 684 1395 672 1394 644 1356 634 1354 634 1353 634 1330 640 1305 634 1304 634 1302 634 1302 634 1300 634 1290 645 1275 636 1274 636 1272 636 1190 646 1092 640 1090 640 1089 640 1088 640 1088 640 1077 650 1011 645 1010 645 1008 645 982 652 837 646 836 646 783 657 771 648 771 648 770 648 734 648 732 648 730 648 729 648 716 658 696 654 694 654 693 654 692 654 666 660 634 651 633 651 632 651 630 651 608 660 579 654 579 654 578 654 576 654 564 663 530 663 531 692"/></Shape>
            <String CONTENT="mit. Deus igitur iam ſe eorum Deum ex hac vi¬" HPOS="530" VPOS="634" WIDTH="866" HEIGHT="80" WC="0.9938499040073818"/>
          </TextLine>
          <TextLine ID="line_13" TAGREFS="LT8" BASELINE="531 742 1396 720" HPOS="530" VPOS="681" WIDTH="867" HEIGHT="82">
            <Shape><Polygon POINTS="531 742 531 759 573 756 584 759 592 764 594 764 596 764 597 764 598 764 603 758 609 753 668 752 690 752 694 756 700 760 702 760 704 760 704 760 795 758 795 758 796 758 806 752 813 748 850 752 928 754 930 754 932 754 932 754 940 747 945 746 975 746 1053 752 1054 752 1054 752 1074 742 1078 741 1086 742 1120 750 1122 750 1122 750 1124 750 1136 741 1136 740 1140 741 1166 748 1167 748 1168 748 1170 748 1209 740 1215 738 1222 738 1302 746 1304 746 1396 732 1396 720 1394 690 1341 692 1340 692 1318 681 1317 681 1316 681 1314 681 1293 692 1290 694 1244 694 1240 693 1216 684 1215 684 1215 684 1214 684 1172 696 1166 696 1160 696 1130 686 1130 686 1128 686 1074 687 1074 687 1056 696 1044 690 1042 690 1042 690 1041 690 1020 698 988 690 987 690 987 690 986 690 984 690 984 690 974 699 970 702 921 702 916 700 903 692 902 692 900 692 900 692 898 692 897 692 897 693 888 702 884 705 846 705 836 702 804 694 802 694 801 694 760 696 759 696 759 696 759 696 748 705 746 708 728 705 682 698 681 698 680 698 678 698 668 706 663 710 656 706 636 699 634 699 634 699 600 700 598 700 582 710 574 711 567 710 550 704 549 704 549 704 548 704 530 710 531 742"/></Shape>
            <String CONTENT="ta eſſe oſtendit, &amp; ijs benefacit Pſal. 36. Incipit e¬" HPOS="530" VPOS="681" WIDTH="867" HEIGHT="82" WC="0.986162844631407"/>
          </TextLine>
          <TextLine ID="line_14" TAGREFS="LT8" BASELINE="531 790 1396 768" HPOS="530" VPOS="732" WIDTH="867" HEIGHT="81">
            <Shape><Polygon POINTS="531 790 531 802 574 813 576 813 621 801 622 801 676 801 678 801 711 808 712 808 714 808 716 808 716 808 728 801 788 807 789 807 789 807 790 807 802 798 807 795 856 795 864 796 894 804 894 804 974 795 999 792 1032 794 1108 798 1110 798 1110 798 1112 798 1119 792 1124 789 1137 792 1160 796 1161 796 1162 796 1164 796 1164 795 1170 790 1172 789 1180 790 1202 795 1203 795 1203 795 1204 795 1221 789 1227 789 1234 789 1258 795 1258 795 1260 795 1272 789 1275 789 1278 789 1302 794 1304 794 1305 794 1322 789 1328 786 1332 789 1340 792 1341 792 1342 792 1396 786 1396 768 1395 738 1330 732 1329 732 1328 732 1305 740 1300 740 1280 740 1178 735 1176 735 1132 742 1119 746 1110 744 1078 738 1077 738 1076 738 1059 744 1029 740 1028 740 1026 740 1014 746 1011 747 1010 746 1005 741 1004 741 1002 741 1000 741 999 741 982 746 978 747 974 746 948 741 946 741 945 741 944 741 944 742 938 747 934 750 891 748 801 746 801 746 800 746 798 746 790 752 786 753 744 752 678 748 676 748 530 756 531 790"/></Shape>
            <String CONTENT="nim Dei promiſſio impleri in ijs, etiã in hac vita." HPOS="530" VPOS="732" WIDTH="867" HEIGHT="81" WC="0.9923280374361918"/>
          </TextLine>
        </TextBlock>
        <TextBlock HPOS="537" VPOS="795" WIDTH="871" HEIGHT="535" ID="block_4" TAGREFS="BT3408">
          <Shape><Polygon POINTS="537 795 1408 795 1408 1330 537 1330 537 795"/></Shape>
          <TextLine ID="line_15" TAGREFS="LT8" BASELINE="585 834 1402 814" HPOS="584" VPOS="778" WIDTH="819" HEIGHT="81">
            <Shape><Polygon POINTS="585 834 585 852 634 860 634 860 698 856 698 856 712 850 714 850 734 856 735 856 736 856 738 856 765 849 768 849 772 849 838 855 838 855 879 848 922 852 924 852 992 844 994 844 996 844 1017 850 1018 850 1018 850 1020 850 1034 843 1040 849 1041 849 1042 849 1042 850 1094 850 1094 849 1136 840 1146 838 1154 840 1179 844 1179 844 1215 838 1222 838 1227 838 1246 844 1246 844 1248 844 1250 844 1266 838 1270 837 1282 838 1335 843 1336 843 1401 834 1402 814 1401 784 1362 778 1360 778 1359 778 1358 778 1358 780 1352 784 1348 788 1344 786 1323 780 1322 780 1320 780 1320 780 1308 786 1300 790 1230 790 1226 789 1209 783 1209 783 1208 783 1206 783 1186 789 1180 790 1164 789 1114 784 1113 784 1112 784 1092 790 1083 795 1074 792 1058 786 1056 786 1054 786 1054 786 1053 786 1042 792 1036 795 1023 792 999 788 998 788 996 788 982 794 981 794 950 790 948 790 946 790 945 790 942 795 938 798 902 795 844 790 844 790 812 796 789 802 690 802 687 801 682 795 681 795 680 795 640 795 640 795 639 795 638 795 628 801 627 802 624 801 618 796 616 796 616 796 615 796 584 801 585 834"/></Shape>
            <String CONTENT="Obſtat quod fides res ſpirituales, &amp; eas etiam" HPOS="584" VPOS="778" WIDTH="819" HEIGHT="81" WC="0.9755623936653137"/>
          </TextLine>
          <TextLine ID="line_16" TAGREFS="LT8" BASELINE="536 888 1400 866" HPOS="532" VPOS="830" WIDTH="867" HEIGHT="78">
            <Shape><Polygon POINTS="536 888 536 906 579 908 579 908 580 908 582 908 582 906 584 906 591 900 616 904 628 906 630 906 632 906 638 904 654 898 668 903 675 906 676 906 678 906 710 902 776 894 834 894 846 898 852 900 854 900 855 900 856 900 862 898 872 892 900 897 914 898 914 898 915 898 916 898 920 896 926 891 999 894 1060 896 1062 896 1110 890 1160 885 1178 888 1191 891 1191 891 1192 891 1203 888 1216 884 1227 888 1240 891 1242 891 1244 891 1400 882 1400 866 1395 830 1346 838 1275 832 1258 831 1258 831 1248 832 1203 842 1164 834 1156 832 1155 832 1132 834 1011 846 969 842 968 842 932 848 914 840 912 840 910 840 909 840 892 850 819 850 780 843 777 843 777 843 776 843 774 843 753 852 706 844 705 844 704 844 674 855 532 849 536 888"/></Shape>
            <String CONTENT="abſentes ſpectat, non autem præſentes. Neque" HPOS="532" VPOS="830" WIDTH="867" HEIGHT="78" WC="0.9968308657407761"/>
          </TextLine>
          <TextLine ID="line_17" TAGREFS="LT8" BASELINE="536 934 1401 912" HPOS="534" VPOS="876" WIDTH="867" HEIGHT="82">
            <Shape><Polygon POINTS="536 934 537 958 566 950 586 956 588 956 590 956 630 956 660 956 660 956 680 945 722 954 726 954 728 954 759 952 760 952 762 952 777 944 854 950 870 950 870 950 872 950 878 950 904 940 981 945 987 945 987 945 993 945 1038 938 1054 944 1060 945 1062 945 1064 945 1065 945 1066 945 1068 944 1074 938 1110 942 1131 944 1132 944 1154 940 1209 932 1234 938 1248 940 1250 940 1270 938 1305 930 1400 932 1401 912 1398 876 1342 884 1326 878 1326 878 1324 878 1323 878 1242 886 1214 882 1206 880 1204 880 1172 882 1060 891 1030 888 1012 885 1011 885 993 888 963 894 915 891 868 888 867 888 866 888 854 894 844 896 836 894 820 890 820 890 819 890 818 890 816 890 812 894 808 897 753 896 646 894 645 894 644 894 628 900 626 903 534 903 536 934"/></Shape>
            <String CONTENT="propriè corpus: ſed potius beat &amp; ſpectat animũ." HPOS="534" VPOS="876" WIDTH="867" HEIGHT="82" WC="0.9861210417747498"/>
          </TextLine>
          <TextLine ID="line_18" TAGREFS="LT8" BASELINE="538 984 1401 962" HPOS="537" VPOS="926" WIDTH="864" HEIGHT="81">
            <Shape><Polygon POINTS="538 984 538 1000 578 1006 579 1006 579 1006 580 1006 588 999 592 998 616 999 668 1005 669 1005 796 1000 798 1000 800 1000 807 994 813 990 830 993 855 999 856 999 858 999 870 993 879 988 906 993 945 998 946 998 948 998 974 990 988 987 1000 990 1017 994 1018 994 1018 994 1020 994 1022 994 1030 988 1036 984 1044 988 1046 990 1047 990 1048 990 1048 990 1050 990 1054 988 1064 982 1226 980 1244 984 1262 988 1263 988 1264 988 1401 980 1401 962 1400 932 1370 926 1368 926 1366 926 1348 932 1344 934 1214 938 1206 936 1172 928 1172 928 1083 939 1068 940 1059 940 996 933 994 933 993 933 975 942 975 944 968 944 900 936 900 936 898 936 897 936 884 945 882 945 880 945 852 938 850 938 850 938 765 939 764 939 762 939 762 940 753 950 753 950 746 950 687 944 686 944 684 944 670 951 669 952 596 952 558 945 556 945 555 945 537 952 538 984"/></Shape>
            <String CONTENT="Bona enim ſpiritualia pollicetur Deus potius," HPOS="537" VPOS="926" WIDTH="864" HEIGHT="81" WC="0.9886615580982632"/>
          </TextLine>
          <TextLine ID="line_19" TAGREFS="LT8" BASELINE="538 1030 1401 1010" HPOS="537" VPOS="972" WIDTH="864" HEIGHT="82">
            <Shape><Polygon POINTS="538 1030 538 1054 729 1052 730 1052 738 1048 780 1036 846 1036 855 1042 856 1042 858 1042 858 1042 860 1042 876 1036 915 1036 942 1042 950 1046 951 1046 952 1046 954 1046 956 1046 958 1042 974 1034 996 1041 998 1041 999 1042 1008 1042 1064 1042 1064 1041 1065 1041 1066 1041 1066 1040 1078 1030 1100 1038 1104 1040 1104 1040 1106 1040 1116 1038 1161 1029 1203 1029 1218 1035 1227 1038 1227 1038 1228 1038 1401 1029 1401 1010 1398 981 1332 974 1330 974 1329 974 1328 974 1320 980 1304 972 1302 972 1302 972 1300 972 1256 982 1251 984 1246 984 1206 974 1204 974 1203 974 1185 984 1164 975 1162 975 1161 975 1125 981 1112 976 1110 976 1110 976 1108 976 1070 987 1068 987 981 982 980 982 978 982 976 982 966 992 964 992 962 992 933 981 932 981 932 981 930 981 928 981 915 992 870 982 870 982 868 982 867 982 852 993 840 984 838 984 838 984 837 984 804 986 802 986 801 986 801 987 790 994 790 996 726 998 712 998 588 990 586 990 585 990 585 990 585 992 574 1000 537 1000 538 1030"/></Shape>
            <String CONTENT="quàm temporalia Hebr.11. verſ.1. Reſpond. Bo¬" HPOS="537" VPOS="972" WIDTH="864" HEIGHT="82" WC="0.9921124149923739"/>
          </TextLine>
          <TextLine ID="line_20" TAGREFS="LT8" BASELINE="540 1080 1402 1056" HPOS="538" VPOS="1029" WIDTH="864" HEIGHT="68">
            <Shape><Polygon POINTS="1130 1042 1126 1036 1101 1036 1100 1036 1068 1038 1066 1038 1066 1038 1062 1040 1058 1065 1046 1065 1034 1065 1022 1065 1010 1065 998 1065 986 1065 974 1065 962 1065 950 1065 938 1065 926 1065 914 1065 900 1065 888 1070 876 1070 864 1070 852 1070 840 1070 828 1070 816 1070 804 1070 792 1070 780 1070 768 1070 756 1070 744 1070 732 1070 720 1070 708 1070 696 1070 684 1070 672 1070 660 1070 648 1070 634 1070 622 1070 610 1070 598 1070 586 1070 574 1070 562 1070 550 1070 538 1070 540 1080 540 1096 840 1096 916 1086 942 1084 945 1086 956 1092 957 1092 958 1092 960 1092 976 1086 981 1084 982 1086 999 1090 999 1090 1000 1090 1048 1084 1090 1089 1092 1089 1092 1089 1094 1089 1104 1082 1107 1078 1188 1077 1224 1077 1227 1078 1236 1084 1238 1084 1239 1084 1240 1084 1282 1076 1288 1076 1293 1076 1352 1082 1353 1082 1401 1072 1402 1056 1401 1038 1353 1029 1352 1029 1323 1036 1132 1036 1130 1042"/></Shape>
            <String CONTENT="norum quidem ipraſtuanun promiſſionem po¬" HPOS="538" VPOS="1029" WIDTH="864" HEIGHT="68" WC="0.9852057709926512"/>
          </TextLine>
          <TextLine ID="line_21" TAGREFS="LT8" BASELINE="543 1128 1407 1107" HPOS="542" VPOS="1070" WIDTH="866" HEIGHT="81">
            <Shape><Polygon POINTS="543 1128 543 1143 616 1143 640 1150 642 1150 644 1150 681 1149 682 1149 684 1149 698 1140 704 1140 783 1148 784 1148 882 1144 882 1144 884 1144 897 1136 900 1134 908 1136 944 1142 944 1142 999 1142 999 1142 1018 1134 1023 1132 1028 1134 1042 1138 1042 1138 1044 1138 1082 1132 1101 1130 1116 1132 1150 1138 1152 1138 1218 1130 1254 1126 1281 1128 1320 1134 1322 1134 1407 1126 1407 1107 1404 1072 1362 1070 1360 1070 1359 1070 1358 1070 1352 1074 1344 1078 1330 1074 1318 1071 1317 1071 1316 1071 1269 1072 1268 1072 1248 1077 1232 1082 1209 1078 1179 1074 1179 1074 1178 1074 1176 1074 1170 1078 1166 1083 1155 1080 1136 1076 1136 1076 1134 1076 1132 1076 1110 1082 1104 1083 1071 1083 908 1080 906 1080 906 1080 904 1080 904 1082 896 1088 894 1092 638 1096 634 1096 594 1088 592 1088 592 1088 591 1088 576 1098 542 1098 543 1128"/></Shape>
            <String CONTENT="tiſſimum &amp; præcipuè habent &amp; ſpectant fides &amp;" HPOS="542" VPOS="1070" WIDTH="866" HEIGHT="81" WC="0.9936283127121304"/>
          </TextLine>
          <TextLine ID="line_22" TAGREFS="LT8" BASELINE="543 1178 1407 1154" HPOS="540" VPOS="1120" WIDTH="867" HEIGHT="80">
            <Shape><Polygon POINTS="543 1178 543 1192 620 1200 621 1200 622 1200 622 1200 633 1194 710 1197 711 1197 712 1197 714 1197 714 1197 722 1190 722 1190 758 1186 783 1190 843 1194 844 1194 898 1186 932 1180 1062 1179 1084 1184 1102 1185 1104 1185 1104 1185 1106 1185 1110 1182 1114 1179 1118 1182 1122 1185 1122 1185 1124 1185 1125 1185 1314 1180 1316 1180 1320 1178 1334 1172 1346 1178 1347 1178 1348 1178 1407 1176 1407 1154 1404 1120 540 1144 543 1178"/></Shape>
            <String CONTENT="pietas: ſed tamen etiam de ſuis curam habet in" HPOS="540" VPOS="1120" WIDTH="867" HEIGHT="80" WC="0.9762099216813627"/>
          </TextLine>
          <TextLine ID="line_23" TAGREFS="LT8" BASELINE="543 1227 1412 1203" HPOS="542" VPOS="1170" WIDTH="870" HEIGHT="78">
            <Shape><Polygon POINTS="543 1227 543 1240 579 1246 580 1246 582 1246 609 1240 612 1239 615 1239 632 1248 633 1248 634 1248 634 1248 651 1239 654 1239 654 1239 662 1244 663 1244 664 1244 666 1244 681 1239 688 1238 690 1239 698 1245 699 1245 700 1245 702 1245 771 1245 772 1245 774 1245 774 1244 782 1238 783 1233 855 1233 860 1236 870 1240 870 1240 872 1240 873 1240 890 1236 900 1233 918 1234 945 1239 946 1239 976 1233 1005 1228 1024 1233 1042 1238 1042 1238 1044 1238 1053 1233 1062 1227 1136 1232 1179 1233 1179 1233 1196 1230 1228 1222 1246 1230 1251 1232 1252 1232 1252 1232 1320 1230 1320 1230 1322 1230 1324 1228 1338 1220 1365 1220 1410 1227 1412 1203 1408 1176 1323 1170 1322 1170 1228 1179 1227 1179 1161 1173 1098 1173 1098 1173 1096 1173 1082 1180 1029 1176 1028 1176 1026 1176 1024 1176 1017 1182 956 1178 956 1178 912 1178 910 1178 909 1178 909 1179 908 1179 904 1184 876 1179 874 1179 873 1179 872 1179 855 1190 801 1190 776 1182 774 1182 772 1182 720 1184 718 1184 717 1184 708 1192 542 1197 543 1227"/></Shape>
            <String CONTENT="hoc mundo Deus, &amp; illis bona terrena, quantum" HPOS="542" VPOS="1170" WIDTH="870" HEIGHT="78" WC="0.9857568780581156"/>
          </TextLine>
          <TextLine ID="line_24" TAGREFS="LT8" BASELINE="546 1274 1234 1256 1408 1256" HPOS="544" VPOS="1221" WIDTH="864" HEIGHT="75">
            <Shape><Polygon POINTS="1028 1260 1016 1260 1004 1260 992 1260 980 1260 968 1260 956 1260 944 1260 932 1260 920 1260 906 1260 894 1260 882 1260 870 1260 858 1264 846 1264 834 1264 822 1264 810 1264 798 1264 786 1264 774 1264 762 1264 750 1264 738 1264 726 1264 714 1264 702 1264 690 1264 678 1264 666 1264 654 1264 640 1264 628 1264 616 1264 604 1264 592 1264 580 1264 568 1264 556 1264 544 1264 546 1274 546 1290 610 1296 610 1296 648 1288 652 1288 657 1288 681 1294 682 1294 684 1294 735 1294 736 1294 756 1287 759 1286 764 1287 786 1293 788 1293 789 1293 831 1290 832 1290 832 1290 838 1284 842 1282 850 1284 884 1290 885 1290 1016 1286 1017 1286 1028 1281 1035 1278 1048 1281 1066 1282 1068 1282 1110 1280 1132 1276 1138 1278 1152 1282 1154 1282 1154 1282 1155 1282 1156 1282 1164 1278 1167 1276 1185 1276 1227 1282 1228 1282 1230 1282 1232 1282 1239 1276 1240 1276 1245 1276 1272 1281 1274 1281 1408 1272 1408 1256 1407 1221 1346 1228 1336 1222 1335 1221 1334 1221 1332 1221 1332 1221 1330 1221 1329 1221 1328 1222 1320 1227 1256 1227 1179 1226 1179 1226 1178 1226 1176 1226 1167 1230 1162 1233 1158 1232 1149 1227 1148 1227 1148 1227 1054 1228 1053 1228 1052 1228 1042 1236 1030 1246 1028 1260"/></Shape>
            <String CONTENT="latis eſſe peripiere jrargitut. Nam ea à ſe peti &amp;" HPOS="544" VPOS="1221" WIDTH="864" HEIGHT="75" WC="0.9572449081084308"/>
          </TextLine>
          <TextLine ID="line_25" TAGREFS="LT8" BASELINE="549 1322 1234 1306" HPOS="548" VPOS="1272" WIDTH="687" HEIGHT="72">
            <Shape><Polygon POINTS="549 1322 549 1340 588 1344 590 1344 616 1338 630 1335 642 1338 660 1342 662 1342 663 1342 699 1336 700 1336 702 1336 758 1341 759 1341 795 1334 801 1340 802 1340 804 1340 806 1340 861 1338 862 1338 894 1330 900 1329 908 1330 957 1336 958 1336 960 1336 986 1328 988 1326 1074 1324 1083 1324 1149 1332 1150 1332 1234 1320 1234 1306 1232 1280 1148 1272 1146 1272 1144 1272 1143 1272 1134 1280 1120 1274 1119 1274 1118 1274 1116 1274 1092 1281 1092 1281 1084 1274 1083 1274 1082 1274 1080 1274 1030 1275 987 1282 968 1286 794 1288 774 1284 759 1281 758 1281 668 1284 666 1284 666 1286 652 1292 646 1286 646 1284 645 1284 644 1284 642 1284 640 1284 639 1286 622 1292 604 1286 602 1284 600 1284 598 1284 598 1284 597 1284 596 1286 585 1293 548 1287 549 1322"/></Shape>
            <String CONTENT="vult &amp; præcipit in oratione Domimca." HPOS="548" VPOS="1272" WIDTH="687" HEIGHT="72" WC="0.9869472649362352"/>
          </TextLine>
        </TextBlock>
        <TextBlock HPOS="551" VPOS="1327" WIDTH="867" HEIGHT="244" ID="block_5" TAGREFS="BT3408">
          <Shape><Polygon POINTS="551 1327 1418 1327 1418 1572 551 1572 551 1327"/></Shape>
          <TextLine ID="line_26" TAGREFS="LT8" BASELINE="598 1370 1408 1350" HPOS="597" VPOS="1314" WIDTH="812" HEIGHT="74">
            <Shape><Polygon POINTS="598 1370 598 1384 760 1380 764 1382 777 1388 778 1388 780 1388 782 1388 802 1380 804 1380 806 1380 836 1386 837 1386 914 1376 932 1376 942 1376 978 1382 980 1382 981 1382 981 1382 981 1382 990 1376 992 1372 1074 1371 1076 1372 1086 1378 1086 1378 1088 1378 1089 1378 1264 1376 1408 1364 1408 1350 1407 1320 1320 1314 1318 1314 1317 1314 1293 1322 1292 1322 1272 1316 1270 1316 1270 1316 1269 1316 1268 1316 1260 1322 1258 1323 1256 1323 1227 1317 1227 1317 1131 1324 1113 1326 1096 1326 1026 1322 1024 1322 998 1326 976 1332 597 1332 598 1370"/></Shape>
            <String CONTENT="Sunt autem quæcunque à Deo pij obtinemus" HPOS="597" VPOS="1314" WIDTH="812" HEIGHT="74" WC="0.990281608046555"/>
          </TextLine>
          <TextLine ID="line_27" TAGREFS="LT8" BASELINE="549 1418 1412 1396" HPOS="548" VPOS="1365" WIDTH="864" HEIGHT="72">
            <Shape><Polygon POINTS="549 1418 549 1432 660 1430 670 1431 698 1437 699 1437 699 1437 732 1431 738 1430 754 1430 850 1432 850 1432 884 1426 904 1422 1040 1420 1044 1424 1050 1428 1052 1428 1053 1428 1054 1428 1092 1424 1126 1419 1168 1420 1184 1422 1185 1422 1194 1420 1221 1416 1236 1419 1246 1424 1248 1424 1250 1424 1412 1416 1412 1396 1408 1370 1269 1365 1268 1365 1156 1374 1143 1376 1138 1376 1104 1370 1104 1370 1012 1377 999 1378 993 1378 957 1372 956 1372 956 1372 954 1372 945 1380 944 1380 938 1380 876 1376 876 1376 874 1376 852 1382 849 1382 843 1382 801 1376 800 1376 798 1376 796 1376 789 1383 789 1383 780 1383 699 1378 698 1378 698 1378 696 1378 687 1386 686 1386 670 1382 669 1382 668 1382 548 1388 549 1418"/></Shape>
            <String CONTENT="ex mera ipſius bonitate, &amp; ea gratuita, non ex me¬" HPOS="548" VPOS="1365" WIDTH="864" HEIGHT="72" WC="0.9789709711074829"/>
          </TextLine>
          <TextLine ID="line_28" TAGREFS="LT8" BASELINE="544 1467 1412 1448" HPOS="544" VPOS="1413" WIDTH="867" HEIGHT="69">
            <Shape><Polygon POINTS="760 1461 748 1461 736 1461 724 1461 712 1461 700 1461 688 1461 676 1461 664 1461 652 1462 640 1462 628 1462 616 1462 604 1462 592 1462 579 1462 576 1462 544 1467 544 1480 759 1482 759 1482 760 1482 770 1479 777 1474 819 1478 862 1480 864 1480 864 1480 866 1480 870 1476 878 1472 922 1472 944 1474 954 1478 956 1478 956 1478 957 1478 960 1474 964 1470 1088 1468 1126 1473 1138 1474 1140 1474 1300 1470 1302 1470 1302 1470 1312 1462 1410 1468 1412 1448 1410 1428 1372 1413 1371 1413 1370 1413 1293 1419 1252 1413 1252 1413 1197 1413 1196 1413 1194 1413 1194 1414 1186 1420 1179 1414 1179 1414 1178 1414 1176 1414 1095 1416 1094 1416 1092 1416 1074 1430 1005 1431 978 1419 976 1419 975 1419 932 1422 932 1422 908 1432 888 1425 888 1425 886 1425 783 1430 783 1430 782 1430 765 1437 760 1461"/></Shape>
            <String CONTENT="lito: ilde bona terrena, ſiue cœleſtia ſpectentur," HPOS="544" VPOS="1413" WIDTH="867" HEIGHT="69" WC="0.987424665093422"/>
          </TextLine>
          <TextLine ID="line_29" TAGREFS="LT8" BASELINE="552 1514 1191 1498 1414 1498" HPOS="550" VPOS="1460" WIDTH="864" HEIGHT="76">
            <Shape><Polygon POINTS="552 1514 552 1530 614 1536 615 1536 676 1528 688 1527 692 1528 716 1536 716 1536 717 1536 718 1536 720 1536 732 1527 734 1526 738 1527 754 1534 756 1534 758 1534 846 1526 884 1522 927 1524 1004 1528 1005 1528 1180 1524 1182 1524 1192 1520 1203 1516 1221 1520 1240 1524 1240 1524 1262 1518 1281 1515 1290 1518 1294 1521 1296 1521 1296 1521 1414 1516 1414 1498 1413 1467 1334 1460 1332 1460 1270 1468 1260 1468 1236 1468 1131 1464 1130 1464 1130 1464 1112 1470 1104 1474 987 1474 975 1473 962 1468 960 1468 958 1468 957 1468 956 1468 950 1473 946 1474 921 1473 864 1470 864 1470 862 1470 854 1474 844 1478 808 1474 774 1472 772 1472 741 1474 698 1480 550 1479 552 1514"/></Shape>
            <String CONTENT="vt docet perſpicuè hic locus, qui ea omnia Dei" HPOS="550" VPOS="1460" WIDTH="864" HEIGHT="76" WC="0.9973672311356727"/>
          </TextLine>
          <TextLine ID="line_30" TAGREFS="LT8" BASELINE="552 1563 956 1554" HPOS="550" VPOS="1518" WIDTH="405" HEIGHT="72">
            <Shape><Polygon POINTS="552 1563 552 1590 602 1590 602 1588 603 1588 608 1587 654 1575 678 1581 678 1581 680 1581 720 1574 752 1582 753 1582 753 1582 754 1582 756 1582 771 1572 814 1581 825 1582 826 1582 852 1581 854 1581 855 1581 855 1580 856 1580 861 1574 956 1576 956 1554 954 1527 915 1527 906 1518 906 1518 904 1518 903 1518 850 1528 759 1524 759 1524 716 1530 705 1524 704 1524 704 1524 702 1524 651 1533 650 1533 602 1526 600 1526 598 1526 585 1533 555 1527 555 1527 554 1527 552 1527 552 1528 550 1528 552 1563"/></Shape>
            <String CONTENT="promiſsiones appellat." HPOS="550" VPOS="1518" WIDTH="405" HEIGHT="72" WC="0.9990207742560994"/>
          </TextLine>
        </TextBlock>
        <TextBlock HPOS="549" VPOS="1570" WIDTH="871" HEIGHT="250" ID="block_6" TAGREFS="BT3408">
          <Shape><Polygon POINTS="549 1570 1421 1570 1421 1819 549 1819 549 1570"/></Shape>
          <TextLine ID="line_31" TAGREFS="LT8" BASELINE="603 1610 1418 1588" HPOS="600" VPOS="1550" WIDTH="818" HEIGHT="80">
            <Shape><Polygon POINTS="603 1610 603 1622 692 1629 693 1629 694 1629 726 1622 771 1628 772 1628 774 1628 789 1618 790 1618 916 1623 918 1623 920 1623 920 1623 928 1616 948 1620 950 1620 950 1620 964 1614 966 1614 969 1614 1012 1620 1014 1620 1058 1611 1059 1611 1060 1611 1095 1618 1096 1618 1098 1618 1098 1618 1108 1611 1234 1616 1236 1616 1238 1616 1252 1606 1256 1606 1314 1612 1316 1612 1317 1612 1318 1612 1328 1604 1329 1604 1332 1604 1370 1610 1371 1610 1372 1610 1374 1610 1374 1610 1380 1604 1382 1604 1418 1604 1418 1588 1416 1560 1394 1550 1392 1550 1390 1550 1389 1550 1360 1557 1353 1551 1352 1551 1352 1551 1350 1551 1278 1552 1232 1563 1166 1556 1166 1556 1164 1556 1162 1556 1162 1557 1154 1566 1095 1566 1070 1558 1068 1558 1066 1558 1066 1558 1038 1568 1018 1560 1017 1560 1016 1560 1014 1560 1012 1560 1012 1562 1004 1569 858 1566 858 1566 856 1566 826 1574 792 1566 790 1566 789 1566 789 1566 788 1566 776 1575 657 1569 656 1569 654 1569 654 1569 654 1570 644 1580 622 1570 621 1570 620 1570 618 1570 600 1580 603 1610"/></Shape>
            <String CONTENT="Admonet hic locus, vt de Monachis aliquid di¬" HPOS="600" VPOS="1550" WIDTH="818" HEIGHT="80" WC="0.9817539307806227"/>
          </TextLine>
          <TextLine ID="line_32" TAGREFS="LT8" BASELINE="549 1659 1418 1638" HPOS="548" VPOS="1604" WIDTH="870" HEIGHT="74">
            <Shape><Polygon POINTS="549 1659 549 1672 699 1677 700 1677 742 1671 774 1665 807 1670 820 1671 822 1671 844 1668 906 1662 944 1666 962 1670 963 1670 1020 1665 1108 1659 1176 1664 1210 1665 1212 1665 1227 1662 1268 1654 1304 1660 1314 1662 1314 1662 1324 1660 1366 1652 1416 1659 1418 1638 1413 1610 1290 1610 1260 1604 1258 1604 1258 1604 1257 1604 1257 1605 1246 1612 1216 1608 1215 1608 1215 1608 1191 1616 1190 1616 1180 1608 1179 1608 1179 1608 1178 1608 1138 1616 1136 1616 1136 1616 1110 1608 1108 1608 1107 1608 1106 1608 1086 1614 1070 1610 1068 1610 1066 1610 1066 1610 1065 1610 1054 1618 1050 1618 1017 1610 1016 1610 1014 1610 1012 1610 1000 1620 999 1620 987 1620 910 1616 909 1616 908 1616 891 1622 890 1622 888 1622 864 1614 864 1614 862 1614 800 1616 548 1629 549 1659"/></Shape>
            <String CONTENT="camus, quia hi Α’σκηταὶ primũ ſunt appellati: ve¬" HPOS="548" VPOS="1604" WIDTH="870" HEIGHT="74" WC="0.9812876453586653"/>
          </TextLine>
          <TextLine ID="line_33" TAGREFS="LT8" BASELINE="549 1707 1419 1688" HPOS="549" VPOS="1650" WIDTH="870" HEIGHT="74">
            <Shape><Polygon POINTS="549 1707 549 1724 1419 1702 1419 1688 1418 1658 1326 1650 1324 1650 1323 1650 1304 1659 1302 1659 1300 1659 1257 1652 1256 1652 1209 1659 1200 1660 1191 1659 1148 1653 1146 1653 1144 1653 1119 1660 1116 1662 1112 1660 1095 1654 1094 1654 1092 1654 1092 1654 1074 1662 1071 1664 1065 1662 1038 1656 1036 1656 1036 1656 1035 1656 1028 1662 1024 1665 962 1665 954 1664 938 1659 938 1659 936 1659 898 1665 874 1668 846 1665 814 1662 813 1662 789 1665 765 1671 746 1666 724 1664 723 1664 722 1664 711 1666 702 1671 692 1668 684 1665 684 1665 682 1665 664 1668 648 1671 632 1668 615 1665 614 1665 549 1670 549 1707"/></Shape>
            <String CONTENT="luti à Philone Iudęo, ſi modo de Monachis Chri¬" HPOS="549" VPOS="1650" WIDTH="870" HEIGHT="74" WC="0.9829657637343114"/>
          </TextLine>
          <TextLine ID="line_34" TAGREFS="LT8" BASELINE="549 1755 1419 1732" HPOS="549" VPOS="1696" WIDTH="870" HEIGHT="78">
            <Shape><Polygon POINTS="549 1755 549 1766 578 1774 579 1774 579 1774 616 1766 692 1772 693 1772 765 1764 794 1768 795 1768 795 1768 796 1768 806 1761 836 1768 837 1768 838 1768 942 1758 944 1756 962 1756 1054 1756 1071 1762 1072 1762 1074 1762 1074 1762 1076 1762 1086 1754 1191 1752 1221 1758 1222 1758 1224 1758 1226 1758 1239 1750 1242 1750 1300 1756 1302 1756 1302 1756 1323 1748 1326 1746 1419 1746 1419 1732 1418 1702 1300 1696 1299 1696 1298 1696 1270 1704 1258 1707 1245 1704 1214 1698 1212 1698 1210 1698 1197 1706 1196 1706 1184 1706 1128 1702 1126 1702 1095 1707 1056 1713 1042 1708 1030 1702 1030 1702 1029 1702 980 1704 978 1704 976 1704 970 1708 960 1714 946 1708 940 1707 939 1707 938 1707 938 1707 930 1708 910 1716 864 1710 858 1710 856 1710 850 1710 812 1719 732 1714 730 1714 729 1714 728 1714 717 1720 651 1714 634 1713 633 1713 632 1713 630 1713 628 1714 614 1724 594 1714 592 1714 592 1714 549 1714 549 1755"/></Shape>
            <String CONTENT="ſtianis potius, quàm de Eſſænis &amp; Iudæorũ Mo¬" HPOS="549" VPOS="1696" WIDTH="870" HEIGHT="78" WC="0.9815829307474988"/>
          </TextLine>
          <TextLine ID="line_35" TAGREFS="LT8" BASELINE="544 1804 1420 1784" HPOS="543" VPOS="1748" WIDTH="878" HEIGHT="92">
            <Shape><Polygon POINTS="544 1804 544 1828 590 1839 591 1839 592 1839 592 1839 608 1828 690 1839 692 1839 764 1826 789 1826 808 1836 808 1836 810 1836 812 1836 956 1833 1029 1824 1042 1832 1044 1832 1046 1832 1074 1826 1138 1828 1140 1828 1142 1828 1186 1815 1188 1815 1210 1822 1212 1822 1214 1822 1215 1822 1215 1822 1227 1815 1310 1821 1311 1821 1312 1821 1314 1821 1329 1812 1330 1810 1420 1809 1420 1784 1418 1752 1274 1756 1270 1756 1245 1748 1244 1748 1242 1748 1154 1758 1149 1758 1148 1758 1119 1752 1118 1752 1116 1752 993 1754 993 1754 992 1754 992 1755 981 1762 981 1764 981 1764 958 1755 957 1755 956 1755 956 1755 934 1764 932 1766 898 1766 897 1764 885 1756 884 1756 882 1756 882 1756 880 1756 858 1764 780 1758 778 1758 712 1770 710 1770 666 1770 664 1770 642 1762 640 1762 640 1762 543 1773 544 1804"/></Shape>
            <String CONTENT="nachis agit Philo:deinde à Baſilio, &amp; alijs, qui e¬" HPOS="543" VPOS="1748" WIDTH="878" HEIGHT="92" WC="0.9946950570895121"/>
          </TextLine>
        </TextBlock>
        <TextBlock HPOS="1323" VPOS="1804" WIDTH="96" HEIGHT="44" ID="block_7" TAGREFS="BT17">
          <Shape><Polygon POINTS="1323 1804 1420 1804 1420 1848 1323 1848 1323 1804"/></Shape>
          <TextLine ID="line_36" TAGREFS="LT8" BASELINE="1322 1833 1419 1832" HPOS="1320" VPOS="1798" WIDTH="99" HEIGHT="68">
            <Shape><Polygon POINTS="1322 1833 1322 1866 1419 1856 1419 1832 1418 1802 1340 1798 1338 1798 1336 1798 1320 1804 1322 1833"/></Shape>
            <String CONTENT="tiam" HPOS="1320" VPOS="1798" WIDTH="99" HEIGHT="68" WC="0.9999843835830688"/>
          </TextLine>
        </TextBlock>
      </PrintSpace>
    </Page>
  </Layout>
</alto>
