1500 2172
404 170 196 30 CABVT

614 170 60 32 Ve

894 146 75 51 392

96 222 872 50 cioscereinequu huiuimour pletutis d endritatis ve¬

96 254 504 54 riſsima officia & exercitia.

147 300 819 68 Neque tamen cùm hæc officia à viduis requi¬

94 348 874 64 rit Paulus, ab iiſdem reliquos homines & mulie¬

96 400 868 68 res, veluti coniuges, excuſat: ſed ex comparatio¬

96 453 872 58 ne, quæ etiam verſiculo proximo ſequitur, docet,

98 496 864 64 quod ſit potiſsimum viduarum mulierum, quæ

94 543 868 62 ſolæ ſunt atque ſine familia, iuſtum ſtudium ac

94 594 873 60 exercitium. Neque etiam hoc loco vlli verborũ

93 644 872 58 demur murationi, quãtunuis aſsiduæ, Paulus pie¬

94 692 879 60 tatem alligat, ſed ex opere externo, quæ ſit inter¬

92 740 878 64 na fides & pietas, & vt deprehendi poſsit, ſolùm

92 789 873 62 demonſtrat. Nam poteſt in ea ipſa aſsiduitate

92 834 872 66 precandi ineſſe damnabilis ſuperſtitio, quam nõ

93 885 868 62 probaret certè quidem Paulus, quales quædam

93 933 874 62 mulierculæ cerauntur maximè in Papatu, quæ

92 981 878 63 omnes aras atque omnia templa quotidie cir¬

94 1030 874 58 cumeunt, tanquam in iis Deus habitet, aut cola¬

92 1078 872 62 tur ſanctius: aut etiam ipſo precum & vocum re¬

92 1128 872 62 petito numero delectetur, contra Domini noſtri

92 1184 870 56 Ieſu Chriſti ſententiam Matth. 6. verſ.7. Itaque

92 1224 874 64 res ſuas domeſticas, curàmque familiæ & mariti

92 1274 870 64 præter officium deſerunt. Quid de iis dicam, qui

90 1323 874 57 coniuges cùm ſint, etiam in Ieſuitarum, id eſt,

92 1378 874 57 peſsimorum idololatrarum ordinem, inuitis ma¬

92 1420 448 57 ritis, cooptari ſe volunt?

135 1464 822 66 Obſtat item quod in Actis Apoſtolorum 9.v.

94 1518 872 58 39. affertur, vbi alia viduæ Chriſtianæ exercitia

92 1566 870 58 deſcribuntur, nempe opera manuum, labores

92 1616 870 60 corporis, qualia ſunt nere, ſuere, ſarcire & cæ¬

92 1662 872 58 tera huiuſmodi, quæ magnam humanæ ſocietati

92 1713 872 62 commoditatem afferunt. Reſpond. vtrunque re¬

90 1758 879 72 ctè inter ſe conuenire & conſentire. Nempe Deï

714 1809 87 69 r.iij.
