1500 2172
882 123 48 74 548

348 158 264 33 CARVI.V.

80 178 861 72 gati euangelij, & fructus, qui inde multus emer¬

81 236 862 57 git, cõ ſideratio non cõfirmat huiuſmodiomnino

80 302 864 45 miegiemna vocationem, vtine que lœtus enatus il¬

80 333 862 60 legitimã copulã, quæ interceſsit inter adulteros.

134 381 807 63 Vitium autem iſtud tolli poteſt, ſi poſtea ordi

80 430 862 64 ne & legitimè vocetur is, qui primum illegitimè

82 480 453 52 in miniſterio verſabatur.

129 520 820 64 Qui autem ex parte tantùm eſt illegitimè ele¬

80 578 866 54 ctus & vocatus, veluti: ſi per Simoniam quis mu¬

81 626 867 63 nus adeptus ſit, & non legitimo populi vel ſena¬

82 675 864 52 tus eccleſiaſtici conſenſu, conſenſu tamen gradũ

80 723 870 62 obtinet, non eſt habenda pro omnino nulla huiuſ

81 772 864 60 modi vocatio, ſed vitium illud eſt corrigendum

78 820 866 62 Itaque iſti ſacramẽta conferre poſſunt, quia vtcũ

84 868 860 60 que non omnino verã & ſatis legitimam vocatio

81 915 862 63 nẽ habeant: habent tamen aliquam. Sic Scribę &

81 960 862 68 Phariſæi in Cathedra Moſis ſedebant. Sic Caia¬

82 1014 861 62 phas in pontificatu ſummo erat, quem pretio re¬

80 1062 864 63 demerat. Itaque exẽplo & Apoſtolorum, & Chri

78 1110 866 62 ſti ipſius, qui eos monuit & reprehendit non autẽ

75 1158 866 62 ſeceſſionem à corpore eccleſiæ fecit, ab iis nos ſe

80 1226 861 44 9r egure manumedeui non denemus, nec à to¬

78 1257 862 58 to eccleſiæ corpere. ( Id enim eſſet Donatiſtarũ

78 1306 858 57 hæreſim reuocare) ſed pacem eccleſiæ, quantum

78 1353 864 57 in nobis eſt, colere nos oportet, etſi iſtud vitium

80 1401 862 63 quod in eorum perſonis & electione inhæret,

78 1456 864 54 damnare oportet: & quantum poſſumus tum e¬

81 1503 698 51 mendare, tum etiam emendatum velle.

126 1546 812 62 Hac ratione fit, vt etiã à ſacrificulis Papiſticis

78 1596 862 60 collatus Baptiſmus nõ ſit in eccleſia Dei repeten

80 1647 862 60 dus: à priuato autem collatus idem baptiſmus ſit

75 1696 868 62 tamen repetendus, & pro nullo habendus. Etſi e¬

74 1744 866 69 nim in eccleſia Dei illegitimam vocationem Pa¬
