1500 2172
888 100 69 92 46.

376 144 290 33 CARVI VI.

108 166 861 72 autem vita non hæc quidem terrena, ſed ſpiritua

108 220 861 64 lis: non caduca, ſed æterna, qua nihil eſt homini

110 266 860 74 beatius, fœlicius, optabilius. Dicit autem appre¬

106 316 861 66 hende, vt perſeuerandum eſſe intelligamus vſquè

105 363 858 72 ad finem, & non deſciſcendum in medio curſu. Ij

106 416 860 64 enim demum apprehendunt, qui perſeuerant.

110 460 858 68 Nec tamen dicit apprehende, quaſi vita æterna ſit

106 512 860 63 meritum noſtrum: aut quaſi illius apprehenſio

105 561 864 63 & conſecutio ſit noſtrarum virium (eſt enim Deï

108 606 861 66 donum Romanor.6.verſ. 23.) ſed vt doceat non

105 656 862 69 deſiſtendum à cœpto itinere & certamine, do¬

104 704 864 68 nec ad eum locum peruenerimus, ad quem à

105 752 861 64 Deo vocati ſumus & ire inſtituimus. Eſt enim

104 801 861 64 turpe ab itinere ſemel ſurcepto co que fœlici de¬

104 848 862 69 ſiſtere, & reflecti. Magnitudo autem iſtius præ¬

104 900 862 64 mij, & quidem gratuiti, ſatis nos excitare ad quæ¬

104 946 861 69 libet onera & pericula pro nomine Chriſti ferẽ¬

106 993 218 60 da debebit.

156 1047 807 66 Oppome dutem heuu præmum Paulus illi

102 1092 861 66 exitio & interitui, quem ſibi auari accerſunt ſuis

99 1142 862 66 curis & cupiditatibus, vt docuit ſuprà verſ.9. vt

102 1186 861 70 quàm fœlicior ſit noſter, id eſt, piorum in Dei

98 1242 862 66 metu progredientium labor intelligatur, quàm

98 1288 704 62 auaroru, meóque ipſo ſimus alacriores.

142 1334 818 69 Denique Paulus argumentatur ab officio, &

99 1383 862 68 vocatione. Nam paſtores ad huiuſmodi certa¬

98 1434 864 64 men vocati ſunt, non tantum vt pij omnes: ſed

98 1480 864 68 multò maximè ipſi, quia ſunt paitores & cæte¬

96 1530 867 64 rorum duces. Similis locus Luc.9. v.2314. v.23. Si

102 1578 860 64 quis ſequitur Chriſtum tollat ſuam crucem. Am¬

99 1629 861 64 plificat autem hoc argumentum, à circunſtantia

99 1677 861 68 & temporis, & rei ipſius Qtod nimirum efficax

100 1724 855 75 fuit hæc vocatio. & ipſe Timotheus illi reſpon¬

728 1772 70 70 G.j.
