1500 2172
376 147 296 27 CAEVTVI

908 120 64 64 656

117 170 864 69 mit, quas opes ſemper habet ſecum pietas, &

116 225 864 62 quibus nunquam priuantur pij. Quæ ſint autem

117 273 864 58 veræ Chriſtianorum opes vide Auguſt. lib.1. de

117 320 864 63 Ciuitate Dei cap.19. Quare genus ipſum diuitia¬

117 368 868 64 rum, quas affert pietas, & de quibus intelligit hoc

117 417 864 58 Paulus, totam ſuperiorem quæſtionem aliâs in¬

120 465 858 57 explicabilem & implacabilem ſoluit & dirimit.

118 514 864 63 Eſt enim hoc genus diuerſum à terrenis corpo¬

117 561 867 64 reíſque opibus. Quanquam & eas ipſas habent

120 610 862 66 pij, quantum Dominus ipſis expedire nouit. Ha¬

118 660 862 56 bet enim fides promiſsiones vitæ tum futuræ, tũ

118 708 867 63 etiam præſentis, vt ſupra dictum eſt cap.4.V.8.

166 754 820 64 Cur autem quæſtus magnuſque prouentus ſit

118 802 872 64 pietas, ratio eſt, quòd Dei hæredes, Chriſti autẽ

120 850 867 63 cohæredes nos facit. Rom. 8.v. 17. Eſt enim no¬

120 900 868 57 ſtræ adoptionis in numerum filiorum Dei certiſ¬

120 948 867 62 ſimus fructus & effectus. Nulli enim vetè Deum

122 998 866 57 timent, nulli verè colunt, niſi qui verè ipſius ſunt

122 1047 867 63 filij. Ij autem ſunt pij. Oſtendit igitur pietas nos

124 1092 861 68 eſſe & Chriſti ipſius & donorum Chriſti partici¬

123 1144 868 62 pes. Nam in Chriſto inſunt omnes cæleſtes &

122 1190 866 69 ſpirituales ſalutaréſque theſauri, vt docet Paul.

123 1239 870 66 Coloſſ.2. verſ.3. Quare ditiſsimos fideles efficit

123 1287 866 68 ac eſſe arguit pietas. Ex quo fit, vt fideles à Iaco¬

124 1338 867 63 bo cap. 2.verſ.5. Πλόσινι, id eſt, diuites appellen¬

124 1388 867 58 tur. Et præclarè Ambroſius epiſtola 1o. Omnes

128 1432 862 64 Chriſtianos aduerſus profanorum ſannas & ſa¬

129 1480 866 66 pientes & diuites eſſe contendit. Id quod etiam

129 1530 866 62 Pſalm. 112. verſ.3.5. confirmatur, quanuis fortaſſe

130 1578 866 66 id ipſum multis de terrenis opibus cogitantibus

134 1626 862 64 videbitur οάδοξον & ἀτοπον. Sed tamen eſt ve¬

132 1676 861 64 riſsimum, ſi quo ſenſu dicitur, intelligatur, id eſt,

134 1725 862 74 de cæleſtibus diuitijs. Adiungit autem huic

734 1770 129 80 E.iii.
