1500 2172
598 122 704 50 47 AD T. TAVL. AD TIM.

580 164 862 70 iſta dominus nobis ea lege dedit, vt alijs ius, idẽ

582 219 861 64 vſusfructus relinquete poſſimus nõ tãtùm vt ijs

580 270 862 63 vtamur viuentes. Ergo & morientes legẽ certã

579 324 864 58 imponere teſtamento, contractu, legato, aliàque

579 363 747 62 legitima ratione poſſumus hæredi noſtro.

628 410 814 66 Denique inſulſum eſt, quod Monachi hoc

579 459 862 64 Pauli dictum ad ſe ſolos pertinere putant. Perti¬

578 508 866 64 net enim ad omnes Chriſtianos, qui procul à ſe

578 562 864 56 omnem auaritiæ animum abiicere atque remo¬

578 609 862 62 uere debent. Longè verior eſt concilij Antioche¬

578 654 864 64 ni cap.35. ſententia, quod iubet ne de Eccleſiæ

574 702 866 63 bonis Epiſcopi vel clerici plus ſibi, quàm victum

574 752 866 62 & veſtitum accipiant, ſi tamen ſe ſuis ſumptibus

576 801 867 62 exhibere non poſſunt. In proprios aut domeſti¬

574 848 868 64 cos vſus alios, aut in agrorũ ſuorũ, vel cognatorũ

574 897 866 56 commoda ne ea bona conuertant. Id quod etiã

573 944 864 66 in can. Epiſcopus 12.quæſt 1.relatum eſt. Deniq;

573 993 867 60 de bonis Eccleſiæ Sacerdos viuere, non autem

573 1038 868 68 luxuriari debet, vt eſt in diſt. 44. Et quod iam ad

573 1090 864 58 luxum conceſſæ ſunt Epiſcopis ampliſſimę opes

573 1138 866 63 de bonis Eccleſiæ, id factum eſt cum pauperum

576 1188 862 63 magno detrimento & iniuria:atque etiam ipſius

573 1234 866 64 Eccleſiæ magno malo. Nam quod Canoniſtæ

572 1286 867 63 reſpondent in gloſſa neceſſitatem canon. I.21.

573 1332 868 63 quæſt.1.quia hodie creuit decus Eccleſiæ, idcir¬

574 1383 867 62 co præter neceſſaria prætérque victum & veſti¬

574 1431 862 62 tum debuiſſe quoque opes maiores Epiſcopis

574 1480 866 62 concedi, quas in alijs rebus, vti in equis, pretioſis

578 1524 861 66 veſtibus &c.inſumerent, vt ſplendorem Eccleſiæ

574 1575 866 64 conſeruarent, illud eſt pernitioſiſſimum & falſi¬

573 1622 868 66 ſſimum, refutatúrque canon. Vaſa de conſecrat.

576 1671 862 60 diſtinct.1 vbi omnem eum ſplendorem externũ

574 1716 862 81 Epiſcoporum & Eccleſiaſticæ ſupellectilis, ve¬

1324 1767 116 90 ſtitus
