1500 2172
388 152 298 27 CANVAVE

878 117 64 70 764

92 177 860 68 gregem, in quo vos Spiritus ſanctus conſtituit

87 226 862 68 Epiſcopos, &c. Et Apocalypſ.cap.1.v.2. & Malac.

88 278 858 62 2. nomine Angelorum & Nuntiorum Dei ap¬

92 321 860 69 pellantur Eccleſiæ paſtores. Ergo huius depoſiti

90 374 860 60 rationem reddent. Neque Domini ſunt gregis

90 420 862 63 ſibi commiſſi, vt etiam Petrus ait 1.Pet.5. ſed

90 478 866 57 Deus iple mus gregis Doinus eſt. v ti depoſi¬

92 518 864 64 tarius rei apud ſe depoſitę Dominus non eſt: ſed

93 568 616 62 tantum eſt illius cuſtos ad tempus.

138 614 820 68 Seruare autem eſt non modò gregem Domini

93 662 861 66 non minuere, ſed etiam augere. At que ita ſe ge¬

94 710 866 63 rere, vt ſe Dei donis indignos & ſpoliandos non

96 758 862 69 præbeant, qui ea habent, quíque Eccleſiæ præfi¬

100 810 861 64 ciuntur. Cùm enim Dei donis abutimur, aut ea

98 870 862 52 Ipermime,ne que Minnue grorlam impendimus,

98 903 862 66 tunc ijs priuamur à Deo, ita quidem vt etiam au¬

99 951 864 66 ferantur ab eo, qui vel nihil vel pauca habet, quia

100 1002 861 63 quod habet talentum non conuertit in lucrum

100 1048 860 69 creditoris & Domini, à quo acceperat Matth.15.

148 1096 814 62 Cur autem depoſitum ſibi datum non ſeruent

102 1146 860 64 homines, duplex cauſa eſt, vel quòd doctrinæ fi¬

104 1197 862 63 deíque puritas violatur & in hæreſin vel matæo¬

102 1245 866 66 logiam conuertitur: vel quòd turpis vitæ ex¬

104 1292 861 66 empla cęteris præbent, Deúmque ipſi offendunt.

111 1341 858 64 Quo vtroque vitio carere debent, qui depoſitũ

105 1388 861 66 & dona ſibi à Deo collata habere, retinere &

105 1450 590 50 ferdate m idam iarttem cupiunt.

153 1484 816 64 Atque vt depoſitum Dei à nobis ſeruandum

106 1532 862 64 eſt: ita illius corruptela fugienda atque auerſan¬

108 1581 864 66 da eſt. Ea autem eſt vniuerſa matæologia & quæ¬

108 1629 866 68 ſtionum, oppoſitionum, contentionum & inaniũ

111 1678 861 66 ſpeculationum plena diſputatio, oſtentatio, &

110 1726 861 69 ſcientia, quam falſam ſcientiam appellat Paulus,

111 1776 861 78 quæ facit vt à vera fide illiúſque doctrina lon¬
