1500 2172
567 158 44 36 N

732 122 561 68 AD I. PAVL. AD TIM.

560 170 864 76 eſt. Patris enim & Dei voce complectitur Pau¬

561 225 862 75 lus quicquid generaliter ad diuinam naturã per¬

560 278 861 64 tinet, & eſt trium perſonarum cõmune: quo eo¬

561 322 861 72 dem dicendi genere paſsim vtitur ſcriptura. Er¬

562 369 861 76 go & Patrem & filiũ ipſum, quà Deus eſt, & Spi¬

561 422 862 63 ritum ſanctum teſtem eſſe noſtrarum actionum;

564 468 862 70 & earum imprimis, quæ in ecclelia & in iudiciis

564 522 866 66 fiunt, quibus duabus nobis ipſa Dei maieſtas ma¬

566 567 861 66 ximè repreſentatur ſpectatorem pronũtiat Pau¬

567 615 861 72 lus. Nam Deus etiam nudas cordis noſtri cogita¬

566 664 866 74 tiones nouit, & intuetur non tantùm ipſas actio¬

566 712 867 72 nes noſtras perſpicitque quę ab hominibus cerni

566 760 866 74 nõ poſſunt. Inde illud eſt etiã apud profanos ho¬

567 812 864 69 mines vulgare ὁμμα θεο͂ πάντα καθετα. Dei oculus

566 856 872 75 omnia perſpicit. Itaque rectè teſtis & vindex ad

567 912 870 68 uocatur Deus noltrarum actionum. qui vbique

567 951 870 74 eſt, omnia videt, & omnium futurus eſt iudex. Si¬

567 999 866 75 miles autem huic ſcripturę loci ſunt penè infini¬

572 1050 862 76 ti veluti, 1. Samuel.2o.ver.42.2.Chron.24. verſ.22.

573 1110 501 62 Atque hic primus eſt teſtis.

622 1146 819 75 Ieſum Chriſtum ſecundo loco teſtem citat &

573 1198 873 74 producit Paulus, quem Dominum vocat. Domi¬

573 1246 870 72 nus eſt Chriſtus quòdſit conſtitutus à patre rex

574 1294 870 69 & Dominus omniũ, datáque illi poteſtas in co¬

578 1346 868 72 lum & in terram. Item quòd omne iudicium

579 1394 868 75 pater conceſſit filio, neque iudicat quenquam vt

579 1442 870 72 eſt Ioan5. verſ.22. Sed & quatenus eccleſiæ caput

580 1491 868 75 eſt Chriſtus eccleſiaſticis iudiciis præeſt, neque

580 1539 873 72 tantum vt teſtis & ſpectator iis intereſt: ſed vt iu¬

585 1586 867 78 dex ipſe futurus, ac rationẽ eorum à paſtoribus, tã

585 1632 870 80 quam à Miniſtris à ſe delegatis, exacturus. Etſi ve

585 1683 867 75 rò Chriſtus mediator & quatenus Ieſus Chriſtus

585 1731 870 92 eſt, homol eſt & Deus: tamen quà homo eſt,

1376 1784 81 81 non
