1500 2172
316 152 324 39 CAPVT IIII.

862 111 70 78 284

57 177 879 82 igitur comprehenduntur, Encratitæ, Cataphry¬

62 231 876 78 ges, Montaniſtæ, qui omnes in hac parte Pytha¬

62 276 873 81 goreorum delirio faſcinati ſunt. Sed & Priſcillia¬

60 328 878 75 niſtæ quoque, vt ait Bernard.ſermo. 66. in Cant.

62 375 879 76 Deinde Papiſtæ ipſi, qui eadem iſta tantùm ex

64 424 872 80 parte, non autem in totum, vt illi priores hære¬

64 474 882 70 tici, damnarunt, quos hîc notat Paulus: quanquã

68 522 873 70 cibos omnes nemo vnquã prorſus & in totũ pro¬

66 573 878 74 hibuit, propterea quòd ſine his vita hæc corpo¬

66 622 879 69 ris ſuſtentari non poteſt. Sed ex cibis, alij negaut

69 668 874 72 cõcedi Chriſtianis hominibus Carnes, vt Mani¬

68 714 879 78 chæi, alij vinũ, vt Encratitæ. Atq; hæ prohibitio¬

68 768 879 72 nes habent ſpeciem magnæ humilitatis & corpo¬

69 813 876 76 ris macerationis: ſed tamen cùm ſint ἐθελοθρη¬

69 860 879 72 σκείαι & Dei cultus in illis ſtatuatur, ſunt diaboli¬

72 910 874 76 cæ & in Deum ipſum blaſphemæ ſuperſtitiones,

74 958 873 75 quæ ſunt omnino ex Dei Eccleſia profligandæ,

74 1006 876 78 vt docet Paulus Coloſſ2. & Tit.1. vbi de iiſdem

74 1058 876 74 rebus agit. Ac de quadam ciborum differentia &

74 1107 879 74 diſtinctione, non ea quidem, quæ poſtea ab hære¬

75 1154 876 75 ticis & Papiſtis inuecta eſt, & de qua Paulus hîc

76 1203 873 72 vaticinatur: ſed quæ ex Moſaica præceptione de¬

76 1252 876 72 fendebatur, vt apparet Leuitic. 20.V.25. & Deut.

80 1300 874 75 I4.iam tunc contentio & certamen erat in Dei

78 1348 873 75 Eccleſia, vt docet Paulus Rom.14. verſ.3 1.Cor.

80 1400 870 70 lorrerliej, de eprre de futuro ſuper his rebus ma¬

80 1448 876 75 iori errore, peſte ac pernicie periculoſiore

80 1497 736 70 fuerit operæpretium Eccleſiam moneri.

132 1542 824 75 Neque verò quod inter deteſtandos hæreti¬

84 1592 872 74 cos hîc cenſentur, qui ciborum vſum prohibent,

84 1644 872 70 facit, vt ingluuies, crapula, luxus & intemperies

82 1690 874 76 probetur. Nam nec eò pertinet hęc prohibitio ci¬

86 1738 870 87 borũ vt ſobriè nõ viuatur:ſed vt ne in his rebus
