1500 2172
414 152 310 36 CAPVT III.

944 132 57 63 176

129 178 878 72 tarunt grauiſſimé. Et hæc quidem in Ordinandis

130 234 874 60 ad munus Eccleſiaſticum obtinebant. In iam Or¬

132 284 872 60 dinatis verò iſtud obſeruatum primum eſt, vt v¬

129 333 874 62 xores ſuas, quas tunc habebant, retinerent, iiſque

129 382 876 56 vterẽtur: niſi eas contra ſpontaneã promiſſionem

129 430 872 54 iam factã duxiſſent, tunc.n. ab officio deponebã¬

129 480 873 56 tur, quia vxores duxerãt. Tamẽ rata iſta coniugia

130 526 880 62 eſſe & haberi oportére iudicabatur: ne tales à

129 574 874 63 fuis vxoribus diuellerẽtur. Sed inter digamos ta¬

129 622 876 66 men pœnitebãt. Poſtea verò iuſsi ſunt, etiam qui

129 672 878 63 cõiuges & mariti electi fuerant, vxorũ ſuarũ vſu

129 720 880 57 abſtinere, quod fuit Abelonitarũ hæreticorũ do¬

134 768 882 64 gma vt docet in lib. de Hæreſ. Auguſt. etſi retine¬

126 820 884 62 re & eas, tamen ſine vſu, domi habere poterant &

128 868 878 62 concedebantur. Itaque fere in monaſteria, quòd

126 916 873 62 iſta vxoris ſine vſu retentio mali eſſet exempli,

128 964 878 60 or dinatorum miniſtrorum vxores detrudeban¬

129 1014 876 62 tur Tandem verò creſcente in Eccleſia ſuperſti¬

128 1066 873 56 tione & inſtãte Syricio Papa impuriſsimo, & eius

129 1110 872 60 ſucceſſoribus Papis, coacti ſunt, vel inuiti, Epi¬

129 1158 872 58 ſcopi & Preſbyteri eas deſerere, & huiuſmodi cõ¬

128 1209 872 56 iugia, velut inceſtæ nuptiæ, propter violatum

129 1262 872 57 continentiæ votum ſunt, omnino & apertè dam¬

128 1308 873 57 nata, & diſſoluta tanquã nulla eſſent can. Preſby¬

129 1356 870 54 teris & can.ſeq. diſt.27. & omne conſortium cum

126 1401 873 57 muli eribus clericis interdictũ demũ eſt, niſi cum

124 1450 878 60 cognatis & ſibi ſanguine coniunctis fœminis, cũ

128 1504 872 56 quibus etiam nimiũ frequens cõſuetudo propter

124 1548 874 60 ſuſpicionem fuit prohibita cano. Interdixit diſt.

128 1598 868 62 32, & cano. Quorundam diſtinct.34. Sed dum ho¬

128 1650 872 57 mines temerarij honeſtum matrimonium mini¬

128 1696 872 62 ſtris Eccleſiaſticis prohibuerunt, & interdixerũt,

734 1788 99 75 h.iij.

129 1744 873 80 eos ad fœdiſsimam ſcortationem & adulteria
