1500 2172
570 177 114 32 402

706 153 585 56 AD I. PAVL. ADTTIM.

562 195 866 76 ipſo naturę inſtinctu tãtum impulſa, id quod cer

564 252 867 66 tè verum eſt. Obſtare autem videtur huic cõpa¬

564 297 864 72 rationi quòd Infidelitatis & cõtempti muneris

564 346 867 70 notam ferè facit ἀτορίαν Paulus, vti in epiſtola ad

568 396 864 64 Roma 1.verſ.31.2. Timoth.3. verſ.3. At hîc etiam

567 446 864 62 σοργάς φυτικὰς Infidelibus hominibus relinquit.

568 498 864 60 Reſp. Docere Paulum, cùm ita Roma.1.verſ.31. lo

572 543 862 63 quitur: quò tandem delabantur infideles, qui

572 597 866 57 Deum contemnunt: non propterea tamen eos

570 644 866 60 omnes, qui cæleſtis veritatis luce deſtituuntur,

572 687 864 70 ἄςόργυς eſſe omninò pronuntiare. In quibuſdã. n.

573 736 864 72 infidelibus manent iſtæ ſtorgę. At obiici poteſt,

574 786 862 72 Multi infideles fuerunt ἀςτοργον, & ſuorum negli¬

574 832 864 74 gentes, quos etiam feris ac beſtiis ſępè obiece¬

573 879 868 76 runt ac expoſuerunt. Reſpon. Paulum hîc loqui

573 932 868 69 de iis, qui naturam humanam non prorſus exue¬

573 980 870 69 runt quales inter eos ſunt multi: qui naturales il¬

574 1023 868 74 los & inſitos à Deo omnibus hominibus affe¬

576 1074 868 74 ctus retinẽt & ſentiunt. Diſputat hîc inſulſè Tho

578 1122 868 75 mas, vtrum ex hoc Pauli dicto colligi debeat pa¬

579 1172 868 68 tres fideles ſuorum liberorum & domeſticorum

579 1222 872 69 negligentes, eſſe ἀπλῶς & omnino peiores & de¬

580 1269 870 69 teriores infidelibus & ethuicis, vt nullaiam in re

584 1323 867 66 iis ſint pręferendi: ſed ſint vtrique inter ſe æqua

585 1366 867 69 les & per omnia conferendi, adeò vt quemadmo

588 1418 866 64 duir imide rm paruuli baptizari non poſſunt, ne¬

586 1462 870 68 que etiam iſtorum ſidelium paruuli baptizari de¬

588 1512 868 70 beant. Reſpõ Hoc Pauli dictum eſſe κατάτι acci¬

590 1560 866 75 piendum. Quoad ipſos ſideles hypocritas, planè

590 1608 867 64 in exitium illis cedunt Dei dona vt mitior ſit fu¬

592 1658 870 64 tura conditio & pœna Sodomæ, quàm iſtorũ cõ¬

590 1707 870 72 temptorum Dei. Quòd autem ad ipſa Dei dona,

592 1755 868 82 qualis eſt baptiſmus ſuũ habent effectũ, & firma

1382 1802 87 68 ſunt
