1500 2172
304 150 300 22 C ANVTVI.

874 120 62 64 686

84 172 866 62 adoraueris me. Animi cruciatum quantum auari

84 228 861 57 ſentiant & taciti perferant docet etiam impius

82 276 861 62 Lucianus in Dialogo qui Simon vel Αλεκλρύων

84 326 861 58 inſcribitur: Plautus in Euclione, & pulcherrimè

82 369 862 69 diſputat A. Gollius, ex verbis C. Criſp. Saluſtij

82 423 862 60 lib.3. Noct. Attic.cap.1. Adeò vt hîc animi dolor

86 468 856 64 qui ex diffidẽtia atq; infidelitate naſcitur, ſit eius

84 519 866 60 ipſius pœnæ quæ in inferno auaris iſtis, niſi reſi

84 573 862 62 puerint, parata eſt, præguſtamentũ quoddã atq;

82 618 867 60 delibatio miſerriina e ihiuauiſſima. Sed nõ tan¬

80 681 870 48 cumn aiim. verum etiain corporis perpetuus eſt

81 716 868 58 cruciatus & fatigatio auaritia, quemadmodum

86 766 741 60 præclarè his verſibus cecinit Q. Flaccus.

132 810 814 63 Impiger extremos currit mercator ad Indos

129 874 816 51 Per mare pauperiem fugiens, per ſaxa, per i¬

84 910 104 56 gnes.

81 951 864 69 Reliqua vitia ad paſtorum conciones pertinent,

86 1023 795 45 quæ noc iococumnulaiiin auaritiam poſſunt.

135 1095 808 70 71 Tu verò, homo Dei, iſta fuge, ſecta¬

80 1155 867 69 re autem iuſtitiam, pietatem, fidem, charita¬

78 1210 566 66 tem, tolerantiam, lenitatem.

129 1286 820 66 Κατάβασις eſt. A generali enim præceptione,

84 1340 866 57 quæ omnium Chriſtianorum, quemadmodum

80 1388 870 60 dictum eſt à nobis, communis erat, adſpecialem

76 1431 872 66 deſcendit vt hanc doctrinam peculiariter paſto¬

78 1480 872 62 ribus in perſona Timothei applicet. Summa

78 1530 872 63 huius applicationis hæc eſt. Si quibus hominibus

80 1580 870 54 Chriſtianis ſcelus illud & teterrimum auaritiæ

84 1629 864 58 vitium fugiendum & cauendum ſit, vnis maxi mè

80 1674 866 63 paſtoribus, Doctoribus, Præfectis, Miniſtríſque

76 1725 867 70 omnibus Eccleſiæ id faciendum. Atque per ᚠ¬
