1500 2172
382 148 267 26 CAEVTV.

894 124 58 70 386

88 166 870 81 paſtorum Euangelicorum ſollicitudine digna,

90 225 872 69 docet Paulus: deinde ab effectu ſiue proprio ea¬

86 276 873 66 rum munere eaſdem depingit, nempe à preci¬

87 321 868 64 bus & pietate eximia. Eſt in cano. Vidua diſtinct.

90 369 868 70 34 aliqua de viduis diſputatio ex Hieronym. ſed

92 418 862 68 quæ nihil, niſi ſuperſtitioſum & mancum, habeat.

86 466 870 69 Eæ igitur viduæ Eccleſiæ eleemoſynis ſubleuari

86 513 867 72 debent, quæ deſcribuntur hoc loco. Nam exhis

84 564 870 68 Pauli præceptis etiam aliæ regulæ & canones de

84 610 867 72 pauperibus ab Eccleſia alendis ſunt decerpendi,

82 662 867 70 vt & Paſtores, & Diaconi Eccleſiæ intelligant,

80 710 873 68 quos in albo pauperum habere, quibúſque ex æ¬

74 758 880 74 rario Eccleſiaſtico ſuccurrere debeant, ne, ſi aliud

75 810 874 66 hominum genus alant, fucos potius quàm paupe¬

74 876 873 42 res fuer lant ce paicarit. & temere tendes Eccleſiæ

74 906 876 66 opes profundant. Magna enim cura eſt adhiben¬

74 954 872 64 da, vt prudenter, & quibus oportet, fidelium e¬

72 999 868 74 leemoſynæ diſtribuantur, vt etiam 2.Theſſalon.3

74 1050 258 62 docet Paulus.

126 1096 816 72 Videtur autem hoc loco proponi duplex ve¬

68 1149 874 70 ræ & pauperis viduæ deſcriptio, vna ab Etymi

66 1197 876 68 ratione & explicatione ſumpta, altera ab officio

66 1250 873 64 & munere earum. Nam cùm ait Paulus χῆρα ἐςτιν ὸ

64 1296 872 70 μεμονωμένη vocis ipſius χύρας ſignificationem ſy¬

63 1344 876 70 nonymo explicauit. χῆρς enim ἀπὸ το͂ χιρο͂ν, quod

63 1394 876 64 eſt deſolare, deſtituere, orbare proculdubio de¬

64 1443 874 66 ducitur. Hoc autem ipſum vox ſequens μεμονομé¬

64 1491 873 66 m planè deſignat, quæ ſolam eſſe, deſertam, &

63 1539 874 64 præſidio deſtitutam ſignificat. Id quod ex Ge¬

62 1586 876 64 neſ. 15. verſ.3.videtur ſumptum. Sed à Latinis ipſis

66 1635 873 69 viduertas dicta eſt calamitas, vt ſcribit Sext.Pom¬

66 1684 872 68 peius. Hæc igitur μονώτης & ſolitudo non tantùm

64 1736 868 78 marito priuatam eſſe oportere hanc viduam do¬

710 1788 58 68 r.j.
