1500 2172
902 128 60 69 484

351 150 267 30 CAPVT V.

98 171 867 75 gatione perſiſtit, coget, aut adiget: ſed confiten¬

98 230 868 63 tem tantùm & verè pœnitentem, inquam, Ec¬

96 278 868 58 cleſia ad confeſſionem adducet. Probo igitur id

98 324 864 63 quod in can. Preſbyter xv. quæſt.I.in eãdem ſen¬

94 374 870 57 tentiam ſcriptum eſt. Et hæc quidem in vniuer¬

92 418 872 68 ſum de ijs, qui cenſura Eccleſiaſtica ad delicti

94 468 867 68 confeſsionem compelli debent & poſſunt. Quod

93 518 866 68 ſi de ijs, qui publicè confiteri debent, quæritur,

94 567 868 62 Reſpondeo eos tantùm ad id eſſe compel¬

90 620 872 58 lendos, iíſque folis indicendũ eſſe, quorum deli¬

90 663 872 72 ctum & factum iam publicum & notorium eſt

92 711 180 62 Eccleſiæ.

138 758 822 69 Quæſitum eſt, Quomodo fieri hæc publica cõ¬

86 807 873 69 feſsio debeat. Atque hoc partim ad formam ex¬

86 858 872 66 ternam ſpectat: partim etiam ad ipſius peccato¬

86 906 870 69 ris publicè confitentis officium. Ac quidem quod

86 956 864 68 ad ipſum confitentem attinet, nemo per nuntiũ,

86 1005 866 68 neque per ſcriptum facere illahi confeſsionem

86 1052 866 68 olim potuit, ſed corporali præſentia, & ipſo ore

84 1098 866 74 ſuo, vt eſt præclarè reſponſum ab Auguſtino in

81 1148 868 70 lib. de Pœnitent. & eſt relatum in cano. Quem

82 1197 868 70 pœnitet diſtinct. I. de Pœnitentia, & hoc ipſum

80 1252 364 51 retinendum cenſeo.

128 1298 820 62 Quod autem ad formam & ritus externos. Pri¬

78 1344 872 68 mùm hæc publica confeſsio ſimpliciſsimè in Ec¬

76 1392 872 66 cleſia fieri ſolebat. Deinde verò huic ſimplicita¬

88 1438 842 66 ti additae sunt quaedam caeremoniae, ad maiorem

78 1492 868 66 oſtentationem & pompam. Ergo concilio Aga¬

76 1538 870 64 thenſi conſtitutum eſt, vt publicè confitens ini¬

78 1586 868 69 tio Quadrageſi mæ ſtaret nudis pedibus pro fori¬

80 1635 866 69 bus templi, ſacco indutus, cilicio caput tegens,

76 1684 873 69 & ſupra caput cinerem ſpargens, vultu in terram

75 1731 870 82 demiſſo. Deinde exomologeſi facta, Eccleſiæ cõ¬

687 1788 87 68 x.ij.
