1000 1448
272.0 100.0 168.0 17.0 CANVTV.

595.0 80.0 48.0 43.0 345

68.0 112.0 576.0 46.0 in nobis ineſſe debet. Bernard.ſerm.58.in Cant.

67.0 150.0 579.0 38.0 ſic eam definit, Eſt inuitatio & ſtimulatio quædã

72.0 181.0 574.0 40.0 charitatis piè nos ſollicitantis æmulari fraternã

66.0 216.0 579.0 37.0 ſalutem, æmulari decorem domus Dei, incremẽ¬

65.0 247.0 581.0 40.0 ta lucrorum eius, incrementa frugum iuſtitię eius

68.0 280.0 578.0 40.0 laudem & gloriam nominis illius Iſtiuſmodi er¬

68.0 314.0 578.0 42.0 go erga Deum religioſis affecti bus quoties is

71.0 345.0 574.0 44.0 qui animas regere, aut ſtudio prædicationis ex

65.0 377.0 580.0 42.0 officio intendere habet, hominem ſuum interio¬

63.0 411.0 583.0 41.0 rem ſenſerit permoueri, toties pro certo ſpon¬

62.0 442.0 582.0 45.0 ſum adeſſe intelligat: toties ſe ab illo ad vineas

61.0 477.0 112.0 37.0 inuitari.

90.0 505.0 554.0 45.0 Externa vocatio eſt, hominum qui iudicare

61.0 541.0 582.0 40.0 ponune de noſtra ad aliquod munus capacitate

59.0 571.0 583.0 41.0 & idoneitate teſtimonium libero, non redempto

59.0 604.0 582.0 38.0 non captato ipſorum ſuffragio, in Dei timore &

61.0 637.0 579.0 41.0 via à Deo præſcripta atque legitima patefactum

60.0 670.0 186.0 37.0 & declaratum.

94.0 700.0 546.0 43.0 Vt ſit autem hæc externa vocatio noſtra legi¬

58.0 735.0 582.0 37.0 tima, duo hæc concurrere debent:è quibus tamẽ

61.0 772.0 577.0 32.0 vnum alterum præcedit, nimirum Electio, quæ

59.0 801.0 576.0 39.0 præcedit: Ordinatio ſeu approbatio electi,

58.0 832.0 258.0 39.0 ſequitur electionem.

87.0 863.0 550.0 42.0 Electio eſt, eorum qui poſſunt & debent ſyn¬

57.0 897.0 579.0 41.0 cerum atque ſanctum de nobis teſtimonium, per

58.0 929.0 577.0 41.0 quod deſignamur ad certum munus gerendum.

84.0 960.0 553.0 43.0 Ergo hîc videndum 1 A quibus fieri debeat

55.0 994.0 582.0 42.0 electio. 2 Quando, 3 Quomodo. Ac qui¬

56.0 1024.0 579.0 43.0 dem primum illud ſtatuendum eſt, quòd Nemo

54.0 1057.0 581.0 42.0 à ſeipſo eligi vel debet, vel poteſt. Verum enim

54.0 1090.0 581.0 42.0 illud eſt, Nemo iudex ferendus in propriæ ratio¬

53.0 1123.0 580.0 42.0 ne cauſæ:item & illud, Laus in proprio ore ſorde¬

53.0 1156.0 577.0 51.0 ſcit. Neque obſtat quod ſuprà de interna eligẽ¬
