1000 1448
223.0 103.0 178.0 21.0 CANVI V.

584.0 82.0 47.0 50.0 361

60.0 119.0 573.0 48.0 Quorundam. Diſt. 24. Ergo cùm preces retinen¬

57.0 155.0 575.0 43.0 tur, ipſis canonibus Papiſticis autoribus ipſa ma¬

57.0 189.0 575.0 41.0 nuum impoſitionis vis, finis, & ſubſtantia conſer¬

57.0 229.0 575.0 34.0 uatur. Quod eſt ſatis. Neque eſt manuum impo¬

56.0 251.0 575.0 45.0 ſitio eſſentialis pars & ritus legitimæ vocationis

87.0 285.0 542.0 42.0 Denique dum hanc cęremoniam præciſè vr¬

55.0 317.0 574.0 44.0 gẽt homines, videmus eos incidere in vanas quæ¬

53.0 349.0 575.0 43.0 ſtiones & ineptas, veluti De triplici manuum im

53.0 389.0 576.0 35.0 poſitione Vna Ordinatoria, altera Cõfirmatoria

52.0 415.0 576.0 42.0 tertia Curatoria ve eit in canone. Manus. I.

51.0 446.0 107.0 43.0 quæſt.I.

81.0 478.0 546.0 47.0 Item vtrum, repeti in eodem poſſit manuum

49.0 509.0 130.0 38.0 impoſitio.

78.0 543.0 549.0 43.0 Item vtrum ſic manus imponi debeant, vt ca

45.0 575.0 580.0 46.0 put ipſum electi attingant, de quo anxiè quæri¬

49.0 608.0 579.0 44.0 tur in cano. Epiſcopus diſt 23. Ergo fatui ſunt, qui

46.0 640.0 575.0 46.0 hærent in ea nuda cæremonia, & prorã & pup¬

46.0 674.0 577.0 43.0 pimlegitimæ vocatloms cecienaitieæ cõſtituunt

45.0 703.0 576.0 45.0 quod faciunt Papiſtę, cùm illa ſit rerum indifferẽ

42.0 749.0 580.0 33.0 num numeromeque ſit pars vlla eſſentialis legi¬

43.0 769.0 573.0 45.0 timæ vocationis: ſed tantùm illius teſtificandæ

41.0 802.0 576.0 47.0 adminiculum externum & ſignum quoddam

46.0 835.0 266.0 41.0 confirmatę electionis.

57.0 866.0 560.0 47.0 Ergo & retineri & omitti poteſt pro more re¬

38.0 899.0 375.0 44.0 gionis, in qua electus ordinatur.

68.0 930.0 548.0 46.0 Additum eſt denique, vt eſſet legitima ordina

39.0 963.0 577.0 45.0 tio epiſcopi, nimirum vt tres epiſcopi vicini or¬

38.0 995.0 584.0 48.0 dinationi ſiue cõfirmationi intereſſent ſiue ma

36.0 1029.0 581.0 42.0 nus vna cum vniuerſa eccleſia, de cuius paſtore e¬

34.0 1061.0 583.0 46.0 ligendo agitur, imponerẽt. Id quod ex Apoſtolo¬

34.0 1094.0 580.0 44.0 rum canonibus ſumptum putant, & ſtudioſè re¬

32.0 1126.0 580.0 47.0 tinent Papiſtæ, quod tamen & oneroſum eſt pau

34.0 1159.0 579.0 53.0 peribus eccleſiis, & ad ambitionem & pompam
