1000 1448
368.0 119.0 65.0 20.0 JUa.

477.0 99.0 374.0 35.0 AD MTAVE. AD TIM.

361.0 129.0 574.0 49.0 ipſis ſuæ diuitiæ ſint ſalutares. Pro ἀγαθορργεῖν, le¬

362.0 166.0 574.0 44.0 git Ambroſius ὀθελοεργεῖν, quod huic loco & mẽti

360.0 200.0 574.0 37.0 Pauli nõ conuenit. Bona igitur opera vocat Pau¬

359.0 231.0 575.0 44.0 lus ea, per quæ in proximum beneficium confer¬

361.0 263.0 573.0 43.0 tur, & illi bene fit, quemadmodũ idem loquitur

362.0 297.0 572.0 43.0 Galat.6.verſ.9.1o. quanquam verbi Græci ſigni¬

358.0 329.0 575.0 44.0 ficatio etiam ad alia operum genera pertinet. Bo¬

358.0 363.0 576.0 40.0 na verò opera ſunt eleemoſynæ, quia à bona ra¬

359.0 393.0 574.0 44.0 dice, id eſt à fide & vera Chriſtianáque charita¬

358.0 427.0 576.0 42.0 te naſcuntur. Aliâs ipſa pecuniæ datio quæ fit

358.0 459.0 577.0 43.0 pauperi, per ſe poteſt eſſe opus indifferens, vt do¬

358.0 493.0 576.0 37.0 cet Paulus 1.Corinth.13.verſ.3. vel etiam malum,

358.0 524.0 576.0 41.0 vt ſi pauperi dem, quem ineſcare cupio, vt hac li¬

356.0 555.0 578.0 42.0 beralitate poſtea perſuaſus à me facilius iugule¬

358.0 588.0 575.0 39.0 tur, vel lædatur, exemplum eſt Matth.6.verſ.1.2.

357.0 620.0 577.0 41.0 3. eleemoſynarum quæ damnantur. Ergo nõ tam

355.0 652.0 578.0 42.0 externum opus in iſtis rebus eſt opus illud quod

355.0 684.0 579.0 44.0 bonum appellatur, quàm fons, origo, finis & ſco¬

356.0 720.0 578.0 40.0 pus ipſe, vnde illæ eleemoſynæ proficiſcuntur: &

355.0 748.0 577.0 42.0 ad quem tendunt. Quod idcirco notandum eſt,

357.0 782.0 575.0 37.0 quia homines infideles & hypocritæ hæc opera

354.0 814.0 578.0 41.0 externa longè potiora melioráque putant, quàm

355.0 847.0 577.0 36.0 veram in verum Deum fiduciam, carnis mortifi¬

353.0 877.0 577.0 43.0 cationem, ſpiritus renouationem, quoniam ſpe¬

353.0 913.0 578.0 38.0 ciem maiorem ſanctitatis & humanitatis præ ſe

354.0 945.0 579.0 36.0 ferre videantur. Bonum enim opus metiuntur

356.0 978.0 575.0 38.0 ex eo quod eſt & apparens, & alteri vtile & com¬

353.0 1009.0 578.0 40.0 modum. Bona ſunt quidẽ hæc opera quatenus ex

355.0 1040.0 576.0 39.0 vera fide & charitate fiunt: & ad Dei gloriam &

353.0 1074.0 577.0 42.0 obſequium proximíque ædificationem penitus

351.0 1105.0 145.0 38.0 referuntur.

388.0 1136.0 542.0 40.0 Quod addit, faciles ad impertiendum, oſtendit

351.0 1169.0 578.0 50.0 veriſſimam liberalitatis, quæ in diuitibus eſſe de¬

870.0 1206.0 58.0 44.0 bet,
