1000 1448
487.0 88.0 380.0 47.0 AD I. PAVL. AD TiM.

382.0 104.0 50.0 35.0 158

378.0 122.0 580.0 50.0 verba ſunt, vt ſi diſtinctio locorũ creditur in mũ¬

378.0 159.0 580.0 47.0 do etiam in altari Dei videant ſibi Epiſcopi, qui

378.0 192.0 581.0 49.0 ſuperbi ſunt, Diaconos anteponi. Deinde viden¬

378.0 226.0 580.0 45.0 tur ex veteri diſciplina Eccleſiæ etiã ad honeſtio

378.0 257.0 583.0 47.0 ra quædam officia & mimſteria quàm Preſbyteri

379.0 291.0 581.0 48.0 ipſi admitti. Ipſi enim (vt ibidem tradit Hieron.

380.0 324.0 582.0 48.0 quanuis cõquerens) Sacerdotibus de menſa Do¬

380.0 355.0 580.0 47.0 mini calicem tradunt: non autem Diaconis Pre¬

380.0 388.0 581.0 47.0 ſbyteri. Id etiam tranſcriptum eſt in cano. Dia¬

381.0 421.0 579.0 44.0 coni ſunt quos diſtinct.93. Sed etiam videntur a¬

379.0 455.0 582.0 46.0 liquando prædicaſſe, abſente Epiſcopo, & admi¬

380.0 487.0 581.0 47.0 niſtraſſe Sacramenta Diaconi, etiam præſenti¬

382.0 518.0 580.0 46.0 bus Preſbyteris in cano. In ſancta diſtinct.92. qui

380.0 551.0 581.0 44.0 canones à nobis non vt doctrinæ Chriſtianæ fir¬

381.0 584.0 581.0 43.0 mamenta citantur: ſed vt rei geſtæ hiſtoriæ tan¬

380.0 614.0 582.0 48.0 tùm. Denique videntur Diaconi ſæpius, quàm i¬

383.0 648.0 580.0 46.0 pſi Preſbyteri locum & vicem Metropolitanorũ

380.0 679.0 582.0 45.0 ſuorum repræſentaſſe, & obtinuiſſe in veteribus

381.0 712.0 582.0 49.0 Synodis, ex eo quòd Rom. Epiſcopi ſuas partes

382.0 747.0 581.0 46.0 Diaconis ſæpiùs, quàm Preſbyteris demanda¬

381.0 777.0 583.0 48.0 rint: quòd his facile carere non poſſent: illis autẽ

382.0 808.0 584.0 46.0 Diaconis facilius poſſent Et hunc morem poſtea

381.0 846.0 583.0 45.0 ſecuti ſunt alii Epiſcopi, imprimiſque Metro¬

382.0 874.0 582.0 49.0 politani, vt ſe ad Roman. Eccleſiæ exemplar

382.0 907.0 583.0 47.0 conformarent, adeò vt ex iſtis cauſis Preſbyteris

380.0 937.0 586.0 50.0 Diaconi cenſeri cœperint præferendi, & ijs eſſe

383.0 973.0 583.0 47.0 gradu ſuperiores maioréſque. Quid igitur de

383.0 1007.0 584.0 44.0 hac re ſtatuendum ſit, quæritur. Repo. Primùm

383.0 1038.0 584.0 47.0 omnes iſtas de proëdria & præeminẽtia diſputa¬

384.0 1069.0 583.0 44.0 tiones (quæ ſunt veriſsima diſsidiorum ſemina,

385.0 1101.0 584.0 48.0 & dãnabilis ambitionis effecta) de Eccleſia Dei,

385.0 1135.0 585.0 45.0 imprimis autem de eœtu præpoſitorum Eccleſiæ

388.0 1164.0 581.0 63.0 (inter quos ſunt & Preſbyteri & Diaconi) tollẽ¬

922.0 1195.0 50.0 50.0 das
