1000 1448
251.0 108.0 211.0 31.0 CAPVT III.

599.0 92.0 51.0 47.0 109

69.0 131.0 581.0 50.0 in canonibus Apoſtolorum, qui dicuntur; éſtque

71.0 170.0 579.0 39.0 relatum in canon. Si quis viduam & eiectam diſt.

73.0 200.0 577.0 46.0 34. & à Neoceſarienſi concilio (quod Nicenum

69.0 234.0 581.0 44.0 primum præceſsit,) repetitum cap. 8. Quod etſi

69.0 267.0 581.0 42.0 non improbo ab ijs ita eſſe conſtitutum, ex eo ta¬

68.0 299.0 580.0 40.0 men laqueum conſcientijs vllum induci nolim,

69.0 330.0 581.0 42.0 & ita ſtrictè in omnibus obſeruari. Nam hoc ita

69.0 361.0 581.0 44.0 conſtitutum ſolùm eſt à Patribus illis, quòd Ec¬

69.0 398.0 580.0 38.0 cleſiæ ædificatio in tanta meretricum copia, &

69.0 427.0 581.0 45.0 inter gentes profanas verſantes exigere huiuſ¬

69.0 460.0 581.0 45.0 modi quiddam videretur. Oſeas tamen duxit

69.0 491.0 577.0 43.0 meretricem in vxorem, ſi quibuſdam credimus.

99.0 524.0 551.0 44.0 Sed & ſiquis eam vxorem habet, quam ex legũ

67.0 556.0 582.0 47.0 præſcripto ducere non poteſt, veluti ſi intra eum

69.0 588.0 579.0 48.0 gradum, qui legibus alicuius prouinciæ politicis

69.0 621.0 580.0 44.0 prohibetur, ad munus Eccleſiaſticum vocari &

67.0 654.0 579.0 42.0 admitti non debebit ex Synodo 6. generali, quæ

67.0 695.0 579.0 30.0 Ioit Gontaneinoponta in Piuno, & eſt in cano.

66.0 719.0 580.0 42.0 Preſbyterum non legalibus diſtinct. 28. vbi Gra¬

66.0 752.0 580.0 45.0 tianus ſe imperitum prorſus prodit: vel ſi per i¬

68.0 786.0 577.0 41.0 gnorantiam admiſſus eſt ad Epiſcopatum, inter¬

68.0 816.0 576.0 44.0 dici muneris ſui exercitio debebit, ex iiſdem Sy¬

68.0 852.0 175.0 40.0 nodi decretis

100.0 879.0 547.0 46.0 Additum quoque eſt à concilio Chalcedonẽſi

67.0 916.0 575.0 42.0 cap. 14. & ſancitum, ne qui vxorem hæreticam,

68.0 946.0 577.0 43.0 aut Paganam ſiue Gentilem & idololatrã duxiſ¬

65.0 978.0 580.0 42.0 ſet fieret Epiſcopus & clericus, ne fortaſſe illa vi¬

65.0 1011.0 578.0 42.0 rum à fide Chriſti abducat, aut pietatem Chri¬

65.0 1042.0 580.0 45.0 ſtianam profanet, & calumnietur, quia hoſtis eſt

69.0 1076.0 575.0 43.0 & inimica. Sic eſt in cano. Quoniã in quibuſdam

66.0 1109.0 576.0 44.0 diſtinct.32. Sed & qui duas ſucceſſiuè & legitimè

67.0 1143.0 577.0 41.0 ductas vxores habuerunt, Digami ſunt appellati

65.0 1173.0 577.0 52.0 ab iſtis: ſed perperam. Itaque ab officio paſtorũ
