1000 1448
594.0 74.0 52.0 65.0 449

261.0 98.0 185.0 25.0 CAPVT VI.

69.0 113.0 578.0 54.0 priè noſtrum futurum. Sin autem aliquid pro¬

69.0 151.0 577.0 48.0 prium retinemus, iam hoc damnabile ſtudiũ in

68.0 181.0 578.0 52.0 nobis accendi. Sed exemplo Monachorum, qui

69.0 214.0 576.0 51.0 omnia in communi habent, docemur, ne hanc

69.0 248.0 576.0 48.0 quidem communionem bonorum extinguere oi¬

68.0 279.0 577.0 50.0 λοπλουσίαν, cùm nihil ſit Monachis auarius, & ad o¬

69.0 313.0 577.0 49.0 pes illas communes congerendas ardentius. Nã

69.0 345.0 577.0 49.0 etiam quod commune eſt, quodammodo noſtrũ

67.0 378.0 579.0 48.0 eſſe arbitramur, & quantò communitas ipſa erit

68.0 409.0 573.0 51.0 ditior, nos quoq; ipſos opulentiores, beatiores,

67.0 442.0 579.0 49.0 ditioréſque eſſe exiſtimamus. Itaque Ieſuitarum

65.0 476.0 580.0 50.0 exemplum & vita ſiue regula, qui Anabaptiſticã

65.0 508.0 579.0 47.0 illam bonorum communionem admiſerunt, ſe¬

67.0 540.0 577.0 48.0 quuntúrque hodie in ſuis monaſteriis, oſtendit

65.0 574.0 578.0 44.0 euidentiſſimè φιλσπλνσίαν propterea minimè ex¬

65.0 605.0 578.0 47.0 tingui. Neque etiam vt nos ab iſta habendi cu¬

65.0 636.0 576.0 50.0 piditate retrahat Dei ſpiritus hoc loco, reuocat

65.0 670.0 576.0 48.0 ad κοπωνίαν bonorum, ſed proponit pericula, in

66.0 702.0 576.0 50.0 quæ ſeſe coniiciunt, qui opes ſic appetunt, ſiue

64.0 736.0 577.0 48.0 priuatas, ſiue communes. Quæ enim mala hîc e¬

63.0 769.0 576.0 47.0 numerat Paulus tam in communione bonorum,

64.0 807.0 574.0 44.0 quàm in priuata eorum poſſeſſione emergunt,

66.0 849.0 576.0 30.0 ceoriuneuti De qua Irnlavapthtarum ſententia

62.0 868.0 579.0 45.0 plura ſcriberemus, niſi eam opere elegantiſſimo

62.0 902.0 579.0 41.0 vir piæ memoriæ D. Bullingerus abundè refutaſ¬

61.0 932.0 579.0 47.0 ſet ſex libris contra Catabaptiſtas editis, in quo¬

61.0 966.0 504.0 39.0 rum lib.2. Tract.6.hoc delirium reiicitur.

95.0 998.0 544.0 46.0 Gignit igitur & parit hoc ſtudium & affectus

65.0 1030.0 185.0 38.0 varia pericula.

86.0 1062.0 553.0 43.0 I Incidunt, qui tales ſunt, in laqueos & tenta¬

64.0 1094.0 576.0 45.0 tionem, Diaboli nimirum. A quo periculo no¬

65.0 1127.0 576.0 45.0 bis toto conatu, & velis remiſque fugiendum

63.0 1160.0 578.0 52.0 eſſe docemur quotidie in oratione Dominica his

489.0 1193.0 39.0 53.0 F.j
