1000 1448
489.0 82.0 375.0 37.0 AD I. T AVL. AD TIM.

374.0 106.0 580.0 56.0 ſtinctos obſeruemus & ſeparemus, nempe Ele¬

375.0 148.0 581.0 49.0 ctionem ipſam ſiue præſentationem perſonæ: &

376.0 185.0 578.0 45.0 Acceptationen, quati alij Oruinationem, alij

376.0 216.0 344.0 43.0 Confir mationem appellant.

393.0 241.0 569.0 51.0 Hæc igitur Electio ſiue præſentatio, quam dico

376.0 277.0 583.0 46.0 eſt ipſius perſonæ ad munus aliquod Eccleſiaſti¬

376.0 310.0 580.0 47.0 cum vocandæ prima agnitio, agnitæ tenta¬

376.0 341.0 583.0 48.0 tio, deguſtatio, probatio, & examinatio, quæ tũ

375.0 373.0 586.0 47.0 deipſius vita, tum de doctrina fieri debet, & ita

375.0 406.0 585.0 46.0 examinatæ atque conſentientis denuntiatio &

376.0 439.0 586.0 50.0 præſentatio, quæ fit toti populo & Eccleſiæ ſi¬

374.0 471.0 586.0 48.0 mul collectæ. Hæ verò ſunt Presbyterij, & qui¬

378.0 505.0 500.0 46.0 dem totius, partes, non plebis aut populi.

407.0 534.0 551.0 50.0 Approbatio autẽ eligendi eſt, de perſona iam à

373.0 569.0 581.0 48.0 Preſbyterio examinata diligenter & propoſita,

374.0 600.0 589.0 45.0 Iiberum, ſed tamen iuſta aliqua ratione nitens

374.0 633.0 588.0 49.0 totius populi & Eccleſiæ ſuffragium, per quod

374.0 666.0 584.0 48.0 poſt commodum aliquot dierum interuallum

373.0 696.0 587.0 50.0 conceſſum, illam perſonam populus vniuerſus,

376.0 729.0 581.0 51.0 vel acceptat, vel reiicit atque repudiat. Hæc igi¬

376.0 763.0 582.0 47.0 tur approbatio ad plebem & totum populum

385.0 799.0 281.0 44.0 Eccleſiæ ſanè pertinet.

408.0 824.0 550.0 49.0 Hoc verum eſſe atque ita factitandum, vt ſit

374.0 859.0 585.0 50.0 legitima ordinariàque eligendorum & electorũ

375.0 892.0 584.0 50.0 vocatio, apparet tum exemplis veteris, & primi¬

374.0 925.0 584.0 47.0 tiue Eccleſiæ: tum etiam exemplis illius, quæ

374.0 956.0 586.0 48.0 ſubſecuta eſt prima illa tempora. Denique fir¬

375.0 989.0 493.0 47.0 miſsimis rationibus idem comprobatur.

407.0 1020.0 554.0 49.0 Ac primùm plebẽ non eſſe ab ordinationibus

374.0 1053.0 584.0 46.0 vocandorũ ac præficiendorũmuneribus Eccleſia¬

373.0 1086.0 585.0 45.0 ſticis excludendã, demonſtrant exempla veteris

375.0 1118.0 583.0 48.0 Eccleſiæ, in quaproculdubio χεροτονία toti' Ec¬

371.0 1150.0 587.0 64.0 cleſiæ interueniebat, vt ex Act.6.& 14 oſtendi fa¬

905.0 1181.0 57.0 49.0 cilè
