1000 1448
243.0 102.0 206.0 26.0 CAPVT III.

603.0 76.0 47.0 63.0 129

72.0 123.0 580.0 45.0 tur & legantur quidẽ ſeculares literæ:itémq; aliæ

70.0 162.0 581.0 39.0 artes ediſcantur, ſed ne verbo Dei, eiuſque le¬

70.0 192.0 582.0 42.0 ctioni præferantur ab vllis Chriſtianis, nedum

71.0 226.0 580.0 41.0 ab Epiſcopis. Ex quo fit, vt rectè reprehen¬

70.0 258.0 576.0 40.0 ſus ſit à Gregorio Magno Epiſcopus quidam,

71.0 288.0 579.0 45.0 qui in cœtu Eccleſię pro eo, quod debebat ipſam

70.0 324.0 580.0 41.0 Euangelij doctrinam explicare, & populum ex¬

69.0 357.0 581.0 38.0 hortari, ex ea conſolari, & docere, Grammatices

69.0 389.0 581.0 38.0 rationem in ſuis concionibus exponebat & per¬

70.0 419.0 581.0 42.0 ſequebatur, vti qui hodie in Actis Apoſtolorum

70.0 452.0 581.0 38.0 aut veteri teſtamẽto interpretãdo, in ſola Chro¬

70.0 485.0 581.0 42.0 nologiæ vel Topographiæ ratione, & deſcriptio¬

69.0 518.0 582.0 39.0 ne explicanda toti ſunt & immorantur. Vnde

70.0 548.0 581.0 40.0 mira & damnanda fuit Heliodori Theſſalonicẽ¬

69.0 580.0 582.0 41.0 ſis clerici reſponſio, qui cùm interpellaretur vt

70.0 612.0 580.0 43.0 fabuloſam illam Æthiopicam Hiſtoriam à ſe cõ¬

69.0 645.0 580.0 43.0 ſcriptam, quæ tota amoris inſani imaginem pin¬

73.0 679.0 577.0 40.0 git, deleret: reſpondit, ſe malè Epiſcõpatu priua¬

69.0 711.0 581.0 39.0 ri, quàm vt huiuſmodi ſcriptũ ſuum periret. Hoc

71.0 751.0 579.0 34.0 igitur vt non decet Eplſcopum: ita nec illud tam

70.0 777.0 578.0 41.0 eſſe cõmunis literaturæ ignarũ, vt ſi Latinè loqui

71.0 807.0 577.0 45.0 cogatur, barbariſmos aut ſolœciſmos ridiculè

71.0 843.0 579.0 41.0 committat. Quanquam propterea tamen non erit

72.0 876.0 577.0 36.0 is à munere ſuo deponendus, quemadmodum

73.0 906.0 517.0 41.0 ſcribit Auguſtinus de Catechizand. Rudib.

101.0 941.0 547.0 38.0 Hac autem voce Αιδακταὸν continetur & illud,

71.0 970.0 578.0 42.0 vt Epiſcopus ſit prudens & ſciat οὐρθοτομεῖν, verbũ

72.0 1004.0 577.0 41.0 Dei(vt loquitur Paulus 2.Timot.2.verſ.15.) id eſt,

73.0 1036.0 576.0 42.0 verbum Dei pro tempore, perſonis, locis cuique

71.0 1068.0 578.0 41.0 ad ædificationem applicare. Docebant autem oe

73.0 1101.0 577.0 41.0 lim Epiſcopi ſtantes, & κολοβίωνα induti vt dicit

72.0 1132.0 579.0 41.0 Epiphan. hæreſ. 69. de Arrianis. Eſt autem κoλο¬

71.0 1166.0 579.0 49.0 éιoν breuis tunica ſine manicis & pectore tenus

487.0 1197.0 39.0 51.0 1j.
