1000 1448
481.0 87.0 371.0 37.0 AD I. TAVL. ADTIM.

372.0 101.0 46.0 31.0 138.

366.0 115.0 582.0 52.0 fuerit. Id enim & bona cõſcientia in honeſta belli

366.0 154.0 581.0 43.0 cauſa potuit, & idem nunc quoque licet cæteris.

366.0 184.0 582.0 47.0 Miniſtri verò ſtratioticis moribus & planè mili¬

366.0 218.0 580.0 45.0 taribus ſunt omnino damnandi vt Cal. epiſt.354.

368.0 254.0 580.0 42.0 docet, propter ferociam ingenii, & proteruiam

370.0 284.0 491.0 44.0 quæ manſuetudini paſtorali contraria eſt.

399.0 316.0 551.0 43.0 Non turpis lucri cupidum) Hoc tertium eſt vi¬

370.0 349.0 580.0 44.0 tium quod in Epiſcopo futuro atque etiam ele¬

369.0 382.0 581.0 42.0 cto damnat Paulus, tanquam omnis mali & of¬

368.0 411.0 582.0 46.0 fendiculi maximi fontem, nimirum auaritia. Eſt

369.0 447.0 583.0 43.0 enim mater & radix omnium vitiorum. Similis

367.0 477.0 583.0 47.0 locus. Tit .1.verſ.7.1.Pet.5.verſ.3. Sed vt nec lu¬

367.0 511.0 586.0 45.0 crum quærere nec captare debet Epiſcopus: ita

367.0 543.0 585.0 45.0 neque gloriam ſuam ſpectare, nec ventrem cõ¬

367.0 575.0 585.0 46.0 moditatémque ſuam aliquam pro fine ſui mini¬

369.0 606.0 582.0 47.0 ſterij ſibi proponere. Galat. 6. verſ. 13. Philip.I.

368.0 640.0 583.0 46.0 Eſt quidem dignus operarius mercede ſua, vt ait

370.0 672.0 581.0 44.0 Chriſtus Matth.1o. verſ.1o. ſed aliud eſt alimen¬

369.0 704.0 585.0 45.0 tum & victus neceſſarius: aliud autem lucrum &

370.0 735.0 586.0 46.0 imprimis turpe, quod hîc ſpectari à nobis vetat

370.0 769.0 582.0 41.0 Paulus. Deinde nec hic ipſe debet eſſe doctorum

370.0 800.0 584.0 44.0 Eccleſiæ finis, dum hoc munus tam ſanctum, vel

370.0 834.0 581.0 45.0 ſuſcipiunt vel exercent, vt inde viuant & alantur,

371.0 866.0 582.0 44.0 ſed vt Dei gloriam promoueant. Alimentum e¬

371.0 898.0 583.0 47.0 nim & victus quædam acceſſio potius eſt, quàm

372.0 931.0 582.0 45.0 ſe opus te finis huius muneris, & rectè facientem

371.0 963.0 582.0 48.0 officium ſequi debet alimentum, vti vmbra cor¬

374.0 1002.0 165.0 43.0 pus ſequitur.

405.0 1025.0 549.0 49.0 Sed quæſitum eſt, Quod ſit lucrum illud turpe,

374.0 1059.0 580.0 47.0 quod conſectari vetantur Epiſcopi, & paſtores

373.0 1091.0 582.0 46.0 Eccleſiæ? Reſpond. Omne illud, quod legibus

373.0 1127.0 581.0 45.0 municipalibus, vel honeſtis moribus accipi pro¬

374.0 1158.0 580.0 57.0 hibetur, pugnãt que cum verbo Dei, æquitate na¬

891.0 1192.0 63.0 46.0 turæ
