1000 1448
250.0 89.0 199.0 24.0 CARVTVI

570.0 68.0 49.0 43.0 475

45.0 102.0 574.0 48.0 nam conſolationem, & victoriam. Mandati no¬

47.0 140.0 574.0 46.0 mine complectitur Paulus ſuperiora præcepta

46.0 170.0 574.0 48.0 à ſe tradita: & ipſum Timothei munus, id eſt, de¬

45.0 205.0 572.0 45.0 mandatam illi prouinciam in Ecclelia Ephe¬

45.0 238.0 576.0 46.0 ſina, in qua eum purum & immaculatum verſari

46.0 268.0 576.0 48.0 vult, atque iubet. Quòd ſi tanto viro hac exhor¬

45.0 305.0 577.0 43.0 tatione fuit opus, quid nobis? Et certè nunquam

46.0 333.0 576.0 49.0 ſatis ad officium excitari, aut expergefieri poſſu¬

48.0 366.0 575.0 48.0 mus, quia etiam vigilantiſsimis & perfectiſsimis

46.0 399.0 576.0 48.0 obrepunt ſæpe multæ tanquam tepiditates, vel

47.0 432.0 577.0 46.0 animi & zeli remiſsiones: denique vitia & errata

46.0 462.0 579.0 50.0 imprudentibus, propter quæ Dei gloria retarda¬

45.0 495.0 579.0 49.0 tur, Eccleſia offenditur, & nos ipſi coram Deo

45.0 528.0 579.0 47.0 rei ſimus. Itaque attentè & diligenter omnibus

46.0 559.0 579.0 48.0 in vniuerſum Chriſtianis: imprimis autem paſto¬

46.0 593.0 579.0 48.0 ribus in ſuo munere fideliter & conſtanter pera¬

48.0 626.0 530.0 48.0 gendo vigilandum eſt, atque incumbendum.

81.0 657.0 545.0 46.0 Sed hæc eſt magna eorum conſolatio, quòd

48.0 689.0 578.0 48.0 munus ipſum quod habent, mãdatum Dei appel¬

48.0 722.0 579.0 48.0 latur. Ex quo intelligunt primum ſe Dei ipſius

48.0 756.0 577.0 45.0 eſſe voce vocatos, & hãc ſibi delegatã eſſeà Deo

48.0 789.0 579.0 46.0 non ab hominibus tantùm prouinciam, vt in ea

49.0 830.0 578.0 37.0 mtrcpiue, conidentence aideriterperſentur.

49.0 852.0 577.0 48.0 Deinde auxilium ſibi à Deo ſemper affuturum,

51.0 885.0 574.0 47.0 qui eos in ea ſtatione collocauit Actor. 13.verſ.3.

52.0 917.0 576.0 45.0 Coloſſ.4. verſ.17. Galat.1.verſ.15.ſup.1.verſ.1.& 12

51.0 950.0 577.0 48.0 denique ex eo ipſo cogitent paſtores ſibi huius

52.0 982.0 576.0 47.0 muneris demandati rationem eſſe Deo redden¬

53.0 1016.0 291.0 45.0 dam, à quo illud habent.

84.0 1044.0 545.0 49.0 Expers maculæ) Docet iam ſecundo loco non

52.0 1079.0 577.0 46.0 tantùm quam in rem ſit incumbendum paſtori¬

53.0 1111.0 576.0 48.0 bus Paulus: ſed etiam quomodo, nempe ea con¬

53.0 1143.0 576.0 55.0 ſcientia & fidelitate, eáque diligentia & purita¬
