1000 1448
363.0 77.0 54.0 46.0 392

477.0 73.0 369.0 46.0 AD I. PAVL. AD TIM.

378.0 148.0 556.0 43.0 1 Auerſationem, quam appellant uu, quæ eſt

356.0 189.0 576.0 35.0 mcerdietio au igrenu tempir ad tempus pro¬

357.0 213.0 346.0 42.0 ptercorporis immunditiem.

380.0 245.0 551.0 42.0 2 Deuotionem, quam vocant uon quæ eſt ex¬

356.0 278.0 574.0 42.0 tremo exitio addictio & reſpondet noſtræ excõ¬

356.0 310.0 574.0 43.0 municationi, per quam quis à cœtu Eccleſiæ ſe¬

357.0 350.0 573.0 33.0 ponſtur donec reſipiſcat. Hoc ipſum alijs verbis

355.0 377.0 574.0 41.0 dicitur exterminari è populo Dei, item ἀποσυνά¬

353.0 411.0 416.0 40.0 vωyoν fieri Ioan.12.verſ.42.16.verſ.2.

399.0 441.0 527.0 44.0 Adiudicationem, quam dicunt nnou eſt ſi¬

353.0 488.0 228.0 22.0 Hilis ahathemati.

383.0 505.0 542.0 43.0 De ſecundo genere tantùm loquitur hîc Pau¬

351.0 538.0 574.0 43.0 lus, & nos quoque, quod etiam vtranque excom¬

352.0 571.0 573.0 41.0 municationem continet & maiorem, & minorẽ.

363.0 601.0 563.0 43.0 Ethnici homines videntur ſimile excommu¬

349.0 633.0 576.0 45.0 nicationi quiddam habuiſſe ex praua imitatione

349.0 669.0 576.0 38.0 Eccleſiæ Dei: quam planè ſimiarum more fa¬

347.0 698.0 577.0 42.0 ciebant. Quoſdam ſacris ſuis interdicebant, quos

349.0 729.0 576.0 47.0 υαγεῖς, id eſt, deteſtabiles appellabant, & ipſam

349.0 762.0 576.0 45.0 ſententiam ἐναγός. Sic Alcibiades factus eſt, &

349.0 798.0 575.0 41.0 excommunicatus Athenis, vt Plutarchus docet.

381.0 826.0 543.0 46.0 Ergo quæſitum eſt ſecundo loco, à quo ex¬

346.0 859.0 572.0 41.0 cõmunicatio fieri debeata Vtrum ab vno tãtùm,

345.0 892.0 577.0 42.0 an à ſenatu Eccleſiaſtico, an verò à tota ipſa

347.0 922.0 575.0 44.0 Eccleſia. Dixit Chriſtus. Matth. 18.verſ.17. Dic

345.0 956.0 575.0 43.0 Eccleſiæ. Dicit contrà Paulus, Hunc notate, tan¬

348.0 990.0 572.0 42.0 quam rem totam ad ſe deferri velit, ſibíque ipſe

344.0 1021.0 576.0 43.0 authoritatẽ eam vendicet. Et refertur à Theodo¬

341.0 1053.0 577.0 45.0 rito Cyri Epiſcopo hiſtoria.lib 5. cap.37. de quo¬

342.0 1085.0 578.0 45.0 dam Heremita, qui ſolus Theodoſium impera¬

341.0 1119.0 576.0 42.0 torem Conſtantinopolitan. huius nominis ſecũ¬

338.0 1151.0 578.0 54.0 dum excommunicauerit. Scholaſtici dicunt Epi¬

815.0 1188.0 100.0 50.0 ſcopos

359.0 124.0 268.0 34.0 nus triplex.
