1000 1448
234.0 106.0 208.0 21.0 CAEVE IIII.

572.0 89.0 55.0 35.0 201

49.0 119.0 577.0 48.0 nimirum tum ab officij ratione, tum à prima Ti¬

50.0 156.0 579.0 41.0 mothei vitæ inſtitutione. Ergo vtrunque nobis

50.0 190.0 579.0 43.0 ſedulo cogitandum eſt, & quid munus, in quo

53.0 222.0 576.0 42.0 verſemur, requirat: & quid ſuſceptæ vitæ ratio &

52.0 255.0 578.0 42.0 inſtitutio. Vtrunque enim eſt noſtræ Vocationis

49.0 287.0 461.0 42.0 à Deo factę certiſsimum teſtimoninm,

82.0 316.0 547.0 42.0 Quatenus igitur Miniſter munus ſulim conſi¬

53.0 351.0 578.0 39.0 derat tria hæc ſpectare debet, vt ſit Miniſter vt

51.0 381.0 581.0 47.0 Ieſu Chriſti, vt Bonus ſiue fidelis. Quæ his tri¬

50.0 415.0 583.0 45.0 bus opponuntur, nempe Miniſtris Otioſis, Hu¬

48.0 447.0 585.0 43.0 manæ doctrinæ, & Infidelibus. Hi verò ſunt, qui

53.0 480.0 580.0 46.0 vel Seipſos, id eſt, ſuam gloriam, vel quæſtum

50.0 511.0 582.0 44.0 ſuum quærunt. Ergo ſana doctrina à fidis, Mini¬

50.0 545.0 581.0 41.0 ſtris verbi Dei proponenda eſt: non autẽ inanes,

50.0 576.0 580.0 46.0 non futiles, & ſubtiles quidem, ſed futiles quæ¬

51.0 609.0 582.0 45.0 dam quæſtiones, quæ neque noſtras conſcientias

50.0 641.0 580.0 46.0 ædificant:neque Dei gloriam, ſalutíſque doctri¬

52.0 679.0 470.0 39.0 nam vllo modo explicant vel illuſtrant.

83.0 706.0 548.0 42.0 Quod autẽ addit, ſnnutritus ſermonibus fidei.

50.0 740.0 580.0 44.0 &c, magnam vim & pondus exhortationi addit.

50.0 771.0 582.0 43.0 Eſt enim prima educatio tanquam tacitum futu¬

51.0 805.0 557.0 43.0 ræ vocationis indicium à Deo demonſtratum.

82.0 837.0 551.0 45.0 Denique turpe eſt illa talenta, quæ Deus in

49.0 870.0 583.0 39.0 nos contulit, vel omnino perdere, vel infructuo¬

49.0 900.0 580.0 41.0 ſa habere, vt docet Chriſtus Matth. Vtitur autẽ

50.0 933.0 583.0 44.0 his verbis Paulus, ex quibus intelligitur, ſeriam

51.0 965.0 581.0 46.0 prius operam Timotheum nauaſſe in ſacris lite¬

50.0 999.0 582.0 45.0 ris, & doctrina fidei Euangelica. Id quod appa¬

50.0 1031.0 582.0 42.0 ret etiam ex 2.Timoth.1. verſ.5. ſup.cap.1. verſ.18.

51.0 1064.0 582.0 44.0 Ex hoc autem loco quæri duo poſſunt 1. Vtrum

49.0 1095.0 582.0 44.0 eos ſolos in miniſterium Euangelicum eligi o¬

50.0 1128.0 581.0 44.0 porteat, qui à primis & teneris annis ſacris ſçri¬

49.0 1161.0 580.0 52.0 turié ſunt innutriti & eas conſectati:an etiam alij
