1000 1448
467.0 93.0 388.0 41.0 AD I. PAVL. AD TIM.

380.0 106.0 62.0 34.0 154

374.0 119.0 584.0 56.0 facta non eſſe nobis in exemplum trahenda. Nec

375.0 156.0 581.0 51.0 enim ſemper pauit Chriſtus omnes turbas, quæ

375.0 190.0 583.0 52.0 ipſum ſequebantur: nec quas pauit, ordinariè a¬

376.0 223.0 582.0 50.0 luit: ſed extraordinarié, non etiam ſe fatigans in

378.0 260.0 248.0 44.0 quærendo illis cibo.

417.0 283.0 540.0 50.0 Tertio afferũt exempla Patrum veluti Danie¬

377.0 317.0 582.0 51.0 lis ipſius, qui cùm eſſet Propheta, tamen admini¬

377.0 352.0 581.0 51.0 ſtrabat negotia regis Babyloniorum, & Perſarũ.

379.0 385.0 578.0 48.0 Reſpond. Hoc eſſe extraordinarium. Voluit e¬

378.0 415.0 580.0 52.0 nim Deus ad ſubleuationem ſui populi captiui,

378.0 449.0 581.0 50.0 Danielem præeſſe rebus & negotiis illius regis,

378.0 484.0 581.0 47.0 à quo captiuus detinebatur, vt eſſet clemens ſer¬

379.0 513.0 583.0 51.0 uitus ſui populi. Ambroſius item Mediolanenſis

378.0 546.0 582.0 54.0 Epiſcopus laudatur, qui pro Valentiniano lega¬

378.0 578.0 586.0 48.0 tiones ſæpius obiit ad Maximum tyrannum, qui

379.0 612.0 586.0 49.0 erat Coloniæ & Treuiris, vti ex ipſius epi¬

378.0 641.0 584.0 52.0 ſtolis apparet. Reſpond. Illud factum eſſe rarò

381.0 674.0 585.0 51.0 quidem, nempe cùm ſumma Eccleſiæ & Reipub.

382.0 709.0 587.0 48.0 vtilitas poſtulauit, ſed ſtatim expedita legatione

382.0 740.0 582.0 51.0 & explicata ad munus ſuum rediit Ambroſius.

382.0 773.0 582.0 48.0 Itaque poteſt Eccleſia quidem ſuo paſtore non¬

382.0 803.0 585.0 52.0 nunquam vti ad res ſuas & ſeculares agendas: ſi

383.0 839.0 582.0 44.0 enim videat ad ea negotia aptum, & idoncum:

383.0 871.0 583.0 49.0 ſed tamen id rariſſimè faciendum eſt, & cauendũ

383.0 900.0 585.0 52.0 ne à ſuo munere, quod in verbi prædicatione &

386.0 934.0 579.0 50.0 Ugm Ectienæ cura conſiſtit, abducatur vel tan¬

386.0 966.0 582.0 50.0 tillum. Longè igitur præſtaret Epiſcopos, qui tã

386.0 1000.0 581.0 45.0 ſunt ad ſecularia negotia tractanda idonei, vt ma¬

386.0 1031.0 582.0 48.0 iorem per eos vtilitatem Eccleſia ſentiat, quàm

389.0 1064.0 580.0 51.0 per alios quoſuis: præſtaret (inquam )eos ex ho¬

386.0 1096.0 583.0 51.0 neſta cauſa à munere illo ſuo Epiſcopali ho¬

388.0 1128.0 582.0 48.0 neſtam miſsionem habere, & liberari prorſus &

390.0 1162.0 581.0 61.0 dimitti, quàm eos in Epiſcopatu retineri: &

871.0 1193.0 104.0 48.0 interim
