1000 1448
251.0 103.0 209.0 42.0 CAPVT III.

67.0 148.0 414.0 36.0 ſua domo vocationes conſtituere.

612.0 96.0 34.0 66.0 99

100.0 175.0 551.0 47.0 Res autem ipſa, eſt dignitas Epiſcopatus. Epi¬

67.0 209.0 584.0 44.0 ſcopi verò vox ex vſu cõmuni ſumpta eſt ab Apo¬

67.0 242.0 582.0 40.0 ſtolis. Dicti ſunt enim Epiſcopi à Græcis qui rei

66.0 275.0 584.0 40.0 alicui cum aliqua poteſtate præerant. Suidas ab

66.0 305.0 583.0 43.0 Athenienſ.ſcribit eſſe dictos, qui ad res ſociorum

65.0 338.0 583.0 44.0 inſpiciendas mittebantur: Plutarch. tũ in Numa,

66.0 373.0 583.0 41.0 tum in Pericle hac voce vtitur, quam eſſe rẽ pul¬

67.0 405.0 579.0 40.0 cherrimam & præſtantiſſimam docet hoc loco

68.0 436.0 580.0 43.0 Paulus. Itaque non eſſe quoſlibet illius capaces,

66.0 472.0 582.0 40.0 χαλεπὰ γκ̀ δύσκολα τὰ καλὰ, vt ex veteri prouerbio

65.0 501.0 583.0 41.0 dixit Plato: ſed multa in iis requiri, qui ad tan¬

65.0 542.0 581.0 33.0 tum muhus obeundum le acemgunes aut à nobis

65.0 567.0 582.0 37.0 eligi, vt ſint idonei, debebunt. Quidam enim ſunt

64.0 599.0 583.0 42.0 nimiũ audaces, qui nec ſe, nec munus hoc, quod

65.0 631.0 580.0 44.0 affectant, norunt. Itaque ſunt illi tanti muneris

65.0 664.0 283.0 36.0 difficultate deterrendi.

97.0 695.0 548.0 45.0 Ne propterea tamen alij hoc munus tam ar¬

64.0 728.0 581.0 44.0 duum repudient, adiicit conſolationem, eos, qui

62.0 761.0 582.0 44.0 hoc munus expetunt, rectè facere, & opus Deo

66.0 795.0 577.0 38.0 gratum exoptare. Arque ita Paulus, Audaces re¬

65.0 827.0 577.0 42.0 primit, & Timidos excitat. Chriſti enim homi¬

62.0 860.0 579.0 43.0 nis imaginem gerit Epiſcopus, vti Magiſtratus

61.0 891.0 582.0 44.0 ipſius Dei, vt Auguſtinus in lib. Quæſtio veter. &

60.0 925.0 583.0 41.0 noui Teſtamenti quæſt.35.ſcribit. Loquitur autẽ

60.0 956.0 582.0 42.0 hîc Paulus non de ambitioſo deſyderio. Hoc e¬

59.0 989.0 583.0 41.0 nim maximè in ijs damnatur, qui Eccleſiæ præfi¬

60.0 1021.0 582.0 38.0 ci volunt, non item de auaro: ſed de ſancto illo

61.0 1054.0 580.0 43.0 animi affectu, per quẽ Dei gloriæ prodeſſe, eám¬

62.0 1086.0 579.0 44.0 que promouere. i. quantum Dominus ipſe legi¬

61.0 1119.0 580.0 45.0 timè dederit, auent, qui Epiſcopatum deſyde¬

60.0 1153.0 581.0 42.0 tant: nec præoccupantes locum & ſeſe intruden¬

58.0 1184.0 583.0 54.0 res,nec fugientes, cùm precibus Eccleſiæ flagi¬

489.0 1217.0 41.0 56.0 g ij
