1000 1448
230.0 97.0 199.0 16.0 CXPVT. VI.

583.0 78.0 46.0 42.0 473

61.0 110.0 571.0 50.0 perhibendo exhortationem erat aptiſſimum. Eſt

61.0 148.0 570.0 41.0 autem illa confeſsio Chriſti, de qua loan.18.verſ.

62.0 176.0 570.0 51.0 37 mentio fit, & per quam conſtantiſsimè in ipſo

61.0 213.0 571.0 40.0 mortis periculo comparens coram iudice ſuo ſu¬

61.0 242.0 569.0 48.0 premo in his terris veritari Dei, ac Euangelio a¬

61.0 276.0 574.0 44.0 pertiſsimum atque luculentiſsimum teſtimoniũ

61.0 308.0 573.0 43.0 reddidit. Itaque ipſius etiam iudicis mentionem

60.0 340.0 574.0 44.0 fecit Paulus, vt & periculi magnitudo, & mortis

61.0 373.0 573.0 42.0 terror, qui ante Chriſti oculos obuerſabatur,

61.0 405.0 573.0 40.0 notaretur à nobis, nõ tantùm autẽ vt hiſtoriæ ve¬

61.0 437.0 575.0 45.0 titas atq; rei geſtæ tempus deſignaretur. Eſt autẽ

61.0 468.0 574.0 42.0 Chriſtus nobis datus in exemplar, quod imite¬

61.0 504.0 574.0 39.0 mur, vt ait Petrus in 1.epiſt cap.2.verſ.21. Huius

61.0 534.0 575.0 43.0 eiuſdem confeſsionis meminit quoque, quanquã

61.0 566.0 574.0 45.0 obſcurius, Apoſtolus ad Hebræos, & ad illius ex¬

62.0 600.0 574.0 39.0 emplar imitandum nos accendit cap.12. verſ.3.

61.0 630.0 572.0 44.0 Multas enim contradictiones in ea veritate aſſe¬

61.0 662.0 573.0 40.0 renda paſſus eſt Chriſtus.. Hoc dictum Pauli ex¬

62.0 695.0 573.0 48.0 plicatur in articulis Symboli Apoſtolici. Itaque

62.0 730.0 575.0 43.0 erimus breuiores. Vnum modò notandum eſt

62.0 761.0 575.0 44.0 Ethnicos vafre & ſubdolè tempore Imperatoris

62.0 794.0 576.0 44.0 Iuliani Apoſtatæ commentaria quædam Pilati

61.0 827.0 576.0 44.0 ſuppoſuiſſe, ex quibus inepta, blaſphema, & pror¬

61.0 859.0 576.0 41.0 ſus falſa Chriſto Domino noſtro affingebantur,

63.0 892.0 575.0 43.0 quæ & Auguſtinus lib.1. de Conſenſ. Euangeliſt.

63.0 922.0 575.0 47.0 & Cyrillus aduerſus Iulia, prolixè refutauit. Ap¬

62.0 957.0 577.0 42.0 pellat autem hanc Chriſti confeſsionem bonam,

64.0 987.0 575.0 44.0 non tantùm propter rem ipſam quam faſſus eſt

65.0 1020.0 572.0 40.0 Chriſtus, quæ omnium rerum maxima, optima,

64.0 1053.0 576.0 40.0 fructuoſiſsima fuit. Dei enim voluntatem & ve¬

64.0 1084.0 575.0 42.0 ritatem de ſalute hominum perficienda declara¬

65.0 1117.0 574.0 43.0 uit conſtaniſsiméque aſſeruit Chriſtus. Sed etiã

65.0 1150.0 574.0 56.0 bonam vocat propter finem, propter quem illud
