1000 1448
613.0 90.0 45.0 42.0 451

261.0 105.0 191.0 22.0 CARVT VI.

80.0 126.0 579.0 42.0 nihil curioſius. Omnia circumſpectant emiſſi¬

80.0 159.0 578.0 40.0 tijs ſuis illis oculis, omnia ſpe vorant, omnibus a¬

78.0 191.0 582.0 39.0 uidè inhiant, & Monedularum more, auro & re¬

79.0 223.0 578.0 40.0 bus ſuis perpetuò incumbunt & idem faciunt,

81.0 256.0 577.0 42.0 quod qui in abyſſo fodiunt, vt nempe neque fun¬

80.0 289.0 578.0 42.0 dum reperiant, neque vnquam ſaccum ſuum (vt

79.0 321.0 416.0 42.0 loquitur Aggæus cap.1.) impleant.

113.0 357.0 545.0 35.0 Appellat autem has cupldſtates. Amentes ſiue

80.0 385.0 577.0 40.0 ſtultas, & Exitioſas ſiue damnoſas Pro ἀνοώτες le¬

81.0 418.0 503.0 42.0 git vetus interpres ἀνονότος, id eſt, Inutiles.

106.0 452.0 553.0 39.0 Duplex igitur vitium taxat Paulus in iſtis aua¬

77.0 484.0 582.0 43.0 rorum & diteſcere cupiẽtiũ animis. I Quod nul¬

77.0 518.0 581.0 40.0 lum modum vnquam teneant, nullámque ſuæ

77.0 547.0 581.0 41.0 perſonæ, ſtatus, dignitatis aut ſortis rationem

76.0 579.0 580.0 44.0 habeant. Itaque planè ſint iſti ſtultorum & furio¬

77.0 615.0 578.0 39.0 ſorum hominum more inſani, imprudentes, a¬

79.0 645.0 573.0 47.0 mentes. Ita furioſa appellata eſt cupido opum

78.0 675.0 131.0 40.0 à Naſone.

96.0 705.0 558.0 47.0 2 Quod etiam ſibi ipſis mala & pericula non

76.0 744.0 578.0 40.0 tantùm corporis, ſed etiam animi accerſunt, &

76.0 781.0 578.0 36.0 creant. Vnde illis & ἀπολεια (quam vocem ad

75.0 810.0 579.0 37.0 corpus refero) & ὄλεθρος (quam vocem ad animũ

73.0 843.0 580.0 39.0 argumento 2.Theſſ.1.verſ.9. pertinere puto) tan¬

74.0 874.0 579.0 41.0 dem, & meritò quidem, euenit. In quo ipſo non

74.0 905.0 580.0 44.0 tantùm ſtultitia ſumma ineſt: ſed etiam miſeria,

75.0 940.0 417.0 40.0 infœlicitas, & horrenda conditio.

106.0 969.0 547.0 45.0 Hæc autem omnia effecta opponit Paulus illi

75.0 1003.0 577.0 41.0 laudi & plauſui, quem auaris diteſcentibus, & o¬

75.0 1034.0 577.0 45.0 pes ſuas augentibus tribuere ſolet mundus cla¬

74.0 1069.0 578.0 38.0 mãs eos ſolos beatos, fœlices, induſtrios, & ſanos

75.0 1099.0 578.0 44.0 quibus nihil eſſe & miſerius, & furioſius pronun¬

75.0 1133.0 254.0 41.0 tiat hîc ſpiritus Dei.

109.0 1165.0 545.0 49.0 Præterea eo miſerabilior eſt hæc amentia, vt

489.0 1199.0 57.0 55.0 F.ij.
