1000 1448
578.0 78.0 49.0 54.0 495

194.0 97.0 192.0 20.0 CAPVT VI.

46.0 117.0 581.0 47.0 ſuo momento non carent. Primum enim oſten¬

48.0 152.0 577.0 45.0 dunt eſſe duplex diuitum genus. Vnum eorum,

52.0 186.0 574.0 42.0 qui in hoc ſeculo & rerum terrenarum ratione

47.0 218.0 578.0 39.0 ſolùm diuites & abundantes cenſeri poſſunt. Hi

47.0 250.0 579.0 44.0 ſunt, quos vulgus hominum diuites appellat, &

48.0 285.0 579.0 41.0 de quibus agit hoc loco Paulus. Aliud eſt diuitũ

52.0 316.0 574.0 42.0 genus, eorũ nempe, qui in futuro ſeculo vel rerũ

49.0 349.0 578.0 41.0 cœleſtium ſpiritualiúmq; ratione & copia ſunt

48.0 380.0 577.0 43.0 diuites, opulenti, abundantes, de quibus loqui tur

48.0 412.0 579.0 44.0 Iac .2. v.5. Paul. 2.Cor.8.v 9. Apoc.2.v.9. Qui di¬

48.0 445.0 578.0 39.0 uites fide, & bonis operibus diuites, & hæredes in

46.0 477.0 578.0 45.0 regno Dei dicuntur, quales ſunt omnes verè filij

46.0 510.0 579.0 41.0 Dei, vtcunque in hoc mundo ſint egentes, atque

46.0 543.0 578.0 43.0 etiam Iro ipſo, vt eſt in Prouerbio, pauperiores.

49.0 574.0 574.0 43.0 Qualis fuit Iobus in medijs afflictionibus: qualis

45.0 604.0 580.0 47.0 item fuit ille lãguens Lazarus, & vlceribus plenus

45.0 639.0 578.0 44.0 & fame oppreſſus, de quo Luc.16. Præclarè enim

45.0 670.0 578.0 45.0 Ambroſius epiſt. 1o.omnis Chriſtianus (vt antea

45.0 720.0 576.0 27.0 diaiihusjee lapiens eſt, e diues, rrorum autem

44.0 735.0 575.0 47.0 ſpiritualium diuitũ diuitiæ, vt rectè dixit Auguſt.

44.0 769.0 580.0 45.0 in ſerm. de verb. Euangel. ſunt non quidem pecu¬

43.0 802.0 578.0 42.0 nia, ſed iuſtitia: quæ certè verè ſunt diuitiæ, ne¬

46.0 836.0 576.0 42.0 que amitti poſſunt, quemadmodum etiam do¬

44.0 866.0 301.0 43.0 cet D. N. Ieſus Chriſtus.

74.0 900.0 548.0 42.0 Sed addit quoque alia de cauſa hæc verba

44.0 929.0 576.0 48.0 Paul.in hoc ſeculo, vt ipſe contẽptim de his diuitijs

43.0 965.0 578.0 39.0 loqueretur, quibus minimè fidendum eſſe de¬

43.0 997.0 579.0 40.0 monſtrat, quáſque res eſſe vanas, incertas, cadu¬

43.0 1028.0 580.0 41.0 cas pronuntiat. Itaque vt diuites ipſos melius de¬

45.0 1062.0 575.0 44.0 primeret, diuitias eorum huius ſeculi appellat,

42.0 1093.0 579.0 46.0 id eſt, euanidas & fallaces, & inſtabiles, qualis

40.0 1126.0 582.0 44.0 eſt huius ipſius ſeculi & mundi conditio, & eorũ

39.0 1159.0 580.0 53.0 omnium, quæ in eo ſunt. Qua ratione etiam voce

66.0 1193.0 49.0 33.0 1
