1000 1448
396.0 102.0 53.0 22.0 110

497.0 89.0 375.0 34.0 AD I PAVL, AD TIM.

386.0 118.0 572.0 48.0 Cuius conſilium nemo poteſt impedire, aut re¬

383.0 154.0 573.0 47.0 tardare, quia eſt Solus potens, Beatus, Rex regũ,

384.0 185.0 573.0 43.0 Dominus dominantium, &c. Hæc eſt ſumma

382.0 229.0 575.0 31.0 huſus & ſequentis verſiculi. Cur autem dubita¬

382.0 251.0 540.0 44.0 tioni obuiam eundem fuerit ratio duplex eſt.

415.0 292.0 540.0 37.0 mPohuuumpucientia, qui quàm primũ Dei

381.0 316.0 573.0 49.0 promiſsionibus, atque etiam ante tempus frui

382.0 349.0 128.0 38.0 vellemus.

411.0 378.0 540.0 49.0 2 Noſtra infirmitas, qui variè tentamur,

376.0 412.0 574.0 48.0 fluctuamus, & agitamur, vbi tot nobis obiectos

376.0 444.0 574.0 49.0 aduerſarios, in tot tela nos incurrere videmus,

376.0 479.0 574.0 45.0 dum in Dei metu, in officio, in munere, in pro¬

373.0 509.0 577.0 48.0 feſsione nominis Chriſti perſeueramus. Itaque

373.0 545.0 573.0 44.0 ſuſtentandi, contrillandr; corroSorandíque ſu¬

371.0 575.0 576.0 45.0 mus aduerſus tot hoſtes, obiecto potentiæ Ma¬

371.0 605.0 575.0 49.0 ieſtatíſque Dei clypeo, & fœlici illo beatóque

368.0 639.0 577.0 45.0 ſtatu, qui nos in aduentu Chriſti certiſsimè ma¬

368.0 673.0 411.0 41.0 net, conſtanter in fide perſtantes.

399.0 703.0 545.0 48.0 Magna igitur noſtræ temeritatis & impatien¬

366.0 736.0 578.0 48.0 tiæ repreſsio, magnum lorum eſt, quod ait Pau¬

366.0 776.0 576.0 38.0 lus, Tempora illius fœlicis & expectati à nobis

365.0 802.0 576.0 45.0 aduentus eſſe quidem certa: ſed ſoli Deo cognita

367.0 835.0 575.0 45.0 neque Deum vel momentum vllum dilatu¬

363.0 867.0 577.0 44.0 rum, cùm tempus à ſe decretum impletum fue¬

362.0 900.0 576.0 43.0 rit, quin Chriſtum exhibeat redemptorem no¬

362.0 932.0 575.0 41.0 ſtrum, & vitæ æternæ donatorem ac aſſertorem.

394.0 963.0 544.0 47.0 Eodem verò modo, quo hîc de ſecundo aduẽ¬

359.0 993.0 576.0 50.0 tu loquitur, de primo quoque Galat.4.verſ.4.E¬

360.0 1028.0 576.0 45.0 pheſ.1. verſ. 1o. ait tempora illius certa fuiſſe à

359.0 1059.0 575.0 48.0 Deo conſtituta, poſt quæ completa Chriſtus ve¬

356.0 1093.0 577.0 45.0 nit, atque homo factus eſt. Scit enim Dominus

355.0 1124.0 578.0 47.0 non tantùm, quæ nobis dona ſint ſalutaria: ſed

355.0 1156.0 576.0 51.0 eorũ conferendorum & communicandorũ tem¬

866.0 1197.0 66.0 51.0 pora
