1000 1448
481.0 90.0 382.0 38.0 AD I. PAVL. AD TIM.

374.0 98.0 68.0 35.0 174

369.0 121.0 579.0 47.0 ex eorum ſenſu accipiatur. Nam Sacerdotum, qui

368.0 159.0 578.0 42.0 Chriſtum damnarunt, collegium ex eorum defi¬

365.0 190.0 577.0 44.0 nitione erit Eccleſia. Atque hi tamen grauiſſimè

366.0 223.0 577.0 41.0 errarunt, & veram atque vnicam illam Dei veri¬

364.0 255.0 579.0 43.0 tatem, id eſt, Chriſtum ipſum reiecerunt. Deinde

365.0 286.0 577.0 45.0 cùm ipſi illi Papiſtȩ́ non ſint Eccleſia Dei, fruſtrà

366.0 319.0 576.0 45.0 ad ſe transferunt hanc laudem. Fatemur quidem

365.0 352.0 581.0 43.0 Eccleſiam, quatenus vnicum & purum illud Dei

367.0 384.0 574.0 45.0 verbum pro fidei regula amplectitur, retinet, &

364.0 416.0 574.0 44.0 ſequitur, falli non poſſe: ſed quia hominibus cõ¬

364.0 448.0 578.0 46.0 ſtat Eccleſia, in quibus ſæpe maior pars meliorẽ

364.0 481.0 575.0 45.0 vincit, quíque non ſemper ad ſolum Dei verbum

363.0 514.0 575.0 43.0 collimant, aut attendunt: vel qui purum Dei ver¬

361.0 547.0 579.0 43.0 bum etiam propoſitum non retinent, idcirco

362.0 588.0 580.0 29.0 recte dieſtur etiai fuiumour cœtus, qui Dei

361.0 610.0 580.0 40.0 Eccleſia dicuntur in his terris, errare poſſe, & ſæ¬

362.0 644.0 576.0 42.0 pè etiam grauiſſimè erraſſe, vt apparet in ſecun¬

362.0 675.0 576.0 44.0 da Synodo Nicęna, vbi idololatria conſtituta eſt.

397.0 740.0 538.0 51.0 16 Et ſine controuerſia magnum eſt

359.0 793.0 576.0 37.0 pittati myſitrium: Heus tonſpicuus factus

358.0 818.0 578.0 49.0 eſt in carne, iuſtificatus eſt in ſpiritu, conſpe¬

358.0 856.0 575.0 49.0 ctus est ab Angelis, prædicatus eſt Gentibus,

358.0 892.0 578.0 54.0 fides illi habita eſt in mundo, ſurſum receptus

359.0 929.0 195.0 50.0 eſt in gloriam.

389.0 991.0 546.0 53.0 Altera miniſterij Euangelici commendatio à

359.0 1028.0 579.0 47.0 ſubiecto & materia, circa quam verſatur. Hanc

359.0 1063.0 577.0 44.0 autem, vocat myſterium magnum, quod ex¬

358.0 1094.0 577.0 48.0 plicat quale, quantúmque ſit, quò magis ad ſuum

356.0 1127.0 578.0 42.0 rnunus attendant præpoſiti Eccleſiæ, illudquè re¬

789.0 1164.0 45.0 16.0 3

844.0 1163.0 22.0 18.0 2

354.0 1158.0 580.0 55.0 uerenter colant, ñon autem perfanctorie. Similis

855.0 1194.0 79.0 52.0 etiàm
