1000 1448
369.0 110.0 64.0 23.0 208

480.0 94.0 375.0 40.0 AD I. PAVL. AD TIM.

366.0 128.0 580.0 44.0 chos, per quos tandem vis & authoritas huius tã

366.0 168.0 580.0 41.0 lacrolanetr t'aui præcepti, non tantùm eluſa, ſed

366.0 197.0 413.0 40.0 abrogata & prorſus antiquata eſt.

400.0 228.0 546.0 41.0 Quæſitum autem eſt, Quid corporalis exerci¬

366.0 261.0 580.0 43.0 tationis nomine complectatur Paulus. Putat

368.0 292.0 578.0 44.0 Chryſoſtom. corporis agitarionem, quæ ſanitati

366.0 329.0 579.0 37.0 conferat, ſignificari, qualis eſt venario, ludus, foſ¬

366.0 359.0 580.0 37.0 ſio, aut quæ exercitamenta iubentur à Medicis

366.0 391.0 579.0 38.0 ad ſuperfluos corporis humores conſumendos

366.0 424.0 579.0 39.0 fieri. Rationem addit ille, quòd corporis exerci¬

365.0 456.0 580.0 38.0 tationem cum ea, quæ animi eſt, & ſpiritualis,

366.0 489.0 580.0 38.0 confert, vt hanc vtilem: illam nullius momenti

365.0 518.0 581.0 38.0 homini Chriſtiano eſſe doceat. falſa eſt hæc in

366.0 552.0 580.0 42.0 terpretatio. Nam non agit medicum Paulus, ſed

369.0 583.0 577.0 43.0 Theologum: Et vt ſupra cùm de cibis agebat, de

366.0 616.0 580.0 42.0 ijs eatenus diſputauit, quatenus ad conſcientiæ

365.0 651.0 581.0 39.0 tranquillitatem pertinere cenſebantur, non au¬

364.0 681.0 582.0 42.0 tem ad corporis valetudinem: ſic hoc loco de ex¬

364.0 714.0 582.0 42.0 ercitatione corporis diſſerens eam intelligit, in

366.0 746.0 582.0 43.0 qua cultus Dei & noſtræ ſanctitatis pars quædã

366.0 781.0 580.0 41.0 conſtituitur, quoniam in rebus externis eam

366.0 816.0 271.0 37.0 homines collocabant.

401.0 842.0 545.0 45.0 Eſt igitur exercitatio iſta, de qua nunc agit

367.0 876.0 579.0 42.0 Paulus, alia, quam cenſet Chryſoſtomus, & eſt ea,

367.0 909.0 579.0 42.0 per quam carnis mortificatio, vitæ ſanctitas, &

367.0 941.0 579.0 40.0 externa quædam pietatis cultúſque Dei profeſſio

367.0 973.0 579.0 42.0 demonſtrari videtur inter homines, qualis quæ

367.0 1004.0 579.0 42.0 in ieiuniis & afflictione magna corporis verſatur.

368.0 1039.0 578.0 41.0 Hæc tamen dicitur per contemptum σωματικὴ, ne

368.0 1069.0 578.0 41.0 per eam animus verè reformari cenſeatur.

367.0 1100.0 580.0 44.0 aut quiſquam reipſa propterea religioſior ſapiẽ¬

369.0 1134.0 579.0 38.0 riórque fieri iudicetur: cùm tota vis & effectus

367.0 1165.0 582.0 48.0 iſtarum rerum circa corporis tantùm maceratio¬

885.0 1201.0 65.0 44.0 nem
