1000 1448
346.0 107.0 47.0 37.0 452

465.0 96.0 370.0 40.0 AP I. PAVL. AD TIM.

341.0 122.0 580.0 57.0 præclarè hoc loco aunotauit Chryſoſtom. quòd

341.0 162.0 579.0 48.0 quæ tantopere optant iſti, & quæ tanti æſtimant,

341.0 193.0 580.0 49.0 vt dies noctéſque propterea crucientur & labo¬

340.0 226.0 582.0 49.0 rẽt, opinione tantùm magna ſunt & pulchra, non

341.0 259.0 580.0 47.0 natura. Sola enim opinio illis pretium facit. Nã

341.0 290.0 580.0 51.0 ſi quis eos admoneat, doceát que aurum tantùm

342.0 324.0 579.0 46.0 terram eſſe: argentum glebã: verum eſſe appare¬

342.0 357.0 579.0 46.0 bit & erubeſcere cogentur. Præterea non eodẽ

341.0 390.0 580.0 47.0 in pretio iſta ſunt apud omnes gentes. Nam au¬

341.0 423.0 579.0 45.0 rum, vt docet Tertull. De cultu mulierum, & gẽ¬

342.0 455.0 578.0 44.0 mæ apud Indos, & Æthiopas pro luto habentur,

341.0 489.0 581.0 42.0 nec niſi in ſoccis & calceis, ídque in contemptum

342.0 519.0 581.0 46.0 ab ijs geſtari ſolebãt. Quæ autem natura pulchra

343.0 552.0 581.0 46.0 ſũt & pretioſa, ea apud omnes peræquè populos

342.0 584.0 580.0 42.0 ſuum pretium ſuámque æſtimationem obtinent,

345.0 617.0 578.0 44.0 vti Solis iſtius ſplendor, cœli pulchritudo, aquæ

344.0 649.0 442.0 44.0 & reliquorum elementorum vtilitas.

374.0 681.0 550.0 46.0 Quod autem idem Chryſoſt. putat facillimam

343.0 711.0 581.0 47.0 eſſe rationem huius flammę & cupiditatis in no¬

345.0 744.0 580.0 49.0 bis extinguendę, nimirum ſi voluerimus (voluiſ¬

345.0 779.0 579.0 42.0 ſe enimeam extinguere, ait, eſt eam ſuperaſſe)

346.0 810.0 580.0 45.0 Certè de his dici nõ poteſt, qui amant diuitias:

347.0 846.0 579.0 43.0 quia neque ij volunt eam flammam extinguere:

345.0 877.0 580.0 45.0 neque etiam quandiu illi indulgent, poſſunt. Præ¬

345.0 909.0 582.0 42.0 terea hæc ipſa voluntas, per quam huic vitio me¬

345.0 941.0 582.0 43.0 deri volumus, non eſt à nobis: ſed à Deo ipſo.

347.0 974.0 580.0 43.0 Sed ita loquitur Chryſoſt. vt hominibus pudorẽ

345.0 1005.0 581.0 44.0 incutiat, neque vllã tanto malo medendi deſpe¬

345.0 1037.0 566.0 46.0 rationem iniiciat, aut excuſationem relinquat.

388.0 1086.0 540.0 48.0 10 Siquidem radix omnium malorum

344.0 1125.0 584.0 47.0 eſt amor pecuniæ: quam quidam dum appe¬

345.0 1160.0 583.0 58.0 tunt, aberrarunt à fide, & ſeipſos transfi¬

842.0 1198.0 87.0 56.0 xerunt
