1000 1448
268.0 102.0 196.0 21.0 CAEVT IIE

625.0 84.0 29.0 41.0 135

79.0 115.0 582.0 51.0 viduam diſtinct. 5o. Vnde poſtea ſynodo Ilerdenſi

77.0 152.0 581.0 45.0 fuit cap.I.conſtitutum, vt clerici etiam qui in ob¬

79.0 184.0 580.0 48.0 ſidionis neceſſitate poſiti hominem, id eſt, hoſtẽ

78.0 218.0 581.0 45.0 obſidentem occidiſſent, tribus tamen annis pœ¬

79.0 250.0 583.0 46.0 nit entiã agerent, & ab officij ſui executione ſu¬

78.0 280.0 583.0 47.0 ſpenderentur. Nimirum tam eſt viſum Epiſco¬

79.0 316.0 585.0 44.0 pali manſuetudine & munere indignũ eum arma

79.0 347.0 583.0 46.0 tractare. Ex quo etiã factum eſt & conſtitutũ, vt

80.0 378.0 582.0 48.0 clerici pugnantes in duello etiã ſibi oblato depo¬

81.0 411.0 585.0 48.0 nantur. Nec modò ipſi pugnantes caſtigentur, ſed

82.0 443.0 583.0 46.0 etiam ſi huiuſmodi duella & homicidia ab aliis

82.0 477.0 582.0 46.0 facta ſpectent cum cæteris, de gradu deiician¬

82.0 510.0 582.0 43.0 tur: & in vniuerſum omnia athletarum ſpecta¬

82.0 543.0 584.0 45.0 cula & hominum gladiatorum, & in arena pu¬

83.0 575.0 583.0 45.0 gnantium ludi & certamina ſunt Epiſcopis inter¬

82.0 605.0 582.0 47.0 dicta, & eorum etiam aſpectus, & delectatio Cõ¬

82.0 638.0 582.0 44.0 cilij Laodic. cap.42. & eſt in canon. Non oportet

85.0 670.0 580.0 47.0 de conſecrat. diſtinct.5. Ex quo iam facile colligi

86.0 703.0 579.0 46.0 poteſt eos non debere bellis intereſſe, in acie ar¬

86.0 736.0 580.0 44.0 matos ſtare, in exercitu verſari, & certaminibus

86.0 767.0 580.0 51.0 præſentes ſe præbere, ex iſtarum Synodorum de¬

87.0 807.0 81.0 37.0 cretis.

117.0 832.0 551.0 43.0 Sed obſtant huic ſententiæ multa & veterum

86.0 866.0 584.0 41.0 dicta & exempla, & ipſa adeò ſacræ Scripturæ

86.0 895.0 580.0 48.0 authoritas. Ac quidem dicta, veluti Ambroſ.lib.

86.0 931.0 580.0 42.0 1. de Officijs cap.27. fortitudo, quæ bello tuetur

86.0 961.0 580.0 48.0 à Barbaris patriam, vel domi deffendit infirmos,

90.0 993.0 579.0 45.0 vel à latronibus ſocios plena iuſtitia eſt. Hieron.

88.0 1026.0 580.0 47.0 in Sophoniam cap.I. idem ſentit. Auguſt. lib. 22.

88.0 1058.0 582.0 48.0 cap.74. contra Fauſtum & multa huiuſmodi col¬

90.0 1093.0 583.0 40.0 lecta ſunt in tota 23.quęſt 1.2. & 3. Exempla etiam

90.0 1125.0 580.0 45.0 extant tum prætorianorum, qui dicebantur, Epi¬

91.0 1156.0 581.0 56.0 ſcoporum, qui imperatoris comitatum ſequebã¬

497.0 1188.0 67.0 48.0 i. iiij.
