1000 1448
251.0 110.0 201.0 32.0 CAPVT III.

603.0 88.0 46.0 56.0 147

71.0 131.0 583.0 53.0 ſijs ſtrictè & religioſè obſeruari. Hoc decretum

74.0 171.0 580.0 45.0 extat tot. Tit. & diſtinct.52. Vt nemo per ſaltum

72.0 203.0 583.0 45.0 ordinetur Dicebantur autem per ſaltum ordinari

71.0 235.0 579.0 45.0 & promoueri qui prætermiſsis omnino aliis gra¬

72.0 268.0 580.0 45.0 dibus, vel mediis & inferioribus non acceptis &

70.0 300.0 582.0 48.0 deguſtatis, ad maiores dignitates prouchebantur.

69.0 333.0 581.0 42.0 Erant enim in eccleſiaſticis muneribus certi or¬

70.0 365.0 581.0 46.0 dines conſtituti, per quos gradatim erat ad Epi¬

69.0 399.0 583.0 43.0 ſcopatum conſcendendum, ne quiſquam non ſa¬

69.0 431.0 582.0 45.0 tis probatus, aut expertus in paſtorem Eccleſiæ,

69.0 464.0 581.0 43.0 & tam arduum munus eligeretur. Erant igitur

69.0 494.0 581.0 45.0 hi ordines Oſtiarius, Lector, Exorciſta, Cantor,

70.0 526.0 581.0 46.0 Cereariꝰ, Acolytus, Subdiaconus, Diaconus, Pre¬

67.0 559.0 583.0 45.0 ſbyter, Epiſcopus, can. illud diſt. 77. Sed hos o¬

67.0 595.0 583.0 42.0 mnes tamen rigidè obſeruare in ſingulis eligẽdis

66.0 626.0 584.0 43.0 ac velut ex neceſſitate quadã, eſt certè ſuperſti¬

66.0 659.0 582.0 41.0 tio, cùm etiam ex iſtis quidã ordines non ſint. Sa¬

66.0 696.0 582.0 38.0 tis eſt, in puuigiima ratione io, qui m doctorem

66.0 721.0 581.0 46.0 vel paſtorem Eccleſiæ aſciſcẽdus eſt, probatus ſit

65.0 754.0 580.0 46.0 in doctrina & moribus: ſiue quòd in aliquibus in¬

71.0 785.0 575.0 48.0 ferioribus gradibus iã ſubſtiteritiſiue quòd alibi

65.0 820.0 581.0 47.0 alióq; modo ſit probatus. Nam ex iſtis tot ordi¬

67.0 852.0 507.0 45.0 nibus, quidã ſunt, & inanes & ſuperſtirioſi.

94.0 885.0 554.0 45.0 Denique hoc ipſum poſtea videmus in abu¬

62.0 919.0 584.0 43.0 ſum, & ridiculũ quiddam in Papatu fuiſſe conuer¬

61.0 950.0 582.0 43.0 ſum. Omnes enim iſti ordines ſacrificulandis ab

61.0 982.0 584.0 47.0 Epiſcopo conferuntur, ſed fruſtrà, & ſunt tituli

61.0 1016.0 585.0 43.0 & dignitates vanæ & ſine effectu. Secundo

61.0 1047.0 584.0 45.0 Ioco, Certa quædam ætas cuique ordini Eccle¬

61.0 1081.0 585.0 45.0 fiaſtico adipiſcendo eſt Synodis conſtituta, infra

62.0 1114.0 581.0 45.0 quam haberi obtineríque illi gradus nõ poſſent,

61.0 1146.0 581.0 46.0 veluti Synodo ſexta vniuerſali, concilio Chartag.

61.0 1178.0 585.0 58.0 3. cap. 4. Agathenſi cap.16. Toletano 4. cap.17.

474.0 1211.0 58.0 60.0 Eij.
