1000 1448
588.0 95.0 37.0 38.0 295

216.0 106.0 180.0 24.0 CANVIV.

49.0 123.0 583.0 49.0 cra 27. quęſt.1.& can. Mulieres cano. De viduis &

49.0 157.0 581.0 47.0 Puellis eod. Ita nimirum paulatim auctæ ſunt

48.0 204.0 581.0 34.0 luperititiones, & durſor conſcientiis laqueus in¬

50.0 223.0 90.0 38.0 iectus.

79.0 255.0 548.0 44.0 Cùm ſanctimonialis à pręlato conſecratur, ſto¬

46.0 289.0 583.0 45.0 la alba induitur, & chriſmate vngitur, vt ait Al¬

47.0 322.0 582.0 44.0 cuinus. Primus autem eam conſecrari inſtituit

47.0 352.0 582.0 48.0 Baſilius magnus, vt plęrique volunt. Pòſt autem

47.0 386.0 582.0 46.0 eadem fœmina vel virgo tondetur. Quanquam

46.0 419.0 581.0 44.0 ne tonderetur Chriſtiana mulier, & concilio

46.0 450.0 583.0 45.0 Gangreno interdictum fuerat, & expreſſo Pauli

45.0 485.0 584.0 42.0 præcepto, quod ipſius naturæ voci & ſenſui con¬

43.0 516.0 582.0 42.0 ſentaneum eſt 1.Corinth.11. Socrat.lib.2. cap.43.

43.0 547.0 583.0 44.0 Sed boni ſcilicet illi patres omnia iura diuina &

43.0 594.0 582.0 31.0 nuinanla, vt iuas luperititiones Itabilirent, per¬

41.0 613.0 584.0 40.0 uerterunt: & ſuſque deque habuerunt. Nam & ex

43.0 645.0 581.0 44.0 cano. Quæcunque diſtinct.3o.ita in Eccleſia fuiſ¬

41.0 676.0 582.0 46.0 ſe olim obſeruatum quemadmodum dicimus, cõ¬

41.0 708.0 69.0 38.0 ſtat.

75.0 740.0 549.0 49.0 Conſecratæ Moniales habent Monachos qui

40.0 773.0 580.0 46.0 illis præſint, nimirum oues lupis committuntur,

45.0 809.0 579.0 43.0 (quanquam tamen vt ab earum acceſſu iſti arceã¬

41.0 840.0 580.0 46.0 tur ex concilio Hiſpal. & can. in decima 18.quæſt¬

41.0 872.0 580.0 44.0 2.ſancitum eſt, ſed fruſtrà) Poſt iſtam conſecra¬

41.0 905.0 579.0 45.0 tionem nubere iſtæ mulieres ex iure Pontificio

40.0 938.0 581.0 43.0 iam non poſſunt. Qanquam olim infamia tantùm

42.0 970.0 578.0 43.0 quadã in Eccleſia notabantur, & tanquam Diga¬

41.0 1002.0 577.0 43.0 mæ tantùm cenſebantur, ſi quæ nupſiſſetst, atque

41.0 1035.0 576.0 44.0 adeò ex concilio Ancyrano & can. Quotquot 27.

43.0 1067.0 575.0 45.0 quæſt. ita erat conſtitutum. Poſtea verò ipſa ſu¬

41.0 1100.0 578.0 43.0 perſtitione nullum iam modum ſeruante pror¬

38.0 1131.0 580.0 45.0 ſus ab Eccleſia ſunt excommunicatæ, quæ poſt i¬

37.0 1164.0 581.0 49.0 ſtam conſecrationem nupſiſſent can. virgines 27.

447.0 1200.0 67.0 54.0 t.iiij.
