1000 1448
395.0 98.0 51.0 23.0 oi5

507.0 80.0 379.0 39.0 AD I. TAVL. AD TIM.

390.0 113.0 573.0 42.0 ijs electionibus præcipuæ quædam partes eſſent,

390.0 149.0 575.0 41.0 tum Titi, tum Timothei, tum ipſius Pauli, & Bar¬

387.0 182.0 581.0 41.0 nabæ, vt pote qui Eccleſias ipſas quomodo id

386.0 214.0 581.0 42.0 fieri oporteret, erudiebant, & qui huiuſmodi e¬

385.0 247.0 582.0 38.0 lectionibus, tanquam totius actionis moderato¬

387.0 280.0 579.0 38.0 res intererant, atque præſidebant: idcirco tota a¬

386.0 310.0 581.0 43.0 ctio illis quodammodo tribuitur, quæ tamen &

389.0 349.0 576.0 37.0 torius Preibyterij, & totius ipſius Eccleſiæ com¬

385.0 376.0 577.0 45.0 munis eſt, & tunc erat, vti apparet ex capite 4.v.

385.0 409.0 359.0 43.0 14. ſupra & Actor. 14 verſ.23.

419.0 441.0 544.0 44.0 Neque etiam obſtat, quòd Epiſcopus προεδ ρός

382.0 474.0 581.0 43.0 appellatur à Patribus, quaſi vnus ille totam Ec¬

382.0 507.0 582.0 41.0 cleſiam pro arbitrio poſſit adminiſtrare, & in ea

384.0 539.0 578.0 42.0 quos velit, præficere. Nam vox illa πρόεδ pος or¬

381.0 571.0 581.0 42.0 dinem tãtùm declarat, quòd inter collegas ſuos,

380.0 603.0 582.0 42.0 &icompreſbyteros ſedere deberet ipſe, qui Epi¬

380.0 636.0 583.0 42.0 ſcopus dicebatur: non autem regiam, aut ſummã

382.0 669.0 581.0 40.0 prætoriámque poteſtatem in Eccleſiam illi tri¬

380.0 707.0 582.0 33.0 Duit: Quod diemas confi mat fimbroſius lib. de

379.0 732.0 585.0 41.0 Dignit. Sacer dot. cap.6. Solio in Eccleſia editio¬

378.0 769.0 585.0 37.0 re Epiſcopus reſidet, ait, vt cunctos aſpiciat. Edi¬

379.0 798.0 584.0 39.0 ctum quoque Chriſti quod ſupra ex Luc.22. cõ¬

378.0 830.0 584.0 41.0 memorauimus, idẽ probat. Eſt enim ſolus Chri¬

378.0 863.0 587.0 41.0 ſtus Eccleſiæ rex, non autem mortalis quiſpiam.

408.0 896.0 554.0 37.0 Pertinet autem electio, & deſignatio ipſa ad

378.0 929.0 583.0 37.0 totam Eccleſiam, in qua fit: ſed diuerſa ratione.

379.0 960.0 583.0 40.0 Quemadmo dum enim totius Eccleſiæ paſtor eſt

376.0 994.0 585.0 37.0 futurus: ita aly omnibus debet ordinari & appro¬

378.0 1025.0 584.0 43.0 bari, ne quiſquam gregi inuito paſtor obtruda¬

375.0 1058.0 587.0 40.0 tur. Præterea etiam illud veriſsimum eſt, quod o¬

374.0 1089.0 586.0 43.0 mnes tangit, & ſpectat, ab omnibus fieri debere.

378.0 1124.0 583.0 40.0 Huiuſmod enim negotium totius Eccleſiæ, non

379.0 1156.0 582.0 51.0 vnius autem illius partis negotium eſt, cùm qui

876.0 1195.0 84.0 40.0 paſtor
