1000 1448
502.0 85.0 374.0 44.0 AD I. PAVL. AD TIM.

384.0 103.0 62.0 29.0 160

382.0 115.0 581.0 56.0 importunitate vexentur & premantur, honeſtè

382.0 152.0 581.0 50.0 quidem eos dimittere coguntur, & promiſsis im¬

385.0 183.0 581.0 51.0 plere, quæ tamen poſtea præſtare non poſſunt.

384.0 217.0 582.0 49.0 Hoc autem offendiculũ gignit, & à veritate Chri¬

382.0 250.0 583.0 46.0 ſtiana, quæ in omnibus noſtris tum dictis tum

386.0 280.0 579.0 49.0 leeus ineſſe debet, eſt alieniſſimum. Hoc idem

386.0 314.0 580.0 50.0 vitium omnibus Chriſtianis fugiendum eſt, &

386.0 350.0 254.0 47.0 maximè Paſtoribus.

435.0 399.0 532.0 54.0 Tenentes mysterium fidei cum pura

387.0 444.0 168.0 45.0 tonſcientia.

420.0 475.0 547.0 50.0 Α'κολόθησις eſt, poſtquam de moribus Diaco¬

387.0 515.0 582.0 45.0 norum dixit, de eorundem doctrina, qualis eſſe

389.0 544.0 580.0 49.0 debeat, diſſerit, nimirum eos fideles, probéque in

387.0 578.0 584.0 47.0 fidei arcanis inſtitutos eſſe oportere. In quo ma¬

390.0 610.0 581.0 50.0 gnam & non tantùm vulgarem vel leuem in fide

390.0 642.0 580.0 49.0 Chriſtiana cognitionem eos habere vult Paulus,

390.0 674.0 580.0 49.0 dum eos iuber, Non tantùm tenere fidem, id eſt,

389.0 707.0 584.0 48.0 conſtanter & apprimè eam didiciſſe & tueri ſed

390.0 738.0 585.0 49.0 etiam arcanum ipſum ſiue myſterium fidei ab iiſ¬

391.0 770.0 585.0 51.0 dem perceptum eſſe poſtulat. Quo verbo altior

392.0 806.0 584.0 49.0 quædam cognitio ſignificari videtur: quanquam

390.0 837.0 586.0 48.0 ſalutis fidei, Chriſtianæque doctrinæ quælibet

392.0 874.0 586.0 46.0 pars myſterium propter argumenti maieſtatem.

393.0 900.0 583.0 48.0 & rei ipſius difficultatem, niſi Dei ſpiritu ſimus

394.0 932.0 583.0 48.0 muimdati, fere nominatur in ſcriptura. Refert

395.0 966.0 582.0 46.0 Chryſoſt. hanc Pauli ſententiam ad verſ. 6. quaſi

395.0 998.0 582.0 49.0 hæc ratio ſit, cur Epiſcopum non oporteat eſſe

396.0 1030.0 582.0 51.0 nouitium: ſed hîc agit Paulus de Diaconis, non

399.0 1072.0 170.0 42.0 de Epiſcopis.

431.0 1094.0 548.0 49.0 Ergo quæritur cur hoc requirat in Diaconis

398.0 1128.0 583.0 49.0 Paulus. Reſp. Ratio eſt multiplex. Ac prima qui¬

399.0 1162.0 584.0 65.0 dẽ quod cùm Diaconi ſint non tantum pars quæ¬

915.0 1192.0 67.0 47.0 dam
