1000 1448
238.0 112.0 206.0 23.0 CABVT III.

601.0 90.0 45.0 49.0 167

69.0 127.0 582.0 48.0 mile quiddam apparet 2. Corinh.1. Deinde hoc

70.0 165.0 581.0 43.0 ipſum Timothei excitandi cauſa videri poteſt

72.0 197.0 578.0 46.0 additum, quanquam ipſe per ſe diligens eſſet, ſed

70.0 230.0 579.0 43.0 vt alacriore animo in illud opus incumberet, in

72.0 263.0 577.0 46.0 quo ſuæ diligentiæ teſtem oculatum Paulũ eſſet

74.0 298.0 228.0 46.0 poſthac habiturus.

103.0 325.0 546.0 46.0 Sed & aliorum quoque cauſa videtur hoc ad¬

69.0 360.0 579.0 45.0 iectum, vt ſi qui eſſent peruicaces & contumaces,

69.0 393.0 580.0 42.0 metu aduentus Pauli comprimerentur. Hinc au¬

69.0 434.0 581.0 36.0 ceni taun ſoneſtuud de moeroujs apparet, qui

69.0 457.0 580.0 43.0 ne minimũ quidem tempus differre potuit, quin

69.0 489.0 579.0 48.0 ea quæ videbantur egere correctione quadam, e¬

69.0 527.0 137.0 39.0 mendaret.

100.0 551.0 550.0 45.0 Dicit autem, ſperans, Neque enim noſtræ vitæ

69.0 585.0 581.0 41.0 ſumus nos ipſi arbitri: ſed Dominus, &, vt monet

69.0 621.0 578.0 41.0 Facob.4 verſ.15. ipſe de nobis ſtatuit, vt ex eius ſo¬

71.0 650.0 575.0 45.0 lo nutu pendere toti debeamus. Rediit autem E¬

72.0 684.0 574.0 44.0 pheſum Paulus, vt apparet ex Act. 18. poſt hanc

71.0 715.0 254.0 52.0 Epiſtolam ſcriptam.

110.0 777.0 535.0 52.0 15 Quòd ſi tardiùs venero, vt noris

71.0 820.0 576.0 48.0 quomodo oporteat in domo Dei verſari, quæ

69.0 858.0 577.0 53.0 est Eccleſia Dei viui, columna & ſtabilimen¬

70.0 902.0 193.0 42.0 tum veritatis.

98.0 941.0 547.0 40.0 Occupatio eſt, quæ eum commendatione mi¬

69.0 974.0 577.0 40.0 niſterij Euangelici eſt coniuncta. Monet enim

69.0 1007.0 577.0 40.0 Paulus ſi tardiùs venerit, ecquod muneris ſui re¬

69.0 1040.0 576.0 40.0 ctè gerendi remedium habeat Timotheus, nem¬

70.0 1073.0 576.0 41.0 pe hæc ipſa præcepta, quæ continentur hac Epi¬

69.0 1105.0 578.0 41.0 ſtola, tum in ſuperioribus capitibus: tum etiam in

70.0 1137.0 575.0 44.0 ſequentibus. Itaque paraſceue etiam eſt ad ſe¬

74.0 1176.0 382.0 53.0 quentes præceptiones hie locus.

477.0 1197.0 65.0 54.0 l.iiij.
