1000 1448
604.0 94.0 51.0 46.0 467

293.0 107.0 188.0 26.0 CAPVTVI.

86.0 126.0 575.0 48.0 contendunt, quæ hîc de forma electionis paſto¬

86.0 162.0 572.0 45.0 rum Eccleſiaſticorum à Paulo tradita ſunt, tem¬

87.0 195.0 573.0 47.0 poraria tantùm pręcepta eſſe: quæ non vt perpe¬

86.0 228.0 568.0 43.0 tuò locum in eccleſia haberent ſint tradita. Itaq:

86.0 260.0 571.0 41.0 ea & omitti, & mutari poſſe. Quam ſententiam

84.0 292.0 574.0 44.0 falſiſsimam eſſe docet hic locus, atque vel vna

83.0 322.0 575.0 45.0 hæc tam grauis diligens & ſollicita de his obſer¬

84.0 366.0 574.0 33.0 uandis obteſtatio a Paulo facta, præſertim cùm

83.0 387.0 575.0 48.0 ſup. cap 3.verſ.21. aliam quoque obteſtationem

83.0 423.0 451.0 36.0 addiderit Paulus, non minus grauem.

119.0 452.0 542.0 45.0 Secundum autem huius verſiculi & loci præ¬

81.0 489.0 573.0 41.0 ceptum non minus quàm prius neceſſarium eſt,

81.0 522.0 574.0 41.0 cùm reipſa experiamur quàm pauci paſtores

82.0 552.0 572.0 42.0 vel in ſuo officio perſtent: vel ſi perſtant, quàm

81.0 584.0 573.0 40.0 magnis cum difficultatibus luctentur, adeò vt in

81.0 617.0 573.0 40.0 hoc onere eadem alacritate animi perſtare ſit o¬

81.0 648.0 573.0 43.0 mnino arduum, ac rarum, &, niſi Dominus ipſe

81.0 681.0 572.0 43.0 vires & robur ſuppeditaret, prorſus αδύνατον. Ex¬

79.0 712.0 573.0 44.0 empla Ioannis, Marci, & Demæ, de quibus tum

78.0 745.0 576.0 44.0 in Actis: tum in 2.ad Timotheum agitur, quod

77.0 780.0 576.0 43.0 dicimus veriſſimum eſſe comprobarunt. Quare

77.0 814.0 574.0 41.0 neque temere, neque præter rem, aut in vanum

77.0 845.0 573.0 41.0 hanc tam grauem, & plenam inuocatione nomi¬

75.0 876.0 576.0 39.0 nis Dei obteſtationem addidit Paulus, ne nomen

77.0 909.0 573.0 42.0 Dei in vanum ſumpſiſſe, & pro re leui, aut etiam

75.0 942.0 575.0 42.0 in non neceſſario loco vel negotio interpoſuiſſe

78.0 973.0 217.0 38.0 Paulus cenſeatur.

127.0 1004.0 523.0 40.0 Duplex autem eſt obteſtationis huius atque

77.0 1038.0 573.0 39.0 denuntiationis authoritas, tum ex perſona Patris

77.0 1071.0 573.0 39.0 tũ Filij. Vtriq; autem ſuum epitheton adiunctũ

75.0 1103.0 574.0 36.0 eſt ad maiorem ipſorum teſtium venerationem.

77.0 1135.0 574.0 38.0 Ait Paulus Denuntio. Eſt autem quiddam aliud

78.0 1168.0 575.0 49.0 δαγſίλ λεν, id eſt, denuntiare, quàmμαρτυρεῖν qua

480.0 1201.0 63.0 48.0 G.ij.
