<?xml version='1.0' encoding='UTF-8'?>
<alto xmlns:xsi="http://www.w3.org/2001/XMLSchema-instance" xmlns="http://www.loc.gov/standards/alto/ns-v4#" xsi:schemaLocation="http://www.loc.gov/standards/alto/ns-v4# http://www.loc.gov/standards/alto/v4/alto-4-2.xsd">
  <Description>
    <MeasurementUnit>pixel</MeasurementUnit>
    <sourceImageInformation>
      <fileName>2013008.jpeg</fileName>
    </sourceImageInformation>
  </Description>
  <Tags>
    <OtherTag ID="BT7" LABEL="CustomZone" DESCRIPTION="block type CustomZone"/><OtherTag ID="BT8" LABEL="DamageZone" DESCRIPTION="block type DamageZone"/><OtherTag ID="BT9" LABEL="DigitizationArtefactZone" DESCRIPTION="block type DigitizationArtefactZone"/><OtherTag ID="BT10" LABEL="DropCapitalZone" DESCRIPTION="block type DropCapitalZone"/><OtherTag ID="BT11" LABEL="GraphicZone" DESCRIPTION="block type GraphicZone"/><OtherTag ID="BT12" LABEL="MainZone" DESCRIPTION="block type MainZone"/><OtherTag ID="BT13" LABEL="MarginTextZone" DESCRIPTION="block type MarginTextZone"/><OtherTag ID="BT14" LABEL="MusicZone" DESCRIPTION="block type MusicZone"/><OtherTag ID="BT15" LABEL="NumberingZone" DESCRIPTION="block type NumberingZone"/><OtherTag ID="BT17" LABEL="QuireMarksZone" DESCRIPTION="block type QuireMarksZone"/><OtherTag ID="BT18" LABEL="RunningTitleZone" DESCRIPTION="block type RunningTitleZone"/><OtherTag ID="BT19" LABEL="SealZone" DESCRIPTION="block type SealZone"/><OtherTag ID="BT20" LABEL="StampZone" DESCRIPTION="block type StampZone"/><OtherTag ID="BT21" LABEL="TableZone" DESCRIPTION="block type TableZone"/><OtherTag ID="BT22" LABEL="TitlePageZone" DESCRIPTION="block type TitlePageZone"/><OtherTag ID="BT3407" LABEL="MainZone-Continued" DESCRIPTION="block type MainZone-Continued"/><OtherTag ID="BT3408" LABEL="MainZone-P" DESCRIPTION="block type MainZone-P"/><OtherTag ID="BT3409" LABEL="MainZone-Head" DESCRIPTION="block type MainZone-Head"/><OtherTag ID="BT3410" LABEL="MainZone-Other" DESCRIPTION="block type MainZone-Other"/><OtherTag ID="BT3411" LABEL="MainZone-Sp" DESCRIPTION="block type MainZone-Sp"/><OtherTag ID="BT3417" LABEL="MainZone-Sp-Continued" DESCRIPTION="block type MainZone-Sp-Continued"/><OtherTag ID="BT3418" LABEL="GraphicZone-Decoration" DESCRIPTION="block type GraphicZone-Decoration"/><OtherTag ID="BT3419" LABEL="MainZone-Entry" DESCRIPTION="block type MainZone-Entry"/><OtherTag ID="BT3420" LABEL="MainZone-Lg" DESCRIPTION="block type MainZone-Lg"/><OtherTag ID="BT3421" LABEL="MainZone-Entry-Continued" DESCRIPTION="block type MainZone-Entry-Continued"/><OtherTag ID="BT3422" LABEL="MarginTextZone-ManuscriptAddendum" DESCRIPTION="block type MarginTextZone-ManuscriptAddendum"/><OtherTag ID="BT3423" LABEL="MainZone-List" DESCRIPTION="block type MainZone-List"/>
    <OtherTag ID="LT7" LABEL="CustomLine" DESCRIPTION="line type CustomLine"/><OtherTag ID="LT8" LABEL="DefaultLine" DESCRIPTION="line type DefaultLine"/><OtherTag ID="LT9" LABEL="DropCapitalLine" DESCRIPTION="line type DropCapitalLine"/><OtherTag ID="LT10" LABEL="HeadingLine" DESCRIPTION="line type HeadingLine"/><OtherTag ID="LT11" LABEL="InterlinearLine" DESCRIPTION="line type InterlinearLine"/><OtherTag ID="LT12" LABEL="MusicLine" DESCRIPTION="line type MusicLine"/>
  </Tags>
  <Layout>
    <Page WIDTH="1000" HEIGHT="1448" PHYSICAL_IMG_NR="4" ID="eSc_dummypage_">
      <PrintSpace HPOS="0" VPOS="0" WIDTH="1000" HEIGHT="1448">
        <TextBlock HPOS="364.74371337890625" VPOS="89.77735137939453" WIDTH="44.516998291015625" HEIGHT="35.117958068847656" ID="block_1" TAGREFS="BT15">
          <Shape><Polygon POINTS="364.744 89.7774 409.261 89.7774 409.261 124.895 364.744 124.895 364.744 89.7774"/></Shape>
          <TextLine ID="line_1" TAGREFS="LT8" BASELINE="372 114 423 112" HPOS="371.0" VPOS="101.0" WIDTH="52.0" HEIGHT="26.0">
            <Shape><Polygon POINTS="411 101 403 101 395 101 387 101 381 101 371 102 372 114 372 127 422 118 423 112 421 102 415 101 411 101"/></Shape>
            <String CONTENT="96" HPOS="371.0" VPOS="101.0" WIDTH="52.0" HEIGHT="26.0" WC="0.9999977946281433"/>
          </TextLine>
        </TextBlock>
        <TextBlock HPOS="462.25970458984375" VPOS="80.26520538330078" WIDTH="385.45648193359375" HEIGHT="36.99803161621094" ID="block_2" TAGREFS="BT18">
          <Shape><Polygon POINTS="462.26 80.2652 847.716 80.2652 847.716 117.263 462.26 117.263 462.26 80.2652"/></Shape>
          <TextLine ID="line_2" TAGREFS="LT8" BASELINE="461 112 850 106" HPOS="460.0" VPOS="82.0" WIDTH="390.0" HEIGHT="41.0">
            <Shape><Polygon POINTS="758 101 750 101 742 101 734 101 726 101 718 101 710 101 702 101 694 101 686 101 678 101 670 101 662 101 654 101 646 101 637 101 629 101 621 101 613 101 605 101 597 101 596 101 589 101 581 101 573 101 565 101 557 101 549 101 541 101 535 101 534 102 531 101 525 101 517 101 509 101 501 101 497 101 493 101 485 101 477 101 469 101 460 101 461 112 461 123 510 123 510 123 510 123 511 123 511 122 512 122 518 116 547 121 555 122 556 122 557 122 558 122 559 120 567 115 591 119 601 121 602 121 603 121 607 119 613 116 635 119 654 120 655 120 656 120 662 118 673 114 708 116 739 119 740 119 740 119 747 115 753 112 770 115 781 116 782 116 783 116 791 114 798 112 802 114 810 117 811 117 812 117 850 112 850 106 847 82 769 82 769 82 768 82 766 84 758 89 758 101"/></Shape>
            <String CONTENT="AD I. PAVL. ADI TIM." HPOS="460.0" VPOS="82.0" WIDTH="390.0" HEIGHT="41.0" WC="0.9810700446367264"/>
          </TextLine>
        </TextBlock>
        <TextBlock HPOS="364.4127502441406" VPOS="125.9579849243164" WIDTH="581.2826232910156" HEIGHT="99.04711151123047" ID="block_3" TAGREFS="BT3407">
          <Shape><Polygon POINTS="364.413 125.958 945.695 125.958 945.695 225.005 364.413 225.005 364.413 125.958"/></Shape>
          <TextLine ID="line_3" TAGREFS="LT8" BASELINE="365 152 942 143" HPOS="364.0" VPOS="115.0" WIDTH="578.0" HEIGHT="51.0">
            <Shape><Polygon POINTS="365 152 365 166 408 166 408 165 409 165 410 165 415 161 510 164 524 164 525 164 526 164 526 164 539 158 584 163 589 163 590 163 591 163 592 163 600 157 649 161 650 161 650 161 661 156 687 161 689 161 690 161 692 161 717 156 741 160 744 160 744 160 748 160 790 155 818 160 823 160 823 160 832 159 887 154 942 157 942 143 940 116 846 121 839 117 835 115 835 115 769 115 769 115 768 115 761 119 753 123 734 119 721 116 720 116 670 117 646 119 646 119 645 119 645 119 644 120 638 125 596 125 580 121 571 119 570 119 569 119 510 120 509 120 508 120 508 121 506 122 502 127 479 127 438 127 432 123 427 120 427 120 426 120 425 120 424 120 415 123 400 127 393 123 388 121 387 121 386 121 364 123 365 152"/></Shape>
            <String CONTENT="biti ſunt, qui Preſbyteros Epiſcopis adæquarunt," HPOS="364.0" VPOS="115.0" WIDTH="578.0" HEIGHT="51.0" WC="0.9987012060980002"/>
          </TextLine>
          <TextLine ID="line_4" TAGREFS="LT8" BASELINE="366 185 646 179 942 176" HPOS="365.0" VPOS="152.0" WIDTH="577.0" HEIGHT="43.0">
            <Shape><Polygon POINTS="759 168 756 161 734 161 724 155 724 155 723 155 722 155 692 160 649 156 648 156 614 161 613 161 613 161 610 162 606 180 598 180 590 180 582 180 574 180 566 180 558 180 550 180 542 180 534 181 526 181 518 181 510 181 502 181 493 181 485 181 477 181 469 181 461 181 453 181 445 181 437 181 429 181 421 181 413 181 405 181 397 181 389 181 381 181 373 181 365 181 366 185 366 193 459 195 460 195 460 195 471 193 480 190 497 192 523 195 524 195 525 195 534 192 542 189 639 188 696 191 722 192 723 192 732 190 759 186 777 190 779 190 780 190 782 190 802 186 813 190 814 190 814 190 815 190 823 190 863 186 942 189 942 176 941 156 868 152 868 152 867 152 846 158 807 153 806 153 806 153 793 159 781 154 781 154 780 154 779 154 762 161 761 161 759 168"/></Shape>
            <String CONTENT="quales Herianrre docet Epiphan. &amp; Auguſtinus" HPOS="365.0" VPOS="152.0" WIDTH="577.0" HEIGHT="43.0" WC="0.9709212495522066"/>
          </TextLine>
          <TextLine ID="line_5" TAGREFS="LT8" BASELINE="365 218 619 211 943 208" HPOS="364.0" VPOS="181.0" WIDTH="579.0" HEIGHT="46.0">
            <Shape><Polygon POINTS="365 218 365 226 514 227 515 227 550 223 569 222 599 222 656 225 657 225 658 225 667 222 670 220 674 222 679 223 680 223 681 223 709 221 726 219 747 220 802 222 803 222 846 218 854 218 863 218 915 221 916 221 942 216 943 208 942 187 930 183 930 183 929 183 884 187 872 188 871 187 862 181 861 181 860 181 860 181 859 181 858 181 849 187 847 188 843 187 827 185 827 185 810 187 801 189 799 187 794 183 793 183 792 183 772 182 771 182 770 182 758 188 757 188 750 188 713 185 712 185 711 185 711 185 711 185 707 188 705 190 698 188 688 185 687 185 687 185 686 185 675 188 665 191 662 188 660 186 659 186 658 186 658 186 644 188 637 189 633 188 620 185 619 185 618 185 595 185 594 185 593 185 590 188 585 192 557 189 538 186 537 186 536 186 530 189 515 193 493 189 492 189 491 189 489 189 460 193 452 189 449 188 448 188 448 188 447 188 444 189 431 194 423 189 423 188 422 188 421 188 420 188 419 188 415 189 395 195 364 189 365 218"/></Shape>
            <String CONTENT="in lib. deHæreſib. ad Quoduultd. vbi nos diximus" HPOS="364.0" VPOS="181.0" WIDTH="579.0" HEIGHT="46.0" WC="0.9891541823744774"/>
          </TextLine>
        </TextBlock>
        <TextBlock HPOS="363.7451171875" VPOS="223.5878143310547" WIDTH="582.1831665039062" HEIGHT="292.82655334472656" ID="block_4" TAGREFS="BT3408">
          <Shape><Polygon POINTS="363.745 223.588 945.928 223.588 945.928 516.414 363.745 516.414 363.745 223.588"/></Shape>
          <TextLine ID="line_6" TAGREFS="LT8" BASELINE="397 248 944 241" HPOS="396.0" VPOS="214.0" WIDTH="548.0" HEIGHT="45.0">
            <Shape><Polygon POINTS="397 248 397 256 578 259 579 259 636 259 637 259 637 259 645 253 646 253 650 253 684 256 685 256 761 251 771 251 773 251 792 256 793 256 794 256 794 256 806 251 808 251 880 254 881 254 913 250 914 250 925 255 925 255 926 255 927 255 944 249 944 241 943 221 930 214 929 214 928 214 819 222 783 222 763 216 762 216 761 216 761 216 760 216 751 222 716 217 715 217 714 217 713 217 713 218 707 223 639 224 619 218 618 218 579 218 578 218 517 226 489 220 488 220 450 226 407 222 407 222 406 222 396 226 397 248"/></Shape>
            <String CONTENT="Secundum, Quòd præter Preſbyteros habẽt" HPOS="396.0" VPOS="214.0" WIDTH="548.0" HEIGHT="45.0" WC="0.9957478002804082"/>
          </TextLine>
          <TextLine ID="line_7" TAGREFS="LT8" BASELINE="365 281 944 274" HPOS="364.0" VPOS="250.0" WIDTH="580.0" HEIGHT="44.0">
            <Shape><Polygon POINTS="365 281 365 289 378 294 378 294 379 294 492 293 520 292 521 292 522 292 530 287 590 292 591 292 592 292 606 286 653 286 685 291 686 291 687 291 701 285 788 289 789 289 814 283 823 287 823 287 824 287 825 287 833 283 839 288 840 288 841 288 842 288 843 288 853 284 878 288 879 288 880 288 880 288 888 283 926 286 927 286 928 286 944 281 944 274 942 255 924 250 923 250 922 250 921 250 917 255 915 255 858 255 855 255 843 250 843 250 842 250 841 250 840 250 840 250 835 255 834 256 767 256 758 255 740 250 740 250 739 250 729 255 723 258 687 258 665 255 637 251 636 251 635 251 634 251 629 255 625 258 593 255 582 254 581 254 574 255 547 259 521 255 510 253 509 253 508 253 501 255 489 258 477 255 473 254 473 254 472 254 463 255 439 259 434 255 433 254 432 254 432 254 431 254 364 255 365 281"/></Shape>
            <String CONTENT="Epiſcopi apicem Pontificatus &amp; præeminentiæ." HPOS="364.0" VPOS="250.0" WIDTH="580.0" HEIGHT="44.0" WC="0.9888457953929901"/>
          </TextLine>
          <TextLine ID="line_8" TAGREFS="LT8" BASELINE="366 314 943 304" HPOS="366.0" VPOS="279.0" WIDTH="577.0" HEIGHT="47.0">
            <Shape><Polygon POINTS="366 314 366 326 942 313 943 304 942 285 909 285 899 279 898 279 897 279 897 279 896 279 896 280 889 285 888 285 836 281 835 281 835 281 816 286 803 279 802 279 802 279 801 279 784 286 750 280 749 280 748 280 736 287 728 281 727 281 726 281 725 281 724 281 716 285 696 282 695 282 695 282 694 282 694 283 687 287 687 288 683 287 654 282 654 282 633 286 598 283 597 283 596 283 596 283 588 289 585 290 572 289 524 284 523 284 522 284 514 288 469 287 468 287 467 287 457 290 451 292 444 291 427 286 427 286 426 286 425 286 416 291 411 294 392 294 387 291 378 287 378 287 377 287 376 287 366 291 366 314"/></Shape>
            <String CONTENT="Itaque multa licent Epiſcopis in Preſbyteros ho¬" HPOS="366.0" VPOS="279.0" WIDTH="577.0" HEIGHT="47.0" WC="0.9923624495665232"/>
          </TextLine>
          <TextLine ID="line_9" TAGREFS="LT8" BASELINE="367 346 942 337" HPOS="366.0" VPOS="312.0" WIDTH="576.0" HEIGHT="47.0">
            <Shape><Polygon POINTS="761 339 756 321 751 321 750 320 740 314 740 314 739 314 738 314 737 314 736 314 731 319 720 315 720 315 719 315 718 315 717 315 707 321 704 321 646 316 645 316 644 316 624 322 623 322 622 322 576 316 575 316 574 316 555 322 530 317 529 317 528 317 506 323 487 318 486 318 485 318 438 324 430 325 422 324 375 320 374 320 374 320 373 320 366 323 367 346 367 357 439 359 440 359 489 355 524 353 539 354 564 357 565 357 674 356 675 356 690 352 714 355 715 355 716 355 732 350 736 349 744 350 784 354 785 354 786 354 802 349 803 349 807 349 855 353 856 353 857 353 872 347 942 345 942 337 941 319 916 319 901 312 901 312 900 312 899 312 884 319 883 319 803 313 802 313 802 313 784 320 783 321 765 321 761 339"/></Shape>
            <String CONTENT="die, quæ non item Presbyteris in Epiſcopos. So¬" HPOS="366.0" VPOS="312.0" WIDTH="576.0" HEIGHT="47.0" WC="0.998917504828027"/>
          </TextLine>
          <TextLine ID="line_10" TAGREFS="LT8" BASELINE="367 378 943 370" HPOS="366.0" VPOS="345.0" WIDTH="577.0" HEIGHT="45.0">
            <Shape><Polygon POINTS="761 370 755 350 729 348 717 347 716 347 716 347 715 347 713 349 704 353 674 349 671 349 670 349 670 349 668 349 648 354 617 351 616 351 589 355 565 350 560 349 559 349 545 350 502 353 487 351 482 350 481 350 473 351 423 357 366 353 367 378 367 387 423 390 423 390 424 390 435 387 438 386 440 387 447 390 448 390 448 390 474 387 485 386 496 387 516 390 517 390 531 386 542 385 555 386 572 389 573 389 616 386 665 383 729 386 758 386 759 386 760 386 762 386 771 382 794 386 798 386 798 386 805 385 842 381 880 385 884 385 885 385 886 385 887 385 901 380 942 384 943 370 942 346 917 345 916 345 915 345 909 346 895 350 871 346 861 345 860 345 860 345 859 345 857 347 850 352 769 353 765 352 761 370"/></Shape>
            <String CONTENT="lus enim Epiſcopus creat Presbyteros: nulli autẽ" HPOS="366.0" VPOS="345.0" WIDTH="577.0" HEIGHT="45.0" WC="0.9993233826695657"/>
          </TextLine>
          <TextLine ID="line_11" TAGREFS="LT8" BASELINE="367 411 942 403" HPOS="366.0" VPOS="378.0" WIDTH="576.0" HEIGHT="44.0">
            <Shape><Polygon POINTS="761 403 756 386 689 386 685 384 663 380 662 380 620 381 619 381 618 381 613 385 606 381 605 381 604 381 604 381 593 385 583 388 540 385 508 382 507 382 506 382 506 382 503 385 497 390 462 390 455 385 453 383 452 383 452 383 425 383 424 383 423 383 419 385 405 390 397 385 396 384 395 384 395 384 394 384 366 385 367 411 367 422 556 420 576 418 596 415 604 417 611 419 612 419 613 419 711 419 712 419 722 415 725 414 733 415 761 418 762 418 763 418 764 418 770 414 773 412 836 412 839 412 857 416 858 416 859 416 868 411 942 410 942 403 940 384 864 384 863 384 855 378 855 378 854 378 827 378 826 378 825 378 824 378 815 384 814 386 765 386 761 403"/></Shape>
            <String CONTENT="Presbyteri ſoli creant Epiſcopum, vt eſt in cano." HPOS="366.0" VPOS="378.0" WIDTH="576.0" HEIGHT="44.0" WC="0.9995158326869108"/>
          </TextLine>
          <TextLine ID="line_12" TAGREFS="LT8" BASELINE="366 443 944 436" HPOS="366.0" VPOS="410.0" WIDTH="578.0" HEIGHT="44.0">
            <Shape><Polygon POINTS="760 415 752 415 744 415 736 415 728 415 720 415 715 415 706 415 682 418 672 416 666 415 663 415 655 415 654 415 652 416 648 418 631 416 617 415 615 415 607 415 599 415 591 415 583 415 576 415 575 416 572 419 492 417 458 416 457 416 452 417 428 421 366 418 366 443 366 451 543 450 557 454 558 454 559 454 580 449 596 453 596 453 597 453 623 448 668 452 669 452 789 448 875 450 876 450 876 450 877 450 884 444 944 444 944 436 943 415 930 410 929 410 928 410 927 410 926 410 921 415 921 415 878 415 876 415 868 411 867 411 866 411 829 415 814 416 813 415 807 411 806 411 806 411 762 411 760 415"/></Shape>
            <String CONTENT="Cleros &amp; clericos 5 Presbyter diſtinct. 21. &amp; tota" HPOS="366.0" VPOS="410.0" WIDTH="578.0" HEIGHT="44.0" WC="0.9874063611030579"/>
          </TextLine>
          <TextLine ID="line_13" TAGREFS="LT8" BASELINE="366 475 943 468" HPOS="366.0" VPOS="442.0" WIDTH="577.0" HEIGHT="46.0">
            <Shape><Polygon POINTS="366 475 366 485 415 484 417 485 429 488 430 488 431 488 466 484 473 483 477 483 502 488 502 488 503 488 516 483 518 482 524 483 557 487 558 487 612 481 613 481 614 481 620 486 621 486 621 486 622 486 705 485 706 485 726 480 727 480 744 485 744 485 745 485 772 480 827 484 828 484 829 484 840 479 858 484 859 484 860 484 934 483 934 483 935 483 943 477 943 468 942 448 883 442 882 442 881 442 860 448 860 449 825 449 768 449 759 444 758 444 757 444 757 444 720 450 718 450 716 450 656 444 655 444 654 444 641 450 631 445 630 445 591 445 590 445 556 452 554 452 552 452 516 446 515 446 514 446 514 446 514 447 507 452 506 452 504 452 474 447 473 447 473 447 472 447 465 452 448 447 447 447 446 447 445 447 434 452 432 453 430 452 410 448 409 448 374 448 373 448 372 448 371 448 366 451 366 475"/></Shape>
            <String CONTENT="diſtinct. 67. Nan in Epiſcopo omnium ordina¬" HPOS="366.0" VPOS="442.0" WIDTH="577.0" HEIGHT="46.0" WC="0.993420968001539"/>
          </TextLine>
          <TextLine ID="line_14" TAGREFS="LT8" BASELINE="366 508 818 501" HPOS="366.0" VPOS="477.0" WIDTH="452.0" HEIGHT="45.0">
            <Shape><Polygon POINTS="366 508 366 521 382 522 382 522 383 522 384 522 384 521 385 521 389 517 419 520 422 520 423 520 423 520 424 520 430 516 458 519 477 521 477 521 478 521 483 518 489 515 522 518 546 519 547 519 547 519 552 517 557 514 567 517 573 518 574 518 575 518 580 516 592 514 600 516 612 518 613 518 613 518 614 518 623 515 628 514 633 515 644 518 645 518 646 518 646 518 654 514 656 514 659 514 670 518 671 518 672 518 715 514 794 516 795 516 796 516 818 510 818 501 816 483 761 477 761 477 760 477 747 481 713 477 712 477 711 477 711 477 703 484 702 484 685 478 684 478 683 478 683 478 668 484 653 478 652 478 651 478 650 478 650 478 642 485 641 485 638 485 599 479 598 479 565 480 564 480 553 485 551 485 551 485 535 480 534 480 534 480 533 480 515 485 512 487 407 488 399 486 378 482 378 482 377 482 366 486 366 508"/></Shape>
            <String CONTENT="tionum poteſtas ineſt, ait Ambroſius." HPOS="366.0" VPOS="477.0" WIDTH="452.0" HEIGHT="45.0" WC="0.9997528469240343"/>
          </TextLine>
        </TextBlock>
        <TextBlock HPOS="365.0638122558594" VPOS="515.7052612304688" WIDTH="582.7757263183594" HEIGHT="257.7039794921875" ID="block_5" TAGREFS="BT3408">
          <Shape><Polygon POINTS="365.064 515.705 947.84 515.705 947.84 773.409 365.064 773.409 365.064 515.705"/></Shape>
          <TextLine ID="line_15" TAGREFS="LT8" BASELINE="404 538 943 533" HPOS="403.0" VPOS="505.0" WIDTH="540.0" HEIGHT="47.0">
            <Shape><Polygon POINTS="404 538 404 547 470 552 471 552 502 551 502 551 503 551 509 547 510 547 512 547 556 551 557 551 558 551 559 551 566 546 567 546 581 546 699 550 700 550 772 545 786 549 787 549 788 549 789 549 802 543 802 543 808 543 863 548 864 548 942 542 943 533 942 512 891 505 890 505 842 511 836 506 835 506 835 506 799 506 798 506 773 513 770 514 728 514 727 513 716 507 716 507 715 507 714 507 713 507 705 513 703 514 695 513 641 509 641 509 611 514 609 514 607 514 579 509 578 509 577 509 576 509 572 513 558 509 557 509 556 509 555 509 543 514 540 515 537 514 528 510 527 510 526 510 526 510 511 514 507 515 403 515 404 538"/></Shape>
            <String CONTENT="Tertium Quòd vt libro 1.cap.6.refert Ruffin." HPOS="403.0" VPOS="505.0" WIDTH="540.0" HEIGHT="47.0" WC="0.9894097103012933"/>
          </TextLine>
          <TextLine ID="line_16" TAGREFS="LT8" BASELINE="367 573 945 566" HPOS="366.0" VPOS="540.0" WIDTH="579.0" HEIGHT="46.0">
            <Shape><Polygon POINTS="761 560 756 546 750 548 726 546 687 543 686 543 654 547 635 549 629 547 625 545 625 545 624 545 623 545 622 545 621 547 616 550 598 547 580 544 579 544 578 544 568 547 557 551 517 551 512 547 508 545 507 545 506 545 506 545 432 546 432 546 431 546 427 548 420 553 399 553 395 548 393 547 393 547 392 547 391 547 390 547 366 548 367 573 367 585 401 586 402 586 403 586 406 585 414 581 463 584 494 585 495 585 522 583 559 579 580 581 598 584 599 584 611 581 624 578 662 580 704 582 705 582 731 579 742 577 753 578 783 581 784 581 823 577 919 580 920 580 944 574 945 566 942 545 905 546 901 545 889 540 888 540 888 540 887 540 886 540 878 545 877 546 839 547 820 546 772 542 771 542 770 542 765 543 761 560"/></Shape>
            <String CONTENT="Synodo Nycena cap. Io. vetitum eſt, ne in vna ci¬" HPOS="366.0" VPOS="540.0" WIDTH="579.0" HEIGHT="46.0" WC="0.9822401319231305"/>
          </TextLine>
          <TextLine ID="line_17" TAGREFS="LT8" BASELINE="366 604 943 596" HPOS="365.0" VPOS="573.0" WIDTH="578.0" HEIGHT="45.0">
            <Shape><Polygon POINTS="366 604 366 613 406 618 407 618 407 618 422 613 423 612 442 612 534 615 535 615 536 615 537 615 537 614 540 612 541 611 576 611 577 611 594 616 595 616 596 616 596 616 609 611 653 615 654 615 654 615 663 611 742 613 743 613 767 608 778 612 779 612 780 612 808 608 810 608 810 608 822 612 823 612 823 612 897 611 897 611 906 607 936 611 937 611 938 611 938 611 943 607 943 596 942 577 897 573 897 573 896 573 886 577 876 573 875 573 874 573 761 580 750 580 743 580 659 575 658 575 658 575 648 579 513 577 512 577 511 577 510 577 504 583 503 584 478 584 475 584 452 578 452 578 451 578 450 578 441 584 440 584 365 584 366 604"/></Shape>
            <String CONTENT="uitate duo eſſent Epiſcopi. Itaque ex vetere con¬" HPOS="365.0" VPOS="573.0" WIDTH="578.0" HEIGHT="45.0" WC="0.9962724520235645"/>
          </TextLine>
          <TextLine ID="line_18" TAGREFS="LT8" BASELINE="366 637 944 629" HPOS="366.0" VPOS="608.0" WIDTH="578.0" HEIGHT="42.0">
            <Shape><Polygon POINTS="760 622 752 622 744 622 736 622 728 622 720 622 711 622 703 622 695 622 687 622 679 622 671 622 663 622 655 622 647 622 639 622 631 622 623 622 615 622 607 622 599 622 591 622 583 622 575 622 567 622 559 622 551 622 543 622 534 622 526 622 518 622 510 622 502 622 494 622 486 622 478 622 470 622 462 622 454 622 446 622 438 622 430 622 422 622 414 622 406 622 398 622 390 622 382 622 374 622 373 622 366 623 366 637 366 650 473 644 516 647 530 648 530 648 531 648 532 648 533 647 539 643 557 646 560 646 561 646 562 646 563 646 576 642 600 645 617 647 618 647 619 647 624 645 630 641 675 643 728 645 729 645 730 645 731 645 736 641 739 640 753 641 770 643 771 643 772 643 780 641 786 639 789 641 795 644 796 644 797 644 930 642 930 642 944 637 944 629 942 608 786 608 785 608 771 609 770 609 769 609 765 612 762 615 760 622"/></Shape>
            <String CONTENT="ſuetudine Eccleliæ vnus e toto Presbyterorum" HPOS="366.0" VPOS="608.0" WIDTH="578.0" HEIGHT="42.0" WC="0.9895836873487993"/>
          </TextLine>
          <TextLine ID="line_19" TAGREFS="LT8" BASELINE="367 670 946 662" HPOS="366.0" VPOS="635.0" WIDTH="580.0" HEIGHT="47.0">
            <Shape><Polygon POINTS="761 663 756 645 737 645 721 637 720 637 720 637 719 637 705 642 693 638 692 638 691 638 614 642 598 639 597 639 596 639 584 646 572 640 571 640 570 640 481 649 466 649 452 641 451 641 450 641 449 641 448 641 438 648 403 642 403 642 366 650 367 670 367 678 408 678 409 678 423 682 423 682 424 682 469 678 482 676 490 677 510 681 511 681 531 677 541 675 556 677 588 680 588 680 589 680 590 680 596 677 600 674 637 674 642 676 651 679 652 679 653 679 654 679 654 679 658 676 662 674 677 676 694 678 695 678 729 678 730 678 731 678 734 675 739 673 747 675 754 678 755 678 756 678 772 675 792 672 797 675 799 677 800 677 801 677 802 677 853 676 854 676 857 674 865 671 945 674 946 662 944 643 909 635 909 635 908 635 893 641 850 639 849 639 848 639 827 644 781 637 781 637 780 637 779 637 769 645 765 645 761 663"/></Shape>
            <String CONTENT="collegio cæteris præficiebatur, ad quem velut" HPOS="366.0" VPOS="635.0" WIDTH="580.0" HEIGHT="47.0" WC="0.9994244734446208"/>
          </TextLine>
          <TextLine ID="line_20" TAGREFS="LT8" BASELINE="366 702 946 693" HPOS="366.0" VPOS="668.0" WIDTH="580.0" HEIGHT="47.0">
            <Shape><Polygon POINTS="366 702 366 711 410 715 411 715 411 715 412 715 417 711 420 708 488 708 490 710 494 713 495 713 496 713 497 714 517 714 517 713 518 713 518 713 518 712 522 709 525 707 533 709 551 711 551 711 570 708 578 707 583 708 593 711 594 711 595 711 617 707 622 707 637 707 725 710 726 710 751 705 754 704 756 705 766 709 767 709 768 709 797 704 802 703 806 703 839 708 839 708 888 703 894 702 898 702 930 707 931 707 932 707 946 701 946 693 944 672 860 668 860 668 837 674 834 674 829 674 799 670 798 670 779 674 776 674 772 674 734 670 733 670 732 670 717 675 715 676 712 675 705 672 704 672 629 671 628 671 627 671 626 671 619 677 617 678 588 678 586 677 576 672 576 672 575 672 553 673 552 673 551 673 546 678 544 679 366 680 366 702"/></Shape>
            <String CONTENT="cæterorum præſidem &amp; præpoſitum Eccleſiæ ne¬" HPOS="366.0" VPOS="668.0" WIDTH="580.0" HEIGHT="47.0" WC="0.9915007962421938"/>
          </TextLine>
          <TextLine ID="line_21" TAGREFS="LT8" BASELINE="368 735 946 727" HPOS="367.0" VPOS="707.0" WIDTH="579.0" HEIGHT="41.0">
            <Shape><Polygon POINTS="761 728 753 728 745 728 737 728 729 728 721 728 713 728 705 728 697 728 689 728 681 728 673 728 665 728 657 728 649 728 641 728 633 728 625 728 617 728 609 728 600 728 592 728 584 728 576 728 568 728 560 728 552 728 544 728 536 728 528 728 520 728 512 728 504 728 496 728 488 728 480 728 472 728 464 728 456 728 448 728 440 728 432 728 423 728 415 728 407 728 399 728 391 728 383 728 375 728 367 728 368 735 368 743 468 748 469 748 469 748 482 743 488 741 522 741 526 743 533 746 534 746 534 746 535 746 544 743 551 740 570 743 597 746 598 746 599 746 610 743 621 740 650 743 657 743 658 743 662 742 687 739 700 742 705 744 706 744 707 744 725 742 773 738 791 742 796 743 797 743 812 742 857 739 945 741 946 727 943 707 776 709 775 709 774 709 771 711 764 715 761 728"/></Shape>
            <String CONTENT="gotla reſerrentur; quei ee lνειdτα &amp; ωροε͂δρωυτα" HPOS="367.0" VPOS="707.0" WIDTH="579.0" HEIGHT="41.0" WC="0.948897905026873"/>
          </TextLine>
          <TextLine ID="line_22" TAGREFS="LT8" BASELINE="369 768 831 760" HPOS="368.0" VPOS="735.0" WIDTH="463.0" HEIGHT="46.0">
            <Shape><Polygon POINTS="762 749 758 740 753 738 752 738 751 738 750 738 732 743 711 736 711 736 710 736 709 736 691 741 660 736 659 736 658 736 644 743 615 737 614 737 613 737 596 746 530 746 470 740 469 740 469 740 445 747 415 740 414 740 368 749 369 768 369 781 421 775 452 779 459 780 460 780 466 779 491 774 526 777 541 778 542 778 543 778 546 777 555 772 625 772 633 774 644 777 645 777 646 777 646 777 647 777 651 773 654 771 668 773 691 776 691 776 764 770 784 769 790 769 816 773 817 773 818 773 831 768 831 760 830 742 771 735 770 735 769 735 769 735 768 735 762 749"/></Shape>
            <String CONTENT="Iuſtinus Martyr in 2. Apolog.nominat." HPOS="368.0" VPOS="735.0" WIDTH="463.0" HEIGHT="46.0" WC="0.9809621636931961"/>
          </TextLine>
        </TextBlock>
        <TextBlock HPOS="368.2250671386719" VPOS="773.9552612304688" WIDTH="579.7163391113281" HEIGHT="131.78436279296875" ID="block_6" TAGREFS="BT3408">
          <Shape><Polygon POINTS="368.225 773.955 947.941 773.955 947.941 905.74 368.225 905.74 368.225 773.955"/></Shape>
          <TextLine ID="line_23" TAGREFS="LT8" BASELINE="399 799 946 791" HPOS="399.0" VPOS="765.0" WIDTH="547.0" HEIGHT="49.0">
            <Shape><Polygon POINTS="399 799 399 806 444 814 445 814 446 814 460 806 460 806 463 806 487 812 488 812 489 812 489 812 497 806 507 810 508 810 509 810 545 806 563 805 585 805 587 806 592 810 592 811 592 811 593 811 594 811 630 806 633 806 634 806 654 810 654 810 655 810 665 806 673 803 697 806 723 810 724 810 750 806 781 802 821 806 835 807 835 807 843 806 866 802 878 806 881 807 882 807 883 807 884 807 886 806 899 800 911 806 912 806 913 806 946 806 946 791 944 771 918 765 917 765 888 771 879 765 878 765 877 765 853 765 852 765 851 765 851 765 844 770 825 767 824 767 823 767 813 771 797 766 796 766 795 766 728 767 727 767 715 773 713 773 707 773 672 768 671 768 670 768 670 768 662 773 660 775 592 775 589 773 580 769 579 769 578 769 577 769 566 774 562 776 558 774 551 770 550 770 549 770 548 770 539 774 534 776 497 774 461 773 460 773 448 775 432 777 427 775 423 772 423 772 422 772 421 772 399 775 399 799"/></Shape>
            <String CONTENT="Quartum, denique quòd æquiſſimũ videatur" HPOS="399.0" VPOS="765.0" WIDTH="547.0" HEIGHT="49.0" WC="0.9976873326869238"/>
          </TextLine>
          <TextLine ID="line_24" TAGREFS="LT8" BASELINE="368 832 946 822" HPOS="367.0" VPOS="797.0" WIDTH="579.0" HEIGHT="47.0">
            <Shape><Polygon POINTS="368 832 368 840 378 844 379 844 380 844 381 844 382 844 386 840 386 840 399 840 511 843 512 843 622 838 708 835 945 835 946 822 944 802 896 797 895 797 894 797 893 797 887 802 885 802 880 802 849 798 848 798 847 798 837 802 833 804 823 802 799 798 798 798 798 798 797 798 790 802 757 800 757 800 756 800 755 800 755 801 752 803 748 806 686 804 660 803 659 803 654 804 641 807 633 804 625 802 625 802 624 802 623 802 616 804 605 808 596 805 590 802 589 802 562 802 561 802 560 802 559 802 559 803 557 805 553 809 546 805 542 803 541 803 540 803 539 803 532 806 519 809 506 806 500 804 499 804 465 804 464 804 463 804 457 806 444 810 367 807 368 832"/></Shape>
            <String CONTENT="vti in politia ciuili &amp; humana: ita in politia Ec¬" HPOS="367.0" VPOS="797.0" WIDTH="579.0" HEIGHT="47.0" WC="0.9963840186595917"/>
          </TextLine>
          <TextLine ID="line_25" TAGREFS="LT8" BASELINE="368 865 946 856" HPOS="367.0" VPOS="829.0" WIDTH="579.0" HEIGHT="48.0">
            <Shape><Polygon POINTS="368 865 368 877 486 876 487 876 488 876 489 875 494 871 511 874 517 875 518 875 518 875 519 875 520 874 526 870 576 872 610 874 611 874 612 874 621 872 631 868 651 871 676 873 677 873 678 873 679 873 683 870 687 867 705 869 724 871 724 871 725 871 731 868 736 867 773 867 874 870 875 870 876 870 892 864 893 864 893 864 902 868 903 868 904 868 946 863 946 856 944 835 892 829 891 829 862 835 841 830 840 830 839 830 839 830 815 836 814 836 814 836 798 830 797 830 796 830 707 837 681 839 604 839 602 838 597 834 596 834 596 834 577 834 576 834 576 834 565 838 559 841 464 842 455 839 447 836 446 836 445 836 367 839 368 865"/></Shape>
            <String CONTENT="cleſiaſtica vnum aliquem præeſſe cæteris, qui ve¬" HPOS="367.0" VPOS="829.0" WIDTH="579.0" HEIGHT="48.0" WC="0.9973612233084075"/>
          </TextLine>
          <TextLine ID="line_26" TAGREFS="LT8" BASELINE="369 896 946 888" HPOS="368.0" VPOS="864.0" WIDTH="578.0" HEIGHT="45.0">
            <Shape><Polygon POINTS="762 875 760 870 731 867 720 867 720 867 719 867 718 867 717 867 711 872 640 869 613 868 613 868 605 870 588 873 572 870 565 869 564 869 557 871 539 874 516 871 506 870 505 870 497 872 482 875 465 872 456 871 456 871 368 873 369 896 369 906 466 909 467 909 529 905 556 903 560 905 571 908 572 908 572 908 622 904 639 902 642 903 653 907 654 907 654 907 655 907 656 907 656 906 660 903 662 901 673 903 700 906 701 906 702 906 714 902 720 900 729 902 748 905 749 905 750 905 758 901 759 901 769 901 826 905 827 905 946 899 946 888 943 864 829 870 784 867 772 866 771 866 770 866 769 866 769 867 765 868 762 875"/></Shape>
            <String CONTENT="lut totius chori dux ſit &amp; moderator perpetuus." HPOS="368.0" VPOS="864.0" WIDTH="578.0" HEIGHT="45.0" WC="0.9995677128751227"/>
          </TextLine>
        </TextBlock>
        <TextBlock HPOS="366.6682434082031" VPOS="905.41650390625" WIDTH="583.0005187988281" HEIGHT="292.02490234375" ID="block_7" TAGREFS="BT3408">
          <Shape><Polygon POINTS="366.668 905.417 949.669 905.417 949.669 1197.44 366.668 1197.44 366.668 905.417"/></Shape>
          <TextLine ID="line_27" TAGREFS="LT8" BASELINE="399 928 946 921" HPOS="398.0" VPOS="895.0" WIDTH="548.0" HEIGHT="43.0">
            <Shape><Polygon POINTS="399 928 399 938 946 930 946 921 944 900 889 895 888 895 888 895 868 900 865 902 788 902 786 901 779 896 778 896 777 896 777 896 756 901 748 904 720 904 716 902 706 897 705 897 704 897 703 897 703 897 703 898 699 902 696 904 687 902 665 898 664 898 663 898 662 898 662 899 658 902 656 905 641 905 627 902 606 899 605 899 580 903 563 905 548 903 528 900 527 900 503 900 502 900 497 904 492 906 472 904 453 901 452 901 398 904 399 928"/></Shape>
            <String CONTENT="Reſpond. Et quidem ad prima tria argumentas" HPOS="398.0" VPOS="895.0" WIDTH="548.0" HEIGHT="43.0" WC="0.9977406083151351"/>
          </TextLine>
          <TextLine ID="line_28" TAGREFS="LT8" BASELINE="368 962 946 953" HPOS="367.0" VPOS="926.0" WIDTH="579.0" HEIGHT="48.0">
            <Shape><Polygon POINTS="368 962 369 974 378 970 406 973 419 974 420 974 421 974 424 973 432 969 446 973 451 974 452 974 452 974 453 974 456 972 465 969 504 971 524 973 525 973 558 970 629 966 637 970 637 970 638 970 639 970 640 971 681 971 681 970 682 970 686 969 694 965 724 965 728 968 730 970 731 970 732 970 732 970 745 968 766 964 784 967 791 968 792 968 809 966 853 962 946 964 946 953 944 933 902 933 893 926 893 926 892 926 891 926 845 927 844 927 843 927 843 928 836 933 835 934 833 934 802 928 802 928 801 928 786 934 784 935 781 934 760 929 759 929 758 929 730 929 729 929 728 929 719 936 711 929 710 929 709 929 690 929 689 929 688 929 687 929 682 934 650 930 649 930 648 930 647 930 637 937 625 931 625 931 624 931 623 931 622 931 622 932 616 937 615 937 604 937 534 934 534 934 533 934 518 938 518 938 517 938 471 933 470 933 469 933 469 933 457 939 456 940 448 940 377 934 376 934 375 934 374 934 367 938 368 962"/></Shape>
            <String CONTENT="idq;, ex Hieronymo in Epiſtola Pauli ad Titum" HPOS="367.0" VPOS="926.0" WIDTH="579.0" HEIGHT="48.0" WC="0.9873230444060431"/>
          </TextLine>
          <TextLine ID="line_29" TAGREFS="LT8" BASELINE="369 994 946 984" HPOS="368.0" VPOS="958.0" WIDTH="578.0" HEIGHT="45.0">
            <Shape><Polygon POINTS="369 994 369 1003 608 1003 608 1002 609 1002 609 1002 609 1001 610 1001 613 998 613 998 639 1001 640 1001 641 1001 656 997 658 997 659 997 686 1000 687 1000 813 995 847 998 848 998 946 991 946 984 943 960 927 962 921 960 916 958 915 958 914 958 913 958 905 960 893 964 887 961 885 960 884 960 884 960 878 961 858 964 848 961 843 959 842 959 841 959 840 959 836 962 828 966 795 966 781 962 773 960 773 960 772 960 771 960 763 962 750 966 724 963 705 961 704 961 703 961 698 963 689 968 642 968 626 965 617 962 616 962 615 962 614 962 612 965 606 969 583 965 568 963 567 963 567 963 566 963 563 966 558 970 517 966 498 965 497 965 479 966 440 971 432 967 427 966 426 966 425 966 424 966 423 966 421 968 415 972 396 968 387 966 386 966 368 968 369 994"/></Shape>
            <String CONTENT="vbi ſic ait, Sicut Presbyteri ſciunt ſe ex Eccleſiæ" HPOS="368.0" VPOS="958.0" WIDTH="578.0" HEIGHT="45.0" WC="0.9889726814101724"/>
          </TextLine>
          <TextLine ID="line_30" TAGREFS="LT8" BASELINE="368 1025 947 1017" HPOS="367.0" VPOS="991.0" WIDTH="580.0" HEIGHT="47.0">
            <Shape><Polygon POINTS="368 1025 368 1038 392 1033 423 1037 423 1037 424 1037 425 1037 440 1032 479 1036 480 1036 481 1036 481 1036 482 1036 488 1032 528 1036 529 1036 530 1036 530 1036 547 1031 590 1035 592 1035 593 1035 596 1035 657 1029 665 1033 666 1033 666 1033 836 1027 857 1031 858 1031 859 1031 861 1031 906 1026 946 1029 947 1017 946 996 927 991 926 991 925 991 925 991 909 996 907 996 864 992 864 992 863 992 862 992 856 997 855 998 835 998 835 997 826 991 825 991 824 991 823 991 823 991 798 998 796 998 794 998 756 993 755 993 754 993 738 999 736 999 736 999 718 993 717 993 716 993 716 993 702 999 700 999 695 999 650 994 650 994 649 994 635 999 609 995 608 995 607 995 592 1000 590 1001 583 1000 543 995 543 995 542 995 541 995 534 1001 532 1002 525 1001 481 996 481 996 480 996 463 1002 460 1003 454 1002 420 997 419 997 419 997 418 997 410 1003 409 1003 390 999 390 999 367 1003 368 1025"/></Shape>
            <String CONTENT="conſuetudine ei, qui ſibi præpoſitus fuerit, eſſe" HPOS="367.0" VPOS="991.0" WIDTH="580.0" HEIGHT="47.0" WC="0.999579264193165"/>
          </TextLine>
          <TextLine ID="line_31" TAGREFS="LT8" BASELINE="368 1058 947 1049" HPOS="367.0" VPOS="1024.0" WIDTH="580.0" HEIGHT="45.0">
            <Shape><Polygon POINTS="368 1058 368 1066 508 1069 509 1069 537 1064 543 1063 545 1064 549 1068 550 1068 551 1068 551 1068 580 1064 630 1067 631 1067 632 1067 643 1062 646 1061 655 1062 684 1065 685 1065 686 1065 699 1061 703 1061 715 1061 757 1065 758 1065 806 1060 810 1060 812 1060 840 1064 841 1064 864 1059 870 1058 876 1059 893 1061 894 1061 910 1058 915 1057 917 1058 929 1062 930 1062 930 1062 931 1062 947 1057 947 1049 945 1031 882 1031 880 1031 853 1024 852 1024 851 1024 838 1031 836 1032 831 1031 801 1025 800 1025 753 1031 735 1034 627 1034 619 1032 609 1028 608 1028 607 1028 539 1029 539 1029 532 1032 523 1037 500 1037 490 1032 487 1031 486 1031 485 1031 367 1032 368 1058"/></Shape>
            <String CONTENT="ſubiectos: ita Epiſcopi nouerint ſe magis con¬" HPOS="367.0" VPOS="1024.0" WIDTH="580.0" HEIGHT="45.0" WC="0.9982394744520602"/>
          </TextLine>
          <TextLine ID="line_32" TAGREFS="LT8" BASELINE="367 1090 947 1081" HPOS="366.0" VPOS="1057.0" WIDTH="581.0" HEIGHT="46.0">
            <Shape><Polygon POINTS="367 1090 367 1098 393 1103 394 1103 419 1098 432 1102 433 1102 434 1102 477 1098 524 1102 525 1102 526 1102 535 1097 552 1101 553 1101 554 1101 692 1094 735 1098 736 1098 947 1090 947 1081 945 1057 366 1066 367 1090"/></Shape>
            <String CONTENT="ſuetudine, quàm diſpoſitionis dominicæ veritate" HPOS="366.0" VPOS="1057.0" WIDTH="581.0" HEIGHT="46.0" WC="0.9992553666234016"/>
          </TextLine>
          <TextLine ID="line_33" TAGREFS="LT8" BASELINE="369 1123 949 1115" HPOS="368.0" VPOS="1089.0" WIDTH="581.0" HEIGHT="46.0">
            <Shape><Polygon POINTS="369 1123 369 1131 407 1135 407 1135 469 1130 482 1134 483 1134 484 1134 514 1129 515 1129 541 1133 542 1133 543 1133 558 1128 559 1128 563 1128 641 1131 642 1131 672 1127 673 1127 675 1127 773 1130 774 1130 855 1124 888 1128 888 1128 889 1128 890 1128 896 1123 949 1122 949 1115 947 1094 890 1089 889 1089 838 1094 831 1096 721 1096 719 1095 707 1092 706 1092 705 1092 704 1092 703 1092 698 1096 697 1096 694 1096 670 1092 670 1092 625 1096 600 1098 595 1097 588 1094 587 1094 586 1094 585 1094 580 1097 576 1098 567 1097 552 1094 551 1094 533 1097 519 1099 510 1097 498 1094 497 1094 497 1094 479 1098 470 1098 455 1098 426 1095 425 1095 424 1095 419 1098 411 1101 368 1098 369 1123"/></Shape>
            <String CONTENT="Presbyteris eſſe maiores, &amp; in commune debere" HPOS="368.0" VPOS="1089.0" WIDTH="581.0" HEIGHT="46.0" WC="0.999200455347697"/>
          </TextLine>
          <TextLine ID="line_34" TAGREFS="LT8" BASELINE="370 1155 949 1146" HPOS="369.0" VPOS="1121.0" WIDTH="580.0" HEIGHT="47.0">
            <Shape><Polygon POINTS="370 1155 370 1164 447 1163 449 1164 462 1168 463 1168 464 1168 465 1168 477 1163 481 1162 487 1163 512 1167 513 1167 611 1164 612 1164 613 1164 617 1162 619 1160 637 1161 683 1164 683 1164 716 1160 722 1160 730 1160 773 1163 773 1163 774 1163 782 1160 790 1157 803 1160 811 1161 812 1161 824 1160 846 1156 864 1160 876 1161 877 1161 894 1159 913 1156 948 1158 949 1146 946 1127 883 1127 881 1127 875 1121 874 1121 873 1121 843 1121 843 1121 801 1122 800 1122 799 1122 791 1127 787 1130 716 1130 708 1127 695 1123 694 1123 693 1123 692 1123 691 1123 685 1127 680 1131 661 1131 627 1128 589 1125 588 1125 512 1128 511 1128 510 1129 501 1133 488 1129 483 1127 482 1127 462 1127 461 1127 460 1127 460 1127 458 1129 452 1134 436 1129 430 1127 429 1127 428 1127 427 1127 422 1129 406 1135 369 1130 370 1155"/></Shape>
            <String CONTENT="Eccleſiã regere. Nec enim hoc προεδρίας &amp; præ¬" HPOS="369.0" VPOS="1121.0" WIDTH="580.0" HEIGHT="47.0" WC="0.9902116631468137"/>
          </TextLine>
          <TextLine ID="line_35" TAGREFS="LT8" BASELINE="368 1187 950 1180" HPOS="367.0" VPOS="1154.0" WIDTH="583.0" HEIGHT="54.0">
            <Shape><Polygon POINTS="368 1187 368 1205 403 1200 419 1205 425 1208 426 1208 427 1208 497 1207 497 1207 509 1203 521 1199 531 1202 543 1206 543 1206 544 1206 545 1206 555 1202 567 1197 622 1197 629 1200 638 1205 639 1205 640 1205 641 1205 659 1199 661 1199 662 1199 674 1205 675 1205 676 1205 713 1204 714 1204 728 1197 732 1196 736 1197 753 1204 754 1204 755 1204 787 1198 801 1203 802 1203 802 1203 803 1203 827 1195 831 1194 837 1195 866 1200 867 1200 868 1200 882 1194 886 1192 950 1192 950 1180 948 1154 869 1160 808 1156 798 1156 797 1156 796 1156 795 1156 795 1157 789 1162 751 1162 722 1159 708 1157 707 1157 697 1159 679 1163 650 1160 626 1158 625 1158 367 1166 368 1187"/></Shape>
            <String CONTENT="eminentiæ perpetuæ ius, quod vni tributum eſt," HPOS="367.0" VPOS="1154.0" WIDTH="583.0" HEIGHT="54.0" WC="0.9852679436621459"/>
          </TextLine>
        </TextBlock>
        <TextBlock HPOS="863.7605590820312" VPOS="1190.084716796875" WIDTH="87.86468505859375" HEIGHT="34.1513671875" ID="block_8" TAGREFS="BT17">
          <Shape><Polygon POINTS="863.761 1190.08 951.625 1190.08 951.625 1224.24 863.761 1224.24 863.761 1190.08"/></Shape>
          <TextLine ID="line_36" TAGREFS="LT8" BASELINE="863 1213 953 1213" HPOS="863.0" VPOS="1182.0" WIDTH="90.0" HEIGHT="56.0">
            <Shape><Polygon POINTS="863 1213 863 1237 902 1238 903 1238 904 1238 905 1238 916 1230 923 1225 953 1225 953 1213 951 1184 934 1188 921 1185 905 1182 905 1182 863 1188 863 1213"/></Shape>
            <String CONTENT="ex Dei" HPOS="863.0" VPOS="1182.0" WIDTH="90.0" HEIGHT="56.0" WC="0.9994676212469736"/>
          </TextLine>
        </TextBlock>
      </PrintSpace>
    </Page>
  </Layout>
</alto>
