1000 1448
204.0 98.0 193.0 25.0 CAPVT VI.

570.0 81.0 13.0 42.0 17

36.0 113.0 577.0 53.0 pſius cœleſtem gloriam intentis fixiſque penitus

36.0 150.0 577.0 47.0 oculis intuẽtes. Atque hæc conſolatio & admo¬

36.0 185.0 577.0 44.0 nitio non tantùm illo ſæculo fuit opportuna atq;

37.0 213.0 576.0 46.0 neceſſaria, quo vera Dei Eccleſia paſſim ab o¬

37.0 250.0 579.0 43.0 mni mundo ſpernebatur atque irridebatur: velut

37.0 280.0 578.0 44.0 mundi reiectamentum quoddam vt ait Paulus

38.0 309.0 576.0 47.0 1. Corint.4 ſed etiam hac noſtra ætate certè qui¬

39.0 341.0 575.0 48.0 dem eſt vtiliſſima, qua & ab extraneis, id eſt infi¬

40.0 376.0 576.0 47.0 delibus, & ab intraneis, id eſt, hypocritis non mi¬

41.0 407.0 577.0 48.0 nus uffligimur, ſpernimur, irridemur, quàm olim

43.0 440.0 576.0 47.0 verè pij, & homines Chriſtiani. Hæc enim mo¬

41.0 470.0 579.0 49.0 leſta & dura conditio manet Eccleſiam Dei o¬

41.0 510.0 290.0 43.0 mni tempore Pſalm.123.

82.0 543.0 538.0 57.0 15 Quem temporibus ſuis oſtendet ille

42.0 584.0 575.0 53.0 beatus & ſolus Princeps, Rex regum, & Do¬

42.0 630.0 264.0 40.0 minus dominorum.

76.0 667.0 544.0 46.0 Α'ὔξησις eſt. Amplificat enim ſuperiorem ex¬

45.0 701.0 574.0 46.0 hortationem tum à temporis definiti certíque

45.0 733.0 576.0 46.0 circunſtantia: tum à Dei ipſius, cuius doctrina

45.0 765.0 576.0 46.0 ſeruari præcipitur, & cui veri & fideles Eccleſiæ

45.0 801.0 577.0 45.0 paſtores ſeruiunt, dignitate, & comparatione.

47.0 832.0 577.0 44.0 Continet quoque hic locus ύποφοραν. Occurrit

46.0 863.0 577.0 46.0 enim tacitæ obiectioni piorum, qui illuſtrem illũ

48.0 896.0 575.0 45.0 Chriſti aduentum iamdudum expectantes, non¬

46.0 926.0 579.0 44.0 dum tamen eum videbant. Ergo ne vel animis

48.0 962.0 579.0 44.0 denielanit poit longam expectationem illius ad¬

49.0 992.0 579.0 44.0 uentus: vel obrepat blaſphema iſta cogitatio, qua

49.0 1022.0 579.0 45.0 ſi Chriſtus venturus nõ ſit, & ab eo Eccleſia delu

50.0 1058.0 577.0 42.0 datur, hoc reſponſum tanquam neceſſarium ani¬

51.0 1089.0 579.0 45.0 morum fluctuantium pharmacum & remedium

50.0 1121.0 576.0 47.0 ſubiicit Spiritus ſanctus, Nimirum tempora i¬

50.0 1152.0 577.0 53.0 ſtius aduentus eſſe certa quidem illa & defjni¬

51.0 1186.0 455.0 50.0 ta: ſed ſoli Deo nota, & conſtituta.
