1000 1448
478.0 93.0 391.0 45.0 AD I. PAVL. AD TIM.

359.0 109.0 58.0 24.0 166

390.0 124.0 547.0 57.0 Α'ιτιλογία eſt ab effectu. Nec enim tales Dia¬

359.0 160.0 578.0 52.0 conos fruſtra à ſe requiri docet Paulus: ſed quis

358.0 193.0 579.0 51.0 ſit harum virtutum in illis fructus nunc oſtendit,

359.0 225.0 579.0 53.0 nimirum Gradus honoríſque in Eccleſia maio¬

359.0 261.0 579.0 51.0 ris commendatio, & Bonæ conſcientiæ, magnæ¬

364.0 291.0 574.0 52.0 que apud fideles libertatis & authoritatis com¬

363.0 328.0 575.0 47.0 paratio & teſtificatio. Hoc primum opponere

363.0 354.0 575.0 53.0 videtur Paulus contumelijs, calumnijs, conuitijs

363.0 387.0 576.0 54.0 & probris, quæ vulgò patiuntur ij, qui ſanctè &

362.0 422.0 576.0 51.0 ſyncerè Deo ſeruiunt, & ipſius Eccleſiæ mini¬

363.0 452.0 577.0 51.0 ſtrant, qui præ cæteris apud profanos homines

365.0 484.0 574.0 51.0 probris conſpui ſolent. Sed & hic idem effectus

366.0 516.0 575.0 53.0 Diaconatum tanquam præcipuum quoddam in

366.0 548.0 574.0 48.0 Dei Eccleſia munus cõmendat. Denique Diaco¬

366.0 585.0 576.0 48.0 nos iplos conſolatur, & docet grégem ipſum, &

365.0 612.0 577.0 54.0 ſingulos pios & fideles, quantum huiuſmodi per¬

368.0 644.0 576.0 54.0 ſonis, qui ſyncerè hoc munere vel funguntur, vel

367.0 686.0 249.0 53.0 functi ſunt, debeant.

403.0 744.0 541.0 59.0 14 Hæc tibi ſcribo, ſperans forevt ce¬

370.0 792.0 271.0 43.0 leriùs ad te veniam.

400.0 834.0 546.0 53.0 Παράκλνσις eſt, Conſolatur enim Timotheum,

371.0 871.0 575.0 46.0 & admonet cur tam minutim ſingula ſit perſecu¬

373.0 905.0 575.0 43.0 tus. Denique ſpem facit proximi aduentus ſui.

373.0 934.0 574.0 49.0 Primùm ipſius Timothei cauſa, ne cùm ad ab¬

373.0 968.0 574.0 48.0 ſentes literæ ſcribantur, exiſtimet velle Paulum

372.0 999.0 574.0 48.0 diutius abeſſe, quàm Eccleſiæ vtilitas poſtulet.

373.0 1031.0 575.0 51.0 Ad tempus enim reliquerat Timotheum Epheſi

373.0 1064.0 577.0 48.0 Paulus, vt ipſe docuit cap.1. donec in Macedoniã

371.0 1094.0 575.0 52.0 ad conſtituendas Eccleſias proficiſceretur. Itaq;

370.0 1127.0 580.0 50.0 ne ſui promiſſi oblitus cenſeretur, aut hoc falſo

370.0 1159.0 580.0 58.0 prætextu Timotheum reliquiſſe, hoc addidit. Si¬

878.0 1192.0 67.0 44.0 mile
