1000 1448
362.0 85.0 477.0 35.0 404 AD I. TAVL. AATTIM.

355.0 112.0 583.0 48.0 profeſſus, idolis poſtea ſacrificauerit, eligi certè

354.0 148.0 585.0 44.0 non poteſt in Epiſcopũ. Auguſt. epiſt.5o. & eſt in

354.0 184.0 582.0 40.0 can. Presbyteros & canon. Hi qui poſt, diſt.50.

356.0 213.0 582.0 44.0 Quòd enim Mar cel. Epiſcopus Roma. poſt fidei

353.0 249.0 582.0 40.0 abnegationem retentus eſt in Epiſcopatu, pro¬

355.0 281.0 583.0 42.0 pter magnam eius pœnitentiam factum eſt, quã

353.0 313.0 583.0 40.0 demonſtrauit. Qui igitur nondum Chriſtum a¬

355.0 345.0 582.0 39.0 gnoſcentes & profeſſi idolis ſeruierunt, & poſtea

353.0 379.0 580.0 36.0 ad fidem çonuertuntur: non impediuntur pro¬

354.0 411.0 582.0 43.0 pterea, ſi cætera habeant, in paſtores Eccleſiæ e¬

353.0 443.0 56.0 47.0 ligi.

386.0 473.0 549.0 42.0 Secundo loco quæſitum eſt, Qui accuſati tan¬

353.0 507.0 583.0 42.0 tùm quidem ſunt criminis publici, non autẽ dam¬

355.0 540.0 579.0 40.0 nati, vtrum eligendi omnino poſtea nunquã ſint.

354.0 571.0 581.0 41.0 Inhæret enim quædam labes in iſtis, & opinio

353.0 604.0 584.0 41.0 turpis apud bonos & graues viros. Reſpon. Hoc

353.0 636.0 584.0 40.0 totum ex facto pendere. Nam ſi veriſimilis nota

355.0 668.0 581.0 42.0 & ſuſpicio infamiæ aut malæ turpiſque vitæ ijs

352.0 699.0 583.0 43.0 inhæret, qui accuſati ſunt & non conuicti, eligi

353.0 732.0 582.0 43.0 non debẽt, quanquam prorſus non ſint conuicti,

354.0 766.0 581.0 42.0 quia Epiſcopum non tantum carere ipſo vitio &

353.0 798.0 582.0 40.0 crimine apud Deum oportet: ſed etiam apud ho¬

352.0 830.0 583.0 38.0 mines criminis ſuſpicione, vt Eccleſia melius æ¬

352.0 863.0 583.0 37.0 dificetur. Sin prorſus innocens eſt pronuntiatus,

353.0 896.0 581.0 41.0 maiórque illius integritas inde apparuerit, & e¬

350.0 925.0 584.0 46.0 luxerit, eligi & admitti poteſt, etiã is, qui publicè

353.0 959.0 268.0 38.0 criminis accuſatus eſt.

384.0 988.0 550.0 44.0 Quæſitum denique eſt, vtrum Epiſcopi vel

349.0 1022.0 589.0 42.0 Presbyteri, vel Diaconi, qui apertè in huiuſmodi

349.0 1055.0 582.0 40.0 ſcelera inciderint, fuerintque propterea depoſi¬

349.0 1088.0 583.0 38.0 ti, iterum eligi ad eoſdem vel maióres vel infe¬

346.0 1119.0 586.0 53.0 riores gradus Eccleſiaſticos poſſint, ſi appareat

880.0 1160.0 51.0 49.0 eos
