1000 1448
242.0 88.0 206.0 20.0 CArvIe v

609.0 65.0 43.0 45.0 455

71.0 97.0 582.0 51.0 in Capitalia, & Subnaſcentia, ex illis capitalibus.

104.0 136.0 547.0 46.0 Capitalia conſtituunt ex Gregorio Magno

73.0 168.0 581.0 46.0 lib.31. Moralium ſeptem, nempe, Inanem gloriã

74.0 201.0 579.0 45.0 Iram, lnuidiam, Accidiam, Auaritiam, Gulam,

76.0 233.0 578.0 47.0 Luxuriam. Itaque quærunt qua ratione hîc à

77.0 266.0 577.0 46.0 Paulo auaritia radix omnium malorum dicatur,

77.0 307.0 579.0 38.0 cum præter cam ana quoque me capdalia vitia.

78.0 329.0 579.0 51.0 Sed ita hoc à Paulo de auaritia dicitur, vt de alijs

79.0 374.0 273.0 37.0 quoque non negetur.

110.0 392.0 548.0 50.0 Maior difficultas eſt, quòd quidam cenſent à

79.0 428.0 579.0 45.0 Paulo mutatam eſſe quæſtionem. Cùm enim

79.0 459.0 583.0 47.0 de ριλοπλυσία ſuprà ageret, nunc de φιλαργυρία eũ

79.0 492.0 589.0 48.0 diſſerere putant, & ad eam argumentum trãsfer¬

79.0 524.0 585.0 49.0 re, cuius incommoda & effecta recenſet, nõ autẽ

80.0 556.0 582.0 48.0 φίλοπλοσίας. Sed reſpondeo etſi diuerſo vocabulo

82.0 591.0 583.0 45.0 Paulus vtitur, rem tamẽ eandẽ vtroq; ſignificari.

84.0 621.0 581.0 49.0 Nã & qui diteſcere volunt, ſunt φιλάργυεα & qui

86.0 656.0 579.0 47.0 ſunt φηλάργυες cupiunt diteſcere, ſunt ρiλo¬

84.0 688.0 578.0 45.0 πλύσον Quod autem quidam quærunt quomodo

85.0 718.0 580.0 48.0 Paulus dixerit ἡς τὶς ἐρεγόμενοι referẽs ad auaritiã

86.0 754.0 579.0 42.0 vocem ῆς, cùm nemo auaritiam appetat, ſed aurũ

86.0 789.0 579.0 42.0 ſabet lacnem rcipounonem. Nec enim refert

86.0 816.0 580.0 48.0 Paulus vocemῆς ad totam φἰλαργυειας ſignifica¬

86.0 849.0 580.0 48.0 tionem: ſed ad poſtremam tantùm compoſitio¬

88.0 884.0 578.0 45.0 nis ipſius vocabuli dictionẽ nempe ἀργυρίας, quæ

90.0 913.0 579.0 49.0 & ἀπὸ τῶ ἀργύρς & ἀργυρίς deducta eſt. Significat

90.0 947.0 580.0 48.0 autem & argentum & nummum. Vtrunque autẽ

92.0 982.0 415.0 45.0 auari expetunt, & ardenter ſitiunt.

122.0 1011.0 549.0 46.0 φιλαργυρίας autem voce ſtudium pecuniæ ma¬

94.0 1044.0 578.0 48.0 nifeſtiſſimè deſignat Paulus: ſed & omnem quo¬

98.0 1075.0 576.0 48.0 que rei cuiuſlibet turpis & vitioſę immoderatã

99.0 1108.0 575.0 49.0 appetitionem, in vniuerſum complectitur. Qã¬

102.0 1142.0 573.0 55.0 quam enim ἀργύρον vna quædam earum rerũ ſpe¬

479.0 1171.0 75.0 50.0 F.iiij.
