1000 1448
456.0 88.0 387.0 41.0 AD I. PAVL. AD TIM.

353.0 106.0 60.0 31.0 114

381.0 117.0 555.0 55.0 Et quidem in ijs qui ad maiora munera & of¬

349.0 152.0 585.0 51.0 ficia Eccleſiæ vocabantur, obſeruabatur iſta ſti¬

350.0 187.0 584.0 50.0 pulatio, & interrogatio, veluti in ijs, qui ad E¬

352.0 222.0 582.0 49.0 piſcopatum, Preſbyteratum, & Diaconatum a¬

352.0 252.0 580.0 48.0 doptandi erant. In ſubdiaconis verò acolutis, le¬

352.0 285.0 584.0 47.0 ctoribus & alijs inferioribus, & minoribus ordi¬

352.0 318.0 582.0 46.0 nibus idem neque fiebat, neque habebat locum,

354.0 352.0 583.0 47.0 quia poterant etiam el ecti vxorem ducere, neque

353.0 382.0 584.0 51.0 de vouenda ἀγαμία tales eligendi interpellaban¬

353.0 415.0 583.0 48.0 tur cano. Si quis verò & can. Seriatim diſtinct.32

353.0 456.0 582.0 41.0 cano. Lex contmentiæ diitiniet.51.Quanquam po¬

353.0 480.0 585.0 47.0 ſtea id immutatũ eſt in ſubdiaconis, quibus fuit

355.0 514.0 581.0 47.0 interdictum ne vxores ducerent: vt ſcribit Berna¬

356.0 549.0 354.0 47.0 Abbas Clareua. epiſtola 203.

377.0 578.0 558.0 48.0 Ratio verò, cur iſtæ ſtipulationes & anteſta¬

353.0 608.0 585.0 48.0 tiones in ordinandis fierent, duplex afferri ſolet.

357.0 643.0 583.0 50.0 Prima quidem paupertas Eccleſiarum, quæ tot

355.0 675.0 583.0 51.0 familijs alendis, Epiſcoporum nimirum, Preſby¬

357.0 711.0 581.0 46.0 terorum, & Diaconorum ſatis eſſé non poterant,

357.0 740.0 584.0 49.0 in tam tenuibus adhuc opibus. Nam Eccleſiæ

356.0 773.0 584.0 51.0 tunc vel nulla erant æraria, vel exigua admodum,

358.0 806.0 581.0 51.0 quia quæ bona habebant Eccleſiæ pauperibus

357.0 838.0 582.0 46.0 erogabantur, vt plurimum. Etſi verò bona Ec¬

357.0 870.0 582.0 50.0 cleſiæ ſemper diſtinguebantur à bonis Epiſcopi,

357.0 909.0 581.0 43.0 tamẽ illius ætatis homines metuebant, ne coniu¬

358.0 935.0 584.0 51.0 gati Miniſtri bona Eccleſiæ ad vxores, aut affines,

358.0 970.0 585.0 44.0 aut filios ſuos clàm deriuarent, & tranſportarent.

358.0 1000.0 587.0 46.0 Eſt in cano. De Syracuſanæ. diſtinct. 28. Sed non

358.0 1034.0 583.0 48.0 debuit diffidentia de Dei erga nos beneuolentia,

357.0 1069.0 587.0 45.0 & erga ſuos prouidentia inducere hos metus, &

356.0 1097.0 590.0 50.0 aſpergere iſtam labem Chriſtianæ Eccleſiæ. Si e¬

358.0 1134.0 585.0 46.0 nim Dominus proſpicit auium neceſſitati, & dat

355.0 1164.0 587.0 54.0 illis cibum & eſcam, multo magis ſuis proſpiciet,

904.0 1199.0 34.0 46.0 8
