1000 1448
238.0 109.0 224.0 24.0 CAPVT. III.

614.0 79.0 37.0 66.0 113

75.0 148.0 579.0 32.0 grenn etiannconemos quou luit lub Sylueſtro.

77.0 164.0 411.0 46.0 Roma. Epiſcopo conſtitutum fuit.

105.0 197.0 547.0 49.0 Ordinãdi vero primùm cœperunt in ipſa ele¬

74.0 229.0 576.0 50.0 ctione interpellari, vtrum continentes eſſe vel¬

71.0 262.0 579.0 47.0 lent, & in perpetuum abſtinere coniugio, an non.

73.0 295.0 580.0 46.0 Qui ſi promiſiſſent ſe continentes futuros: vel e¬

70.0 326.0 583.0 48.0 tiam tacuiſſent interrogati, poſt electionem ad

69.0 359.0 583.0 47.0 miniſterium Eccleſiaſticum vxorem ducere, iam

69.0 393.0 583.0 43.0 non poterant. cano. Diaconus diſtinct.27. Hîc e¬

69.0 423.0 582.0 45.0 nim vel ſilentium ipſum pro voto perpetuæ con¬

68.0 456.0 583.0 45.0 tinentiæ habebatur. Itaq; ſi poſtea matrimoniũ

67.0 489.0 584.0 47.0 inibant, ordine ſuo mouebantur. Neque tamen

69.0 521.0 580.0 49.0 vt ſcortatores; vel adulteri puniebantur, neque

67.0 555.0 583.0 46.0 Sacramentorum vſu, & participatione interdi¬

66.0 586.0 581.0 48.0 cebantur, vt ex Neocæſarienſi conſilio apparet.

70.0 619.0 576.0 48.0 Quod tamen decretum, & quam tam ſeueram

65.0 651.0 581.0 49.0 Eccleſiæ diſciplinam neque Auguſt. neque etiam

64.0 683.0 581.0 49.0 Hieronym. probarunt cano. Quidam diſtinct.27.

64.0 715.0 581.0 50.0 Sin autem Ordinandi de promittenda perpetua

61.0 747.0 585.0 49.0 ἀγαμίς interpellati vel omnino recuſaſſent voue¬

62.0 781.0 584.0 46.0 re, & polliceri continentiam, vel ad tempus tan¬

63.0 812.0 580.0 51.0 tùm promiſiſſent, neque eligi prohibebantur,

62.0 847.0 580.0 48.0 neque poſt electionem ad Eccleſiaſticum munus

62.0 880.0 581.0 47.0 vetabantur vxores ducere, ex Ancyranæ Synodi

62.0 911.0 579.0 49.0 cap.1o. Differebatur tamen ſæpe electio, & ſpe¬

60.0 944.0 582.0 47.0 ctabant illo tempore, num quem allum inueni¬

58.0 976.0 583.0 48.0 re poſſent, idoneum tamen, qui continentem &

58.0 1013.0 583.0 42.0 abſtinentẽ à cõiugio vitam polliceretur, vt eum

58.0 1040.0 582.0 49.0 potius eligerent: eſt in cano. De Syracuſanæ di¬

57.0 1074.0 582.0 45.0 ſtinct. 28. Quòd ſi neminem continentiam vouẽ¬

58.0 1106.0 582.0 48.0 tem idoneum paſtotali muneri reperiebant,

60.0 1138.0 581.0 52.0 hunc, qui continentiam nollebat promittere, eli¬

59.0 1169.0 293.0 53.0 gebant, idque fas erat.

459.0 1208.0 50.0 64.0 h.j.
