1000 1448
385.0 111.0 65.0 30.0 114

476.0 93.0 382.0 39.0 AD I. TAVL. AD TIM.

411.0 124.0 543.0 45.0 Dome Dei) Commendat hîc non tantùm Ee¬

381.0 160.0 575.0 43.0 cleſiam Paulus: ſed ipſum potius miniſterium E¬

378.0 191.0 578.0 45.0 uangelicum à re, & obiecto, circa quod verſatur,

382.0 222.0 576.0 45.0 Nimirũ ab Eccleſia, cuius ædificandæ, admini¬

379.0 256.0 580.0 46.0 ſtrandæ, & conſeruandæ gratia conſtitutum eſt.

379.0 292.0 579.0 41.0 Magnam enim eſſe eam dignitatem oportet, quæ

379.0 321.0 576.0 45.0 domo Dei præeſt, eíque gubernandæ præficitur.

378.0 353.0 580.0 47.0 Illa verò dignitas & cura eſt miniſterium verbi

379.0 385.0 575.0 45.0 Dei. Excitat verò hoc ipſum etiam paſtores pios

378.0 418.0 580.0 45.0 vt de ſe ſuáque diligentia cogitent, & cui muneri

377.0 451.0 581.0 44.0 ſint à Deo præpoſiti ſeriò meditentur, & ſæpe a¬

378.0 483.0 577.0 46.0 pud ſe proponant. Similis locus Actor.20.V.28.

409.0 515.0 549.0 44.0 Magna verò commendatio Eccleſiæ (cuius pa¬

376.0 545.0 581.0 49.0 ſcẽdæ gratia Epiſcopi & Presbyteri eligũtur) cõ¬

378.0 580.0 576.0 44.0 tinetur paucis his Pauli verbis, columna est, ait &

375.0 613.0 583.0 43.0 ſtabilimentum veritatis Eccleſia. Hîc enim doctr i¬

376.0 644.0 581.0 45.0 nam Eccleſiæ præfert omnibus alijs, quia illæ nõ

376.0 677.0 582.0 42.0 ſunt vel veritas, vel illa ſalutaris veritas, quam v¬

377.0 708.0 581.0 44.0 nam pios & Chriſtianos homines ſectari opor¬

378.0 739.0 582.0 46.0 tet. Itaque longè vniuerſæ Philoſophiæ præfe¬

378.0 772.0 581.0 46.0 renda eſt hæc doctrina, quæ in Dei Eccleſia do¬

378.0 809.0 581.0 42.0 cetuijee prauicutur, quaa hæc eſt ſola veritatis

380.0 836.0 578.0 47.0 nomine digna. Etſi verò quædam vera à Philoſo¬

382.0 867.0 576.0 46.0 phia traduntur, tamen illa veritas non eſt (vt idẽ

382.0 900.0 579.0 47.0 Paulus ad Titum 1. verſ.1. ait) κατ' αἀσέβειαν, ſed

383.0 933.0 577.0 46.0 magna ex parte hominibus inutilis, vel certè cũ

380.0 966.0 578.0 42.0 hac nullo modo conferenda, quia hæc ad animo¬

382.0 1003.0 357.0 41.0 rum vitam æternam pertinet.

416.0 1029.0 546.0 47.0 Deinde, vt ſcribit Chryſoſtomus, hæc vox ve¬

381.0 1064.0 580.0 45.0 ritas diſcrimen notat inter doctrinam eam, quæ

382.0 1097.0 580.0 44.0 olim Iudæis ſub lege annuntiabatur: & eam, quæ

373.0 1128.0 586.0 44.0 nunc Chriſtianis annuntiatur. Illi enim vmbras

382.0 1160.0 581.0 57.0 tantùm, id eſt, figuras & cæremonias habuere:nos

878.0 1193.0 84.0 49.0 autem
