1000 1448
477.0 94.0 383.0 45.0 AD I. PAVL. AD TIM.

370.0 112.0 57.0 33.0 142

367.0 127.0 578.0 53.0 Epiſcopi. Ergo eum vxorem vel antea habuiſſe,

368.0 163.0 578.0 50.0 vel adhuc habere ſatis colligitur. Nec enim illa

367.0 197.0 579.0 49.0 Hieronym. ſententia & allegoria probanda eſt,

368.0 230.0 577.0 46.0 qui nomine filiorum & filiarum Epiſcopi cogi¬

366.0 263.0 581.0 48.0 tutionte te epr Aintelligi vult, vt ſcribit in Epiſt.

367.0 296.0 579.0 48.0 ad Titum 1. Verba enim hæc Pauliſine allegoria

370.0 333.0 181.0 41.0 debent accipi.

400.0 360.0 546.0 47.0 Præterea ex hoc ipſo loco docetur, quàm lon¬

369.0 393.0 577.0 48.0 gè ſint idoneiores ad Epiſcopatum coniuges,

369.0 427.0 577.0 45.0 quàm cœlibes viri, & vt ſpecimen quoddam ma¬

368.0 458.0 579.0 46.0 ioris humanitatis, & induſtriæ, prudentíſque ad¬

368.0 490.0 579.0 48.0 miniſtrationis in ijs appareat, qui familiã habẽt,

368.0 524.0 579.0 45.0 id eſt, vxorem & liberos: quàm qui perpetuò cœ¬

366.0 555.0 582.0 47.0 libes & ſolitarij vixerunt. Certè vt non debet

367.0 587.0 581.0 46.0 homo Chriſtianus eſſe ἀπολίς, & tanquam fera

370.0 621.0 577.0 45.0 quædam in ſolitudine vaga viuere:ita etiam non

368.0 652.0 581.0 43.0 debet ab ijs officiis humanitatis alienus eſſe &

367.0 686.0 579.0 45.0 expers, quæ quodãmodo naturã noſtrã excolunt,

367.0 718.0 581.0 47.0 reddúntq; politiorẽ. Ex quo fit, vt totũ genus il¬

367.0 752.0 582.0 45.0 lud hominum, qui in vita Monachica conſenue¬

367.0 784.0 583.0 43.0 runt, ſit ad munus Epiſcopale inepriſſimum, non

368.0 817.0 579.0 42.0 tantum propter ignorantiam diſciplinæ & com¬

368.0 849.0 581.0 43.0 munis hominum ſocietatis: ſed etiam quòd in ſo¬

367.0 882.0 582.0 42.0 litudine enutriti penè ſolent eſſe ἀυθαδας, & ma¬

370.0 914.0 581.0 44.0 gna humanioris illius conuerſationis ſuauitate

370.0 944.0 579.0 47.0 curtt, per quam hominum ſocietatẽ inter ſe ipſos

369.0 978.0 581.0 44.0 tuentur. Et tamen aliquando hic fuit receptus

370.0 1008.0 582.0 48.0 mos, vt Epiſcopi ex hoc hominum Monachorũ

370.0 1044.0 581.0 46.0 genere & cœno maxime eligerentur, vt apparet

370.0 1073.0 581.0 45.0 ex cano. Monachus diſtinct. 77. Id quod ſuo ſe¬

370.0 1106.0 583.0 45.0 culo probatum fuiſſe ſcribit Ambroſius epiſt.82.

371.0 1139.0 582.0 42.0 Sed hi homines ſecum in Eccleſiam maximas &

374.0 1172.0 580.0 53.0 peſsimas ſuperſtitiones quoque, quas ſemel iam

847.0 1204.0 107.0 39.0 imbibe¬
