<?xml version='1.0' encoding='UTF-8'?>
<alto xmlns:xsi="http://www.w3.org/2001/XMLSchema-instance" xmlns="http://www.loc.gov/standards/alto/ns-v4#" xsi:schemaLocation="http://www.loc.gov/standards/alto/ns-v4# http://www.loc.gov/standards/alto/v4/alto-4-2.xsd">
  <Description>
    <MeasurementUnit>pixel</MeasurementUnit>
    <sourceImageInformation>
      <fileName>2013284.jpeg</fileName>
    </sourceImageInformation>
  </Description>
  <Tags>
    <OtherTag ID="BT7" LABEL="CustomZone" DESCRIPTION="block type CustomZone"/><OtherTag ID="BT8" LABEL="DamageZone" DESCRIPTION="block type DamageZone"/><OtherTag ID="BT9" LABEL="DigitizationArtefactZone" DESCRIPTION="block type DigitizationArtefactZone"/><OtherTag ID="BT10" LABEL="DropCapitalZone" DESCRIPTION="block type DropCapitalZone"/><OtherTag ID="BT11" LABEL="GraphicZone" DESCRIPTION="block type GraphicZone"/><OtherTag ID="BT12" LABEL="MainZone" DESCRIPTION="block type MainZone"/><OtherTag ID="BT13" LABEL="MarginTextZone" DESCRIPTION="block type MarginTextZone"/><OtherTag ID="BT14" LABEL="MusicZone" DESCRIPTION="block type MusicZone"/><OtherTag ID="BT15" LABEL="NumberingZone" DESCRIPTION="block type NumberingZone"/><OtherTag ID="BT17" LABEL="QuireMarksZone" DESCRIPTION="block type QuireMarksZone"/><OtherTag ID="BT18" LABEL="RunningTitleZone" DESCRIPTION="block type RunningTitleZone"/><OtherTag ID="BT19" LABEL="SealZone" DESCRIPTION="block type SealZone"/><OtherTag ID="BT20" LABEL="StampZone" DESCRIPTION="block type StampZone"/><OtherTag ID="BT21" LABEL="TableZone" DESCRIPTION="block type TableZone"/><OtherTag ID="BT22" LABEL="TitlePageZone" DESCRIPTION="block type TitlePageZone"/><OtherTag ID="BT3407" LABEL="MainZone-Continued" DESCRIPTION="block type MainZone-Continued"/><OtherTag ID="BT3408" LABEL="MainZone-P" DESCRIPTION="block type MainZone-P"/><OtherTag ID="BT3409" LABEL="MainZone-Head" DESCRIPTION="block type MainZone-Head"/><OtherTag ID="BT3410" LABEL="MainZone-Other" DESCRIPTION="block type MainZone-Other"/><OtherTag ID="BT3411" LABEL="MainZone-Sp" DESCRIPTION="block type MainZone-Sp"/><OtherTag ID="BT3417" LABEL="MainZone-Sp-Continued" DESCRIPTION="block type MainZone-Sp-Continued"/><OtherTag ID="BT3418" LABEL="GraphicZone-Decoration" DESCRIPTION="block type GraphicZone-Decoration"/><OtherTag ID="BT3419" LABEL="MainZone-Entry" DESCRIPTION="block type MainZone-Entry"/><OtherTag ID="BT3420" LABEL="MainZone-Lg" DESCRIPTION="block type MainZone-Lg"/><OtherTag ID="BT3421" LABEL="MainZone-Entry-Continued" DESCRIPTION="block type MainZone-Entry-Continued"/><OtherTag ID="BT3422" LABEL="MarginTextZone-ManuscriptAddendum" DESCRIPTION="block type MarginTextZone-ManuscriptAddendum"/><OtherTag ID="BT3423" LABEL="MainZone-List" DESCRIPTION="block type MainZone-List"/>
    <OtherTag ID="LT7" LABEL="CustomLine" DESCRIPTION="line type CustomLine"/><OtherTag ID="LT8" LABEL="DefaultLine" DESCRIPTION="line type DefaultLine"/><OtherTag ID="LT9" LABEL="DropCapitalLine" DESCRIPTION="line type DropCapitalLine"/><OtherTag ID="LT10" LABEL="HeadingLine" DESCRIPTION="line type HeadingLine"/><OtherTag ID="LT11" LABEL="InterlinearLine" DESCRIPTION="line type InterlinearLine"/><OtherTag ID="LT12" LABEL="MusicLine" DESCRIPTION="line type MusicLine"/>
  </Tags>
  <Layout>
    <Page WIDTH="1000" HEIGHT="1448" PHYSICAL_IMG_NR="280" ID="eSc_dummypage_">
      <PrintSpace HPOS="0" VPOS="0" WIDTH="1000" HEIGHT="1448">
        <TextBlock HPOS="376.16796875" VPOS="95.09981536865234" WIDTH="45.2755126953125" HEIGHT="34.48906707763672" ID="block_1" TAGREFS="BT15">
          <Shape><Polygon POINTS="376.168 95.0998 421.443 95.0998 421.443 129.589 376.168 129.589 376.168 95.0998"/></Shape>
          <TextLine ID="line_1" TAGREFS="LT8" BASELINE="380 119 428 115" HPOS="378.0" VPOS="103.0" WIDTH="50.0" HEIGHT="28.0">
            <Shape><Polygon POINTS="380 119 381 131 428 121 428 115 426 103 378 103 380 119"/></Shape>
            <String CONTENT="372" HPOS="378.0" VPOS="103.0" WIDTH="50.0" HEIGHT="28.0" WC="0.9999927679697672"/>
          </TextLine>
        </TextBlock>
        <TextBlock HPOS="477.6279602050781" VPOS="79.28418731689453" WIDTH="388.2292785644531" HEIGHT="37.720558166503906" ID="block_2" TAGREFS="BT18">
          <Shape><Polygon POINTS="477.628 79.2842 865.857 79.2842 865.857 117.005 477.628 117.005 477.628 79.2842"/></Shape>
          <TextLine ID="line_2" TAGREFS="LT8" BASELINE="471 113 867 103" HPOS="470.0" VPOS="82.0" WIDTH="397.0" HEIGHT="38.0">
            <Shape><Polygon POINTS="768 98 760 101 752 101 744 101 736 101 728 101 720 101 711 101 703 101 695 101 687 101 679 101 671 101 663 101 655 101 647 101 639 101 631 101 623 101 615 101 607 101 599 101 591 101 583 101 575 101 567 101 559 101 551 101 543 101 538 101 535 102 533 101 526 101 518 101 510 101 502 101 494 101 486 101 478 101 470 101 471 113 471 120 866 112 867 103 864 82 780 82 779 82 778 82 776 85 768 90 768 98"/></Shape>
            <String CONTENT="AD I. TAVL. AD TIM." HPOS="470.0" VPOS="82.0" WIDTH="397.0" HEIGHT="38.0" WC="0.9752133802363747"/>
          </TextLine>
        </TextBlock>
        <TextBlock HPOS="380.4653015136719" VPOS="125.5197525024414" WIDTH="577.1448059082031" HEIGHT="68.09937286376953" ID="block_3" TAGREFS="BT3408">
          <Shape><Polygon POINTS="380.465 125.52 957.61 125.52 957.61 193.619 380.465 193.619 380.465 125.52"/></Shape>
          <TextLine ID="line_3" TAGREFS="LT8" BASELINE="404 154 955 142" HPOS="403.0" VPOS="111.0" WIDTH="552.0" HEIGHT="56.0">
            <Shape><Polygon POINTS="404 154 404 165 444 161 463 165 466 165 467 165 471 164 490 160 523 164 550 167 551 167 551 167 562 164 576 159 587 163 592 165 592 165 593 166 625 166 625 165 641 163 674 156 691 162 696 164 697 164 698 164 726 163 727 163 728 163 728 162 728 161 736 155 761 160 762 160 819 153 860 160 863 160 864 160 866 160 893 155 954 158 955 142 952 111 939 118 844 119 835 115 834 115 833 115 832 115 831 115 829 115 817 119 795 116 780 115 779 115 778 115 777 115 774 117 768 121 753 118 741 115 740 115 691 120 652 124 633 124 631 122 627 119 626 119 625 119 625 119 600 123 587 125 580 123 567 120 567 120 566 120 565 120 554 124 549 126 543 125 517 120 516 120 471 127 468 127 467 127 457 122 456 122 456 122 403 129 404 154"/></Shape>
            <String CONTENT="Ratio huius ſeuerioris regulæ illis imponen¬" HPOS="403.0" VPOS="111.0" WIDTH="552.0" HEIGHT="56.0" WC="0.991310181942853"/>
          </TextLine>
          <TextLine ID="line_4" TAGREFS="LT8" BASELINE="377 189 559 183" HPOS="375.0" VPOS="156.0" WIDTH="184.0" HEIGHT="41.0">
            <Shape><Polygon POINTS="377 189 377 197 559 194 559 183 558 160 480 156 479 156 478 156 452 163 430 157 429 157 428 157 427 157 409 164 390 160 389 160 388 160 375 164 377 189"/></Shape>
            <String CONTENT="dæ fuit duplex." HPOS="375.0" VPOS="156.0" WIDTH="184.0" HEIGHT="41.0" WC="0.9918829520543416"/>
          </TextLine>
        </TextBlock>
        <TextBlock HPOS="375.8797607421875" VPOS="191.720703125" WIDTH="585.0928344726562" HEIGHT="643.0258178710938" ID="block_4" TAGREFS="BT3408">
          <Shape><Polygon POINTS="375.88 191.721 960.973 191.721 960.973 834.747 375.88 834.747 375.88 191.721"/></Shape>
          <TextLine ID="line_5" TAGREFS="LT8" BASELINE="404 218 955 208" HPOS="403.0" VPOS="178.0" WIDTH="552.0" HEIGHT="52.0">
            <Shape><Polygon POINTS="404 218 404 227 500 225 506 226 530 230 530 230 531 230 532 230 539 225 539 225 566 229 567 229 567 229 568 229 576 224 578 223 589 223 657 227 658 227 690 222 691 222 716 226 717 226 718 226 731 221 781 224 782 224 783 224 794 219 798 219 864 222 865 222 866 222 879 218 911 222 912 222 955 215 955 208 952 178 934 184 917 181 916 181 915 181 914 181 914 181 909 186 893 182 892 182 891 182 863 186 852 181 849 180 848 180 828 180 827 180 779 182 778 182 772 184 757 189 732 185 728 185 728 185 724 185 699 189 692 187 689 185 688 185 687 185 687 185 683 187 675 191 629 191 626 189 622 185 621 185 621 185 620 185 597 190 596 190 594 190 574 185 573 185 572 185 572 185 554 191 547 186 547 186 546 186 545 186 544 186 532 193 530 193 510 193 415 189 415 189 414 189 413 189 403 195 404 218"/></Shape>
            <String CONTENT="Prima, quòd debent propter doctrinæ (quã" HPOS="403.0" VPOS="178.0" WIDTH="552.0" HEIGHT="52.0" WC="0.9936538594109672"/>
          </TextLine>
          <TextLine ID="line_6" TAGREFS="LT8" BASELINE="374 252 953 240" HPOS="373.0" VPOS="214.0" WIDTH="580.0" HEIGHT="50.0">
            <Shape><Polygon POINTS="374 252 374 264 403 259 446 262 447 262 495 257 538 260 559 262 560 262 578 259 606 255 626 258 643 260 644 260 687 256 723 252 750 254 798 257 798 257 799 257 810 252 812 250 847 250 860 250 913 255 914 255 952 247 953 240 951 218 930 214 929 214 928 214 915 218 908 220 900 218 884 215 883 215 860 219 850 221 839 220 807 217 806 217 806 217 798 221 794 223 719 224 708 223 681 219 680 219 679 219 670 224 669 225 651 224 608 222 607 222 606 222 605 222 600 226 599 226 598 226 592 222 591 222 590 222 589 222 556 226 555 226 554 226 532 223 531 223 530 223 530 223 525 227 514 223 514 223 513 223 454 224 453 224 452 224 444 229 444 230 440 230 411 225 411 225 373 230 374 252"/></Shape>
            <String CONTENT="ardentius &amp; purius profitentur quàm reliqui)" HPOS="373.0" VPOS="214.0" WIDTH="580.0" HEIGHT="50.0" WC="0.999929580423567"/>
          </TextLine>
          <TextLine ID="line_7" TAGREFS="LT8" BASELINE="375 285 954 271" HPOS="374.0" VPOS="246.0" WIDTH="580.0" HEIGHT="50.0">
            <Shape><Polygon POINTS="375 292 432 292 441 296 442 296 443 296 478 290 569 293 570 293 593 288 613 292 613 292 647 292 648 292 662 286 745 289 746 289 786 283 851 287 852 287 890 282 938 283 939 283 940 283 954 278 954 271 953 250 934 246 934 246 933 246 922 250 917 252 901 250 880 248 880 248 830 251 779 255 769 253 759 250 758 250 757 250 716 250 716 250 707 254 703 256 635 259 604 256 579 254 578 254 551 257 510 262 491 258 481 256 481 256 480 256 479 256 479 257 477 259 473 262 468 259 466 257 465 257 465 257 464 257 428 258 427 258 427 258 425 259 419 264 382 264 374 260 375 285 375 292"/></Shape>
            <String CONTENT="confirmationem &amp; commendationem, quemad¬" HPOS="374.0" VPOS="246.0" WIDTH="580.0" HEIGHT="50.0" WC="0.9983868926763535"/>
          </TextLine>
          <TextLine ID="line_8" TAGREFS="LT8" BASELINE="376 317 954 304" HPOS="375.0" VPOS="279.0" WIDTH="579.0" HEIGHT="48.0">
            <Shape><Polygon POINTS="376 317 376 327 954 315 954 304 952 284 917 279 917 279 888 279 887 279 886 279 879 286 878 286 859 286 765 285 765 285 740 288 735 289 728 289 672 284 671 284 670 284 670 284 662 290 629 287 628 287 609 291 592 286 592 286 591 286 590 286 572 292 571 292 567 292 484 288 483 288 375 296 376 317"/></Shape>
            <String CONTENT="modum diximus, in omnibus quæ non modo ho" HPOS="375.0" VPOS="279.0" WIDTH="579.0" HEIGHT="48.0" WC="0.9999165796652073"/>
          </TextLine>
          <TextLine ID="line_9" TAGREFS="LT8" BASELINE="374 349 954 337" HPOS="374.0" VPOS="311.0" WIDTH="580.0" HEIGHT="47.0">
            <Shape><Polygon POINTS="374 349 374 358 760 354 814 349 836 353 837 353 886 347 908 351 909 351 954 345 954 337 952 316 888 311 887 311 886 311 873 317 872 318 787 319 786 319 769 313 769 313 768 313 739 320 738 320 737 320 720 314 719 314 718 314 717 314 705 320 704 320 703 320 691 317 691 317 690 317 689 317 681 321 679 322 662 322 661 321 652 316 651 316 650 316 650 316 649 316 632 321 597 318 596 318 596 318 581 322 576 317 575 317 574 317 573 317 477 324 449 320 448 320 448 320 447 320 447 320 441 326 440 326 439 326 410 320 409 320 408 320 407 320 399 327 374 327 374 349"/></Shape>
            <String CONTENT="neſta ſunt, ſed ſpeciem honeſti habent, præluce¬" HPOS="374.0" VPOS="311.0" WIDTH="580.0" HEIGHT="47.0" WC="0.9987821877002716"/>
          </TextLine>
          <TextLine ID="line_10" TAGREFS="LT8" BASELINE="375 382 954 370" HPOS="374.0" VPOS="346.0" WIDTH="580.0" HEIGHT="45.0">
            <Shape><Polygon POINTS="375 382 375 389 524 391 525 391 526 391 537 386 538 386 562 390 563 390 563 390 576 385 577 385 578 385 598 389 599 389 600 389 615 384 627 389 628 389 629 389 664 385 721 387 722 387 798 380 799 380 801 380 837 385 838 385 954 376 954 370 953 350 929 346 928 346 901 350 892 346 891 346 890 346 889 346 875 352 808 352 800 348 799 348 798 348 759 353 683 350 683 350 682 350 681 350 674 354 567 353 567 353 566 353 565 353 559 357 539 353 539 353 538 353 527 359 487 359 452 355 451 355 374 362 375 382"/></Shape>
            <String CONTENT="re reliquo gregi. Itaque non modò omnem cra¬" HPOS="374.0" VPOS="346.0" WIDTH="580.0" HEIGHT="45.0" WC="0.9931558595763312"/>
          </TextLine>
          <TextLine ID="line_11" TAGREFS="LT8" BASELINE="377 415 958 403" HPOS="376.0" VPOS="377.0" WIDTH="582.0" HEIGHT="49.0">
            <Shape><Polygon POINTS="377 415 377 423 383 426 384 426 385 426 386 426 386 426 392 422 419 425 419 425 420 425 421 425 426 421 427 421 444 424 444 424 518 419 522 419 524 419 546 424 547 424 619 418 629 417 630 418 635 421 636 421 637 421 637 421 638 421 654 417 655 417 657 417 685 422 686 422 957 411 958 403 955 377 802 385 794 382 790 380 790 380 789 380 762 382 716 386 691 385 662 382 662 382 661 382 647 386 637 388 615 386 571 384 570 384 547 389 542 390 525 390 462 388 461 388 460 388 460 388 454 392 453 392 450 392 416 387 415 387 376 394 377 415"/></Shape>
            <String CONTENT="pulam, luxum, laſciuiam fugere debent præpoſiti" HPOS="376.0" VPOS="377.0" WIDTH="582.0" HEIGHT="49.0" WC="0.9989432400845467"/>
          </TextLine>
          <TextLine ID="line_12" TAGREFS="LT8" BASELINE="377 446 956 436" HPOS="376.0" VPOS="412.0" WIDTH="580.0" HEIGHT="42.0">
            <Shape><Polygon POINTS="377 446 377 454 710 452 739 448 761 452 762 452 856 445 859 445 860 445 895 449 896 449 897 449 908 444 939 448 940 448 941 448 956 443 956 436 954 418 916 413 915 413 914 413 900 418 892 413 891 413 890 413 889 413 832 419 820 413 819 413 818 413 789 419 767 412 766 412 765 412 765 412 764 412 755 419 748 415 747 415 746 415 745 415 744 415 744 415 735 420 716 416 715 416 693 421 681 417 680 417 679 417 661 420 646 415 646 415 645 415 578 415 558 416 557 416 556 416 544 423 522 416 521 416 520 416 486 423 428 419 427 419 427 419 404 427 376 427 377 446"/></Shape>
            <String CONTENT="Eccleſiæ, ſed vel ſolã illorum vitiorum vmbram" HPOS="376.0" VPOS="412.0" WIDTH="580.0" HEIGHT="42.0" WC="0.9858654889654606"/>
          </TextLine>
          <TextLine ID="line_13" TAGREFS="LT8" BASELINE="375 479 956 468" HPOS="374.0" VPOS="446.0" WIDTH="582.0" HEIGHT="46.0">
            <Shape><Polygon POINTS="375 479 376 492 397 487 438 490 450 491 451 491 452 491 455 490 465 485 504 489 511 489 512 489 526 488 584 483 611 485 630 487 631 487 660 484 684 481 695 483 712 485 713 486 748 486 748 485 748 485 759 481 760 481 761 481 768 485 769 485 769 485 807 480 809 480 810 480 830 484 831 484 858 480 906 482 907 482 908 482 909 482 909 481 914 477 915 476 956 475 956 468 954 446 706 446 705 446 666 451 659 452 654 452 620 448 619 448 618 448 604 452 604 452 600 452 558 449 557 449 556 449 555 449 551 453 551 454 478 455 477 455 458 451 457 451 374 456 375 479"/></Shape>
            <String CONTENT="&amp; ſpeciem, vt alios ſuo exemplo ædificent, cæle¬" HPOS="374.0" VPOS="446.0" WIDTH="582.0" HEIGHT="46.0" WC="0.9898656147221724"/>
          </TextLine>
          <TextLine ID="line_14" TAGREFS="LT8" BASELINE="374 512 958 501" HPOS="374.0" VPOS="474.0" WIDTH="584.0" HEIGHT="50.0">
            <Shape><Polygon POINTS="374 512 374 522 388 524 389 524 390 524 390 524 392 522 397 519 403 522 407 524 407 524 408 524 464 523 465 523 471 521 483 518 516 521 532 522 533 522 534 522 534 522 536 520 542 516 606 515 625 518 634 520 635 520 636 520 641 518 656 514 732 514 744 517 748 518 749 518 750 518 757 517 779 512 800 516 807 517 808 517 818 515 847 511 871 514 877 515 878 515 879 515 880 515 880 514 888 510 957 513 958 501 956 479 909 474 908 474 907 474 893 480 892 480 889 480 864 475 864 475 863 475 862 475 862 476 856 480 855 481 847 481 788 477 787 477 786 477 777 481 777 481 773 481 733 477 732 477 732 477 731 477 731 478 726 482 724 483 720 482 699 478 699 478 698 478 697 478 691 483 690 483 687 483 669 480 668 480 646 483 637 485 633 484 625 481 624 481 623 481 588 484 571 485 567 485 556 481 555 481 555 481 554 481 553 481 553 481 549 485 547 486 540 485 526 482 525 482 524 482 516 485 514 486 512 485 506 481 506 481 505 481 504 481 485 485 477 488 374 488 374 512"/></Shape>
            <String CONTENT="ſtémque doctrinam commendent. Nam ſic vitia" HPOS="374.0" VPOS="474.0" WIDTH="584.0" HEIGHT="50.0" WC="0.9856393364342776"/>
          </TextLine>
          <TextLine ID="line_15" TAGREFS="LT8" BASELINE="375 543 957 534" HPOS="374.0" VPOS="507.0" WIDTH="583.0" HEIGHT="47.0">
            <Shape><Polygon POINTS="375 543 375 553 502 554 503 554 504 554 505 554 507 551 511 548 572 547 600 551 615 552 616 552 617 552 617 552 620 551 627 547 724 549 761 550 762 550 763 550 764 550 765 548 772 544 800 548 808 549 809 549 823 548 876 543 956 546 957 534 954 507 906 512 855 510 842 509 841 509 834 510 814 514 794 511 783 510 782 510 781 510 775 511 761 515 733 512 714 510 713 510 690 514 664 517 643 514 619 512 618 512 617 512 611 515 607 518 567 518 555 517 535 514 534 514 534 514 523 518 518 519 507 518 479 514 478 514 477 514 477 514 472 519 469 521 422 521 417 520 396 516 395 516 395 516 374 521 375 543"/></Shape>
            <String CONTENT="aliorum liberius reprehendere poſſunt. Eſt enim" HPOS="374.0" VPOS="507.0" WIDTH="583.0" HEIGHT="47.0" WC="0.9990300650292254"/>
          </TextLine>
          <TextLine ID="line_16" TAGREFS="LT8" BASELINE="376 577 957 565" HPOS="375.0" VPOS="540.0" WIDTH="582.0" HEIGHT="48.0">
            <Shape><Polygon POINTS="376 577 376 585 490 588 491 588 514 582 517 582 518 582 528 587 529 587 530 587 568 581 575 580 579 581 599 585 600 585 600 585 601 585 609 580 615 584 616 584 617 584 617 584 627 580 628 579 724 577 727 577 750 582 751 582 752 582 761 578 818 580 819 580 820 580 834 575 846 580 847 580 847 580 870 575 917 579 917 579 957 571 957 565 955 545 917 541 917 541 898 545 885 540 884 540 884 540 883 540 882 540 874 546 872 546 840 540 839 540 790 546 776 542 775 542 774 542 773 542 760 547 756 548 740 547 691 543 690 543 660 548 645 551 599 551 596 549 593 547 592 547 592 547 591 547 568 550 546 552 539 550 531 547 530 547 530 547 503 547 502 547 497 551 491 553 375 552 376 577"/></Shape>
            <String CONTENT="hæc &amp; veriſſima &amp; maximè notabilis Hierony-" HPOS="375.0" VPOS="540.0" WIDTH="582.0" HEIGHT="48.0" WC="0.9929540658538992"/>
          </TextLine>
          <TextLine ID="line_17" TAGREFS="LT8" BASELINE="375 608 958 599" HPOS="374.0" VPOS="573.0" WIDTH="584.0" HEIGHT="46.0">
            <Shape><Polygon POINTS="375 608 375 619 569 612 598 616 609 617 609 617 610 617 611 617 613 616 618 612 652 615 665 616 666 616 674 614 693 611 738 613 757 614 758 614 759 614 763 613 772 610 958 610 958 599 957 575 887 573 886 573 885 573 875 577 868 579 861 577 855 575 854 575 853 575 832 578 807 580 801 579 790 575 789 575 788 575 710 575 633 582 609 584 589 583 519 579 518 579 474 585 467 586 460 585 427 580 426 580 374 587 375 608"/></Shape>
            <String CONTENT="mi ſententia, An non confuſio &amp; ignominia eſt" HPOS="374.0" VPOS="573.0" WIDTH="584.0" HEIGHT="46.0" WC="0.98818076716529"/>
          </TextLine>
          <TextLine ID="line_18" TAGREFS="LT8" BASELINE="376 642 959 629" HPOS="375.0" VPOS="602.0" WIDTH="584.0" HEIGHT="52.0">
            <Shape><Polygon POINTS="376 642 376 654 442 654 442 653 443 653 446 651 454 648 470 650 474 651 475 651 476 651 477 650 485 647 502 649 516 652 517 652 518 652 526 649 534 646 545 649 557 651 558 651 579 648 599 645 614 647 627 649 628 649 649 646 671 643 699 645 739 647 740 647 763 643 773 641 781 642 800 645 801 645 802 645 817 641 824 640 828 641 838 645 839 645 839 645 882 640 891 639 895 640 912 643 913 643 959 637 959 629 957 605 942 608 935 605 925 602 925 602 924 602 923 602 916 606 911 608 895 606 885 605 884 605 884 605 883 605 881 607 876 609 860 607 850 606 849 606 815 608 765 612 756 609 741 606 740 606 740 606 717 611 702 613 675 612 632 608 631 608 630 608 629 608 625 612 621 616 593 616 567 614 521 611 520 611 519 611 505 616 502 617 498 616 487 612 486 612 485 612 460 617 447 619 436 617 412 613 411 613 375 618 376 642"/></Shape>
            <String CONTENT="Ieſum Chriſtum crucifixum &amp; pauperem, &amp; eſu¬" HPOS="375.0" VPOS="602.0" WIDTH="584.0" HEIGHT="52.0" WC="0.997592185031284"/>
          </TextLine>
          <TextLine ID="line_19" TAGREFS="LT8" BASELINE="375 674 960 662" HPOS="374.0" VPOS="639.0" WIDTH="586.0" HEIGHT="46.0">
            <Shape><Polygon POINTS="576 670 567 670 559 670 551 670 543 670 535 670 527 670 519 670 511 670 503 670 495 671 487 671 479 671 471 671 463 671 455 671 447 671 439 671 431 671 423 671 415 671 407 671 399 671 390 671 382 671 374 671 375 674 375 685 452 681 464 683 473 685 474 685 569 683 621 678 648 677 670 678 724 680 725 680 726 680 740 676 742 674 821 674 822 674 834 678 835 678 835 678 836 678 837 678 843 674 919 676 920 676 960 670 960 662 958 640 940 639 939 639 938 639 935 641 921 646 896 642 890 641 889 641 888 641 886 642 878 647 869 643 860 639 859 639 858 639 857 639 841 643 815 640 814 640 814 640 813 640 802 646 799 648 792 646 765 641 764 641 763 641 746 649 745 649 744 649 716 642 716 642 679 648 668 643 667 643 666 643 666 643 653 647 609 644 608 644 607 644 579 655 576 670"/></Shape>
            <String CONTENT="Fieniten turuie prædicare corporibus, &amp; ieiunio¬" HPOS="374.0" VPOS="639.0" WIDTH="586.0" HEIGHT="46.0" WC="0.9343481125930945"/>
          </TextLine>
          <TextLine ID="line_20" TAGREFS="LT8" BASELINE="374 707 958 695" HPOS="374.0" VPOS="670.0" WIDTH="584.0" HEIGHT="45.0">
            <Shape><Polygon POINTS="768 678 760 678 752 678 744 678 736 678 728 678 720 678 711 678 703 678 695 678 687 678 679 678 671 678 663 678 662 678 662 678 660 678 655 678 647 678 639 678 631 678 623 678 615 678 607 678 599 678 591 678 584 678 580 680 580 681 561 681 535 681 514 678 510 678 502 678 494 678 486 678 478 678 477 678 415 683 383 680 382 680 382 680 374 683 374 707 374 715 958 706 958 695 957 673 836 670 835 670 812 675 798 671 798 671 797 671 796 671 795 671 790 676 789 676 788 676 771 673 768 678"/></Shape>
            <String CONTENT="rum doctrinam rubentes buccas, tumẽtiáqueora" HPOS="374.0" VPOS="670.0" WIDTH="584.0" HEIGHT="45.0" WC="0.9987427255381709"/>
          </TextLine>
          <TextLine ID="line_21" TAGREFS="LT8" BASELINE="376 739 957 728" HPOS="375.0" VPOS="701.0" WIDTH="582.0" HEIGHT="49.0">
            <Shape><Polygon POINTS="376 739 376 745 398 750 399 750 490 744 623 747 624 747 652 742 666 745 666 745 667 745 668 745 669 745 678 740 810 738 866 742 867 742 868 742 877 737 933 740 934 740 957 734 957 728 955 705 924 701 923 701 922 701 912 706 909 707 905 706 889 702 888 702 888 702 887 702 875 707 872 707 863 707 839 704 839 704 815 707 810 708 808 708 791 703 790 703 790 703 740 708 723 704 722 704 721 704 720 704 699 711 697 711 691 711 624 706 623 706 584 713 582 713 580 713 566 707 565 707 564 707 563 707 541 714 539 714 538 714 500 708 499 708 498 708 497 708 491 714 460 715 456 715 456 715 425 710 424 710 423 710 410 717 375 717 376 739"/></Shape>
            <String CONTENT="proferre? Si in Apoſtolorum loco ſumus, non ſo¬" HPOS="375.0" VPOS="701.0" WIDTH="582.0" HEIGHT="49.0" WC="0.9946232235178034"/>
          </TextLine>
          <TextLine ID="line_22" TAGREFS="LT8" BASELINE="375 772 958 761" HPOS="374.0" VPOS="735.0" WIDTH="584.0" HEIGHT="46.0">
            <Shape><Polygon POINTS="375 772 375 781 581 781 581 780 582 780 583 780 588 776 589 775 593 775 622 779 623 779 624 779 625 779 631 774 632 774 636 774 665 778 666 778 666 778 676 773 677 773 683 773 732 777 733 777 790 771 795 771 800 771 873 774 874 774 908 769 913 773 914 773 915 773 916 773 958 767 958 761 956 736 900 740 895 737 888 735 888 735 887 735 868 738 855 740 853 739 849 736 848 736 847 736 847 736 846 736 845 736 841 739 839 740 832 739 810 736 810 736 809 736 802 740 800 740 798 740 791 736 790 736 790 736 764 740 748 743 720 741 666 739 665 739 624 744 610 745 602 744 587 742 586 742 585 742 584 742 581 744 579 746 562 745 508 742 507 742 506 742 506 742 498 747 497 747 496 747 472 743 471 743 470 743 452 748 448 744 447 744 446 744 415 744 415 744 414 744 403 749 403 750 374 750 375 772"/></Shape>
            <String CONTENT="lum ſermonem eorum imitemur, ſed etiam con¬" HPOS="374.0" VPOS="735.0" WIDTH="584.0" HEIGHT="46.0" WC="0.9989594941915467"/>
          </TextLine>
          <TextLine ID="line_23" TAGREFS="LT8" BASELINE="378 803 958 793" HPOS="377.0" VPOS="769.0" WIDTH="581.0" HEIGHT="46.0">
            <Shape><Polygon POINTS="378 803 378 811 393 815 394 815 395 815 395 815 401 811 402 810 437 810 439 810 444 814 445 814 446 814 447 814 538 810 539 810 555 814 555 814 556 814 591 809 592 809 597 809 710 810 711 810 728 806 738 805 765 806 812 809 813 809 814 809 820 806 824 803 841 805 859 807 860 807 860 807 865 805 869 803 958 803 958 793 956 774 877 774 872 769 871 769 870 769 841 769 840 769 839 769 839 769 831 776 808 776 779 769 778 769 722 777 721 778 702 778 649 778 639 773 638 773 637 773 600 773 600 773 545 779 530 774 530 774 529 774 483 775 482 775 481 775 475 780 427 776 427 776 426 776 425 776 416 783 415 784 377 784 378 803"/></Shape>
            <String CONTENT="uerſationem &amp; abſtinentiam. Hæc Hierony¬" HPOS="377.0" VPOS="769.0" WIDTH="581.0" HEIGHT="46.0" WC="0.9967389643192291"/>
          </TextLine>
          <TextLine ID="line_24" TAGREFS="LT8" BASELINE="379 836 551 833" HPOS="378.0" VPOS="806.0" WIDTH="173.0" HEIGHT="37.0">
            <Shape><Polygon POINTS="515 806 507 806 499 806 491 806 483 806 475 806 469 806 462 813 454 806 453 806 452 806 452 806 451 806 450 806 441 813 406 810 405 810 378 814 379 836 379 843 550 843 551 833 549 812 521 806 515 806"/></Shape>
            <String CONTENT="mus in Mich." HPOS="378.0" VPOS="806.0" WIDTH="173.0" HEIGHT="37.0" WC="0.9997385144233704"/>
          </TextLine>
        </TextBlock>
        <TextBlock HPOS="380.5946350097656" VPOS="843.5458984375" WIDTH="582.8382873535156" HEIGHT="158.39599609375" ID="block_5" TAGREFS="BT3408">
          <Shape><Polygon POINTS="380.595 843.546 963.433 843.546 963.433 1001.94 380.595 1001.94 380.595 843.546"/></Shape>
          <TextLine ID="line_25" TAGREFS="LT8" BASELINE="411 867 960 859" HPOS="411.0" VPOS="828.0" WIDTH="549.0" HEIGHT="52.0">
            <Shape><Polygon POINTS="411 867 411 880 481 875 524 877 551 879 552 879 578 876 611 872 628 875 643 877 644 877 713 873 738 872 740 872 744 876 745 876 746 876 747 876 795 875 796 875 806 871 807 870 810 871 817 874 818 874 818 874 819 874 829 870 832 869 851 870 902 872 903 872 904 872 905 872 909 868 911 867 959 867 960 859 958 835 860 828 859 828 824 833 816 830 815 830 814 830 814 830 801 835 795 839 716 839 710 836 707 835 706 835 705 835 704 835 703 835 702 836 697 840 669 840 665 836 663 835 662 835 662 835 621 832 621 832 620 832 619 832 613 837 611 838 603 837 581 834 580 834 562 837 545 840 532 837 530 837 530 837 529 837 522 838 460 843 411 839 411 867"/></Shape>
            <String CONTENT="Secunda, quòd fere homines, quale eſt huma¬" HPOS="411.0" VPOS="828.0" WIDTH="549.0" HEIGHT="52.0" WC="0.9966847855936397"/>
          </TextLine>
          <TextLine ID="line_26" TAGREFS="LT8" BASELINE="378 901 959 891" HPOS="378.0" VPOS="864.0" WIDTH="581.0" HEIGHT="49.0">
            <Shape><Polygon POINTS="378 901 378 909 451 908 452 908 465 913 466 913 467 913 518 906 523 906 530 906 593 910 594 910 595 910 605 905 645 909 646 909 674 904 674 904 675 904 689 908 690 908 691 908 691 908 702 903 703 903 703 903 716 908 717 908 718 908 780 907 830 900 835 900 839 900 868 905 869 905 959 898 959 891 956 867 946 870 940 867 935 864 934 864 934 864 918 867 905 870 902 867 899 865 898 865 897 865 897 865 835 866 834 866 823 870 814 872 807 870 798 867 798 867 797 867 796 867 786 871 777 873 766 871 753 868 752 868 751 868 740 872 732 874 695 872 633 870 632 870 631 870 630 870 625 874 623 876 600 876 598 875 593 871 592 871 592 871 573 871 572 871 572 871 571 871 566 876 565 876 510 878 502 877 467 872 466 872 378 880 378 901"/></Shape>
            <String CONTENT="num ingenium, iis rebus externis plurimùm tri¬" HPOS="378.0" VPOS="864.0" WIDTH="581.0" HEIGHT="49.0" WC="0.9914878632159944"/>
          </TextLine>
          <TextLine ID="line_27" TAGREFS="LT8" BASELINE="379 932 958 923" HPOS="378.0" VPOS="899.0" WIDTH="580.0" HEIGHT="45.0">
            <Shape><Polygon POINTS="379 932 379 941 414 944 415 944 466 940 474 939 475 939 482 943 483 943 484 943 569 937 590 937 608 937 694 940 695 940 695 940 704 936 740 939 741 939 801 933 805 933 807 933 833 937 834 937 835 937 852 933 853 933 855 933 898 937 899 937 900 937 913 932 952 936 953 936 954 936 954 936 958 932 958 923 956 899 378 908 379 932"/></Shape>
            <String CONTENT="buunt à quibus ſi quis abſtinet, is &amp; Dei timen¬" HPOS="378.0" VPOS="899.0" WIDTH="580.0" HEIGHT="45.0" WC="0.9876380489797009"/>
          </TextLine>
          <TextLine ID="line_28" TAGREFS="LT8" BASELINE="379 964 958 956" HPOS="379.0" VPOS="929.0" WIDTH="579.0" HEIGHT="49.0">
            <Shape><Polygon POINTS="507 962 499 962 491 962 483 962 475 962 467 962 459 962 451 962 443 962 435 962 427 962 419 962 411 962 403 962 399 962 386 962 386 963 386 963 379 964 379 972 436 978 436 978 437 978 455 972 456 972 457 972 491 977 492 977 493 977 493 977 498 973 569 975 570 975 604 971 618 970 628 971 649 974 650 974 699 970 715 970 717 970 724 974 725 974 726 974 727 974 733 970 737 969 770 970 810 972 811 972 812 972 813 972 815 970 820 967 841 970 847 970 848 970 849 970 850 970 850 970 855 966 957 969 958 956 957 942 922 929 921 929 921 929 892 933 849 929 848 929 847 929 819 937 787 930 786 930 755 937 748 932 748 932 747 932 746 932 683 937 658 934 658 934 657 934 621 946 552 933 551 933 551 933 510 947 507 962"/></Shape>
            <String CONTENT="tior ; ce fanctior à vulgo iudicatur. Coloſſ. 2." HPOS="379.0" VPOS="929.0" WIDTH="579.0" HEIGHT="49.0" WC="0.9652130372670232"/>
          </TextLine>
          <TextLine ID="line_29" TAGREFS="LT8" BASELINE="378 997 460 995" HPOS="377.0" VPOS="968.0" WIDTH="83.0" HEIGHT="40.0">
            <Shape><Polygon POINTS="378 997 378 1008 459 1005 460 995 458 973 423 968 423 968 422 968 410 971 407 972 406 971 401 969 400 969 399 969 399 969 398 969 398 970 395 971 394 973 390 971 387 969 386 969 386 969 385 969 377 970 378 997"/></Shape>
            <String CONTENT="in fin." HPOS="377.0" VPOS="968.0" WIDTH="83.0" HEIGHT="40.0" WC="0.99974410874503"/>
          </TextLine>
        </TextBlock>
        <TextBlock HPOS="377.81927490234375" VPOS="1002.7993774414062" WIDTH="584.1013793945312" HEIGHT="194.94622802734375" ID="block_6" TAGREFS="BT3408">
          <Shape><Polygon POINTS="377.819 1002.8 961.921 1002.8 961.921 1197.75 377.819 1197.75 377.819 1002.8"/></Shape>
          <TextLine ID="line_30" TAGREFS="LT8" BASELINE="422 1028 959 1021" HPOS="421.0" VPOS="991.0" WIDTH="538.0" HEIGHT="49.0">
            <Shape><Polygon POINTS="422 1028 422 1035 503 1035 504 1035 521 1040 522 1040 522 1040 523 1040 535 1035 554 1040 555 1040 555 1040 627 1034 636 1033 640 1033 662 1038 663 1038 757 1037 757 1037 774 1032 778 1032 779 1032 784 1036 785 1036 786 1036 786 1036 787 1036 801 1032 805 1032 810 1032 828 1036 829 1036 847 1032 854 1030 909 1030 913 1032 917 1035 918 1035 919 1035 920 1035 958 1031 959 1021 956 991 946 996 868 993 824 991 823 991 782 992 781 992 771 995 756 999 722 995 690 993 689 993 672 997 663 999 655 997 642 994 641 994 641 994 617 998 601 1000 588 999 568 995 567 995 567 995 566 995 562 999 559 1001 532 1001 525 999 507 995 506 995 484 1000 479 1002 421 1002 422 1028"/></Shape>
            <String CONTENT="Tertia quoque ratio addi poteſt. Quòd etiam" HPOS="421.0" VPOS="991.0" WIDTH="538.0" HEIGHT="49.0" WC="0.995817402547056"/>
          </TextLine>
          <TextLine ID="line_31" TAGREFS="LT8" BASELINE="382 1063 957 1053" HPOS="382.0" VPOS="1026.0" WIDTH="575.0" HEIGHT="47.0">
            <Shape><Polygon POINTS="382 1063 382 1073 526 1067 548 1069 568 1071 569 1071 583 1069 589 1067 595 1068 610 1072 611 1072 612 1072 728 1065 812 1069 813 1069 911 1061 914 1061 923 1066 924 1066 925 1066 925 1067 950 1067 950 1066 950 1066 951 1066 951 1065 957 1060 957 1053 954 1032 923 1032 922 1032 908 1026 907 1026 906 1026 905 1026 905 1026 896 1032 894 1032 884 1032 814 1028 814 1028 813 1028 812 1028 806 1033 803 1034 790 1033 753 1031 753 1031 723 1034 708 1036 701 1034 680 1030 679 1030 679 1030 667 1035 665 1036 658 1035 625 1031 624 1031 623 1031 613 1036 610 1037 607 1036 601 1032 600 1032 600 1032 576 1032 575 1032 574 1032 573 1032 573 1032 569 1036 567 1038 554 1036 525 1032 524 1032 523 1032 522 1032 517 1036 514 1039 507 1037 494 1033 493 1033 493 1033 465 1034 464 1034 463 1034 459 1037 456 1040 452 1037 442 1034 441 1034 440 1034 440 1034 428 1038 422 1040 382 1039 382 1063"/></Shape>
            <String CONTENT="(quæ eſt noſtra vitioſitas &amp; corruptela) in vſu re" HPOS="382.0" VPOS="1026.0" WIDTH="575.0" HEIGHT="47.0" WC="0.9876354897022247"/>
          </TextLine>
          <TextLine ID="line_32" TAGREFS="LT8" BASELINE="376 1093 958 1086" HPOS="375.0" VPOS="1059.0" WIDTH="583.0" HEIGHT="44.0">
            <Shape><Polygon POINTS="376 1093 376 1103 957 1094 958 1086 955 1061 921 1065 913 1061 909 1059 909 1059 908 1059 869 1060 851 1062 821 1067 805 1063 803 1063 802 1063 802 1063 794 1064 763 1067 758 1065 755 1061 754 1061 753 1061 753 1061 736 1065 720 1068 691 1065 646 1062 646 1062 626 1063 625 1063 625 1063 620 1067 616 1070 589 1070 586 1068 580 1063 579 1063 578 1063 577 1063 550 1069 541 1071 524 1071 522 1069 513 1064 512 1064 511 1064 510 1064 459 1069 441 1065 440 1065 440 1065 439 1065 414 1071 411 1073 375 1073 376 1093"/></Shape>
            <String CONTENT="rum indifferentium nimium libero, minûſque" HPOS="375.0" VPOS="1059.0" WIDTH="583.0" HEIGHT="44.0" WC="0.9945634243100189"/>
          </TextLine>
          <TextLine ID="line_33" TAGREFS="LT8" BASELINE="374 1127 958 1118" HPOS="374.0" VPOS="1090.0" WIDTH="584.0" HEIGHT="48.0">
            <Shape><Polygon POINTS="374 1127 374 1138 609 1131 635 1133 663 1135 664 1135 665 1135 678 1132 684 1131 710 1131 782 1134 783 1134 851 1128 857 1128 860 1128 896 1132 897 1132 958 1126 958 1118 956 1090 930 1096 825 1094 824 1094 792 1098 769 1094 761 1094 761 1094 760 1094 756 1095 744 1098 728 1095 716 1094 716 1094 690 1096 657 1100 635 1098 612 1095 611 1095 518 1097 489 1101 479 1103 407 1103 405 1103 386 1098 385 1098 384 1098 383 1098 374 1102 374 1127"/></Shape>
            <String CONTENT="ſeuero caro fit laſc iuior, &amp; intemperantior, quã" HPOS="374.0" VPOS="1090.0" WIDTH="584.0" HEIGHT="48.0" WC="0.993386583328247"/>
          </TextLine>
          <TextLine ID="line_34" TAGREFS="LT8" BASELINE="374 1158 958 1151" HPOS="373.0" VPOS="1125.0" WIDTH="585.0" HEIGHT="44.0">
            <Shape><Polygon POINTS="374 1158 374 1169 958 1163 958 1151 956 1127 934 1125 934 1125 933 1125 928 1127 917 1131 905 1127 898 1125 897 1125 897 1125 896 1125 891 1127 886 1130 860 1127 837 1126 836 1126 779 1129 731 1131 724 1130 717 1127 716 1127 716 1127 715 1127 704 1130 688 1134 670 1131 656 1128 655 1128 641 1131 624 1135 602 1131 583 1129 582 1129 554 1131 553 1131 552 1131 551 1132 547 1136 444 1136 439 1134 433 1131 432 1131 432 1131 431 1131 430 1131 426 1134 423 1135 373 1135 374 1158"/></Shape>
            <String CONTENT="tamen contundere neceſſe eſt. Id quod fieri niſi" HPOS="373.0" VPOS="1125.0" WIDTH="585.0" HEIGHT="44.0" WC="0.9949037320911884"/>
          </TextLine>
          <TextLine ID="line_35" TAGREFS="LT8" BASELINE="376 1191 958 1184" HPOS="375.0" VPOS="1160.0" WIDTH="583.0" HEIGHT="50.0">
            <Shape><Polygon POINTS="376 1191 376 1202 391 1202 393 1203 398 1207 399 1207 399 1207 400 1207 447 1203 469 1210 470 1210 471 1210 517 1203 540 1209 541 1209 542 1209 584 1202 596 1206 597 1206 598 1206 599 1206 617 1202 642 1208 643 1209 699 1209 699 1208 699 1208 732 1200 762 1207 763 1207 810 1206 810 1206 831 1197 836 1197 917 1199 917 1199 958 1194 958 1184 955 1160 375 1167 376 1191"/></Shape>
            <String CONTENT="rerum earum, etiam cõceſſarum, detractione ſæ" HPOS="375.0" VPOS="1160.0" WIDTH="583.0" HEIGHT="50.0" WC="0.9870975250783174"/>
          </TextLine>
        </TextBlock>
        <TextBlock HPOS="920.3934326171875" VPOS="1195.076171875" WIDTH="40.97576904296875" HEIGHT="39.4405517578125" ID="block_7" TAGREFS="BT17">
          <Shape><Polygon POINTS="920.393 1195.08 961.369 1195.08 961.369 1234.52 920.393 1234.52 920.393 1195.08"/></Shape>
          <TextLine ID="line_36" TAGREFS="LT8" BASELINE="930 1219 954 1217" HPOS="927.0" VPOS="1191.0" WIDTH="27.0" HEIGHT="43.0">
            <Shape><Polygon POINTS="930 1219 930 1234 954 1232 954 1217 951 1191 927 1191 930 1219"/></Shape>
            <String CONTENT="pè" HPOS="927.0" VPOS="1191.0" WIDTH="27.0" HEIGHT="43.0" WC="0.9879477024078369"/>
          </TextLine>
        </TextBlock>
      </PrintSpace>
    </Page>
  </Layout>
</alto>
