1000 1448
233.0 73.0 209.0 43.0 CAPVT. VI.

595.0 69.0 40.0 48.0 487

98.0 144.0 547.0 43.0 Præterea obſtat huic loco, quòd omnino ſe¬

68.0 176.0 578.0 45.0 qui inde neceſſe eſt, ſi vera ſit hæc ſentẽtia, nimi¬

68.0 209.0 578.0 46.0 rũ Deũ, qui eſt maieſtas illa infinita, certo tamẽ

68.0 242.0 581.0 43.0 loco contineri, & concludi, quia dicit Paulus eũ

67.0 275.0 583.0 44.0 ὀικεῖν, id eſt, habitare, at que lucem quidem. Quod

69.0 307.0 578.0 41.0 ſentire planè eſt blaſphemum. Hoc etiam argu¬

69.0 338.0 580.0 43.0 mentum ſenſit Chryſoſt. cuius veriſſima eſt hæc

69.0 371.0 580.0 43.0 reſponſio, nimirum de Deo iſta dici ex noſtræ

70.0 403.0 578.0 47.0 cognitionis imbecillitatis ſẽſu, & modo per ἀνθρο

72.0 437.0 579.0 40.0 ποπάθειάν quandã. Neque enim, quantumuis ni¬

71.0 469.0 580.0 45.0 tatur humanum ingenium, quicquam ſatis ma¬

73.0 501.0 579.0 46.0 gnificè & dignè de Dei maieſtate vel concipere

74.0 533.0 578.0 47.0 vnquam vel dicere poteſt. Ergo propoſita in ſu¬

74.0 566.0 579.0 44.0 periori epitheto Dei maieſtate, nunc ipſius ſoliũ

74.0 597.0 579.0 42.0 lucidiſſimum & ſplendidiſſimun deſcribit, vt

76.0 631.0 576.0 44.0 vndique effulgeat nobis auguſta, ex omni parte

75.0 663.0 575.0 42.0 ſacroſancta, & veneranda Dei illa gloria animis

76.0 695.0 577.0 43.0 noſtris obuerſetur, & ſplendeat. Ex quo fit, vt &

76.0 729.0 577.0 43.0 lucis & ſedendi voces hoc loco fint metaphori¬

78.0 763.0 574.0 42.0 cæ, non autem natiua & primæua ſignificatione

76.0 794.0 578.0 44.0 ſumendæ. Nec enim, vt præclarè docet etiam

77.0 826.0 577.0 43.0 hunc locum explicans Auguſt.in Pſal.33. & in e¬

78.0 857.0 575.0 46.0 piſt. ad Italicam Deus loco comprehendi vllo

79.0 896.0 575.0 41.0 poroiaueciriniodo, qui locum omnem ipſe ſu¬

79.0 925.0 576.0 45.0 perat, capit & excedit. Ex eo autem, quod ad li¬

79.0 954.0 575.0 45.0 teram, vt aiunt, hic locus, ac quidam ſimiles alij

80.0 987.0 577.0 41.0 accepti ſunt, inſulſum & planè puerile commen¬

81.0 1020.0 577.0 44.0 tum ſuum de loco, vbi Deus tanquam in receſſu

82.0 1053.0 572.0 44.0 & ſpecu quadam abditiſsima habitet, finxit atq;

83.0 1086.0 335.0 42.0 excudit impius Mahumetes.

117.0 1114.0 544.0 46.0 Neque etiam hîc quærendum eſt, vtrum lux

86.0 1150.0 575.0 51.0 illa, in qua Deus, qui eſt æternus, habitare dici¬

479.0 1181.0 79.0 49.0 H.iiij.

69.0 111.0 512.0 45.0 loci cum hac Pauli ſententia non pugnant.
