1000 1448
251.0 98.0 197.0 18.0 CAEVTVI

605.0 80.0 43.0 43.0 437

78.0 113.0 576.0 46.0 mit, quas opes ſemper habet ſecum pietas, &

77.0 150.0 576.0 41.0 quibus nunquam priuantur pij. Quæ ſint autem

78.0 182.0 576.0 39.0 veræ Chriſtianorum opes vide Auguſt. lib.1. de

78.0 213.0 576.0 42.0 Ciuitate Dei cap.19. Quare genus ipſum diuitia¬

78.0 245.0 579.0 43.0 rum, quas affert pietas, & de quibus intelligit hoc

78.0 278.0 576.0 39.0 Paulus, totam ſuperiorem quæſtionem aliâs in¬

80.0 310.0 572.0 38.0 explicabilem & implacabilem ſoluit & dirimit.

79.0 343.0 576.0 42.0 Eſt enim hoc genus diuerſum à terrenis corpo¬

78.0 374.0 578.0 43.0 reíſque opibus. Quanquam & eas ipſas habent

80.0 407.0 575.0 44.0 pij, quantum Dominus ipſis expedire nouit. Ha¬

79.0 440.0 575.0 37.0 bet enim fides promiſsiones vitæ tum futuræ, tũ

79.0 472.0 578.0 42.0 etiam præſentis, vt ſupra dictum eſt cap.4.V.8.

111.0 503.0 547.0 43.0 Cur autem quæſtus magnuſque prouentus ſit

79.0 535.0 581.0 43.0 pietas, ratio eſt, quòd Dei hæredes, Chriſti autẽ

80.0 567.0 578.0 42.0 cohæredes nos facit. Rom. 8.v. 17. Eſt enim no¬

80.0 600.0 579.0 38.0 ſtræ adoptionis in numerum filiorum Dei certiſ¬

80.0 632.0 578.0 41.0 ſimus fructus & effectus. Nulli enim vetè Deum

81.0 665.0 577.0 38.0 timent, nulli verè colunt, niſi qui verè ipſius ſunt

81.0 698.0 578.0 42.0 filij. Ij autem ſunt pij. Oſtendit igitur pietas nos

83.0 728.0 574.0 45.0 eſſe & Chriſti ipſius & donorum Chriſti partici¬

82.0 763.0 579.0 41.0 pes. Nam in Chriſto inſunt omnes cæleſtes &

81.0 793.0 577.0 46.0 ſpirituales ſalutaréſque theſauri, vt docet Paul.

82.0 826.0 580.0 44.0 Coloſſ.2. verſ.3. Quare ditiſsimos fideles efficit

82.0 858.0 577.0 45.0 ac eſſe arguit pietas. Ex quo fit, vt fideles à Iaco¬

83.0 892.0 578.0 42.0 bo cap. 2.verſ.5. Πλόσινι, id eſt, diuites appellen¬

83.0 925.0 578.0 39.0 tur. Et præclarè Ambroſius epiſtola 1o. Omnes

85.0 955.0 575.0 43.0 Chriſtianos aduerſus profanorum ſannas & ſa¬

86.0 987.0 577.0 44.0 pientes & diuites eſſe contendit. Id quod etiam

86.0 1020.0 577.0 41.0 Pſalm. 112. verſ.3.5. confirmatur, quanuis fortaſſe

87.0 1052.0 577.0 44.0 id ipſum multis de terrenis opibus cogitantibus

89.0 1084.0 575.0 43.0 videbitur οάδοξον & ἀτοπον. Sed tamen eſt ve¬

88.0 1117.0 574.0 43.0 riſsimum, ſi quo ſenſu dicitur, intelligatur, id eſt,

89.0 1150.0 575.0 49.0 de cæleſtibus diuitijs. Adiungit autem huic

489.0 1180.0 86.0 53.0 E.iii.
