1000 1448
359.0 104.0 88.0 31.0 408.

465.0 89.0 378.0 38.0 AD I. PAVL. DA TIM.

353.0 121.0 577.0 45.0 voce etiam ſup. cap.5.verſ.21.vſus eſt, etſi maieſta¬

353.0 156.0 579.0 46.0 tem Dei vtraque phraſis declarat, & deſignat.

355.0 190.0 577.0 44.0 Denuntians ea, in quibus omnem negligentiæ,

353.0 222.0 579.0 45.0 ignorationiſue excuſationem hominibus adem¬

356.0 255.0 577.0 45.0 ptam eſſe volumus, quaſi eos commonefacia¬

355.0 287.0 577.0 42.0 mus prius iam ſatis edoctos fuiſſe, & nunc de

355.0 319.0 576.0 47.0 pœna negligentiæ ſeriò metuendum cogitan¬

355.0 352.0 578.0 42.0 dúmque illis eſſe. Obteſtamur, cùm noſtrum

354.0 384.0 577.0 44.0 officium & operam fideliter præſtitam eſſe ſi¬

355.0 424.0 576.0 37.0 giiiieamtis, de quo etiant Deum teſtem inuoca¬

356.0 449.0 576.0 40.0 mus. Itaque denuntiatio ad ipſos homines diri¬

356.0 482.0 575.0 47.0 gitur, eóſque intuetur. Obteſtatio propriè Deum

359.0 518.0 174.0 41.0 quem ſpectat.

386.0 545.0 544.0 44.0 Coram Deo) Dei nomine Patrem hîc intelligi,

357.0 580.0 576.0 41.0 vti alibi ſæpe in ſcriptura, certiſſimum eſt, & ex

355.0 611.0 577.0 43.0 his verbis apparet quæ mox ſequũtur Jeſu Chriſto

357.0 643.0 575.0 43.0 Sic paſſim in epiſtolis Paulus accipit, præſertim

353.0 676.0 579.0 40.0 in ipſarum ὀιγραραῖς, vti in hac ipſa, & Tit.1. Ex

356.0 708.0 576.0 42.0 quo fit, vt rectè ſit annotatum Dei vocabulum

358.0 741.0 575.0 37.0 quanquam propriè ad naturam ipſam diuinam

356.0 774.0 577.0 36.0 ſignificandam repertum eſt: vt vox hæc, homo

357.0 806.0 575.0 37.0 ad humanam:tamen ſæpe eſſentialiter, ſæpe per¬

357.0 838.0 576.0 38.0 ſonaliter ſumi Eſſentialiter igitur acceptum tri¬

357.0 870.0 576.0 39.0 bus perſonis ſanctæ Trinitatis æquè competit,

357.0 902.0 576.0 38.0 eáſque generaliter cõplectitur. Perſonaliter au¬

356.0 935.0 576.0 41.0 tem poſitum eam tantùm Trinitatis perſonam

358.0 968.0 576.0 42.0 propriè deſignat, quam & locus & argumentum

357.0 999.0 576.0 40.0 & res, de qua agitur, oſtendit intelligendam. Sæ¬

358.0 1032.0 575.0 41.0 peigitur Patrem ſignificat, vt hîc:ſæpe filium vt

356.0 1063.0 577.0 37.0 cùm dicitur Deus apparuit Abrahamo Geneſ.

357.0 1095.0 576.0 38.0 18.verſ.1.item vocatus Abraham auſcultauit Deo

357.0 1128.0 576.0 37.0 Hebr.11.verſ.8. Sæpe Spiritum ſanctum, vt cùm

356.0 1160.0 576.0 49.0 dicitur Deus loquutus per Prophetas Hebr.I.v.

831.0 1192.0 104.0 46.0 1.Actor.
