1000 1448
241.0 103.0 210.0 24.0 CABVN III.

587.0 86.0 53.0 40.0 169

65.0 121.0 576.0 45.0 qua omnia ἀτάκτως fieri & tempore & loco

63.0 156.0 575.0 45.0 neceſſe eſt. At ijdem excipiunt diſciplinam Ec¬

65.0 188.0 577.0 46.0 cleſiaſticam eſſe mutabilẽ. Reſp. Diſtinguendũ

64.0 222.0 577.0 45.0 eſſe. Quedã enim eſſe in ea Eſſentialia, aio, quæ¬

64.0 254.0 577.0 42.0 dã Accidẽtalia. Eſſentialia ſunt omnia, quæ & de

65.0 285.0 576.0 46.0 electione & de munere perſonarum Eccleſiaſti¬

65.0 318.0 576.0 44.0 carum hîc traduntur, quia cùm hæc ſint publica

65.0 349.0 576.0 47.0 Eccleſiæ munera, electio in ijs omnino neceſſa¬

66.0 384.0 576.0 42.0 ria eſt. Et cùm hæc ſint munera, officia & munia

69.0 414.0 575.0 46.0 quædã habent, quibus definiũtur, vti paſtoris Ec¬

66.0 448.0 576.0 45.0 cleſiaſtici eſt aſſiduè verbo Dei paſcere gregem

66.0 484.0 577.0 40.0 ſuum: ſuper eo vigilare, & morum vitæque illius

65.0 510.0 579.0 48.0 habere curam. Preſbyterorum & Seniorum eſt

66.0 544.0 576.0 46.0 attendere gregi Domini, ne hæreſes vel vitia ob¬

68.0 576.0 516.0 46.0 repant in Eccleſia, ſiue apertè, ſiue ſenſim.

100.0 608.0 542.0 46.0 Accidentalia ſunt, quæ ad particularem earum

66.0 642.0 577.0 44.0 rerum modum ſeruandum, formámque aliquam

67.0 673.0 576.0 46.0 conſtituendam, & cuiuſque populi commodita¬

66.0 707.0 577.0 44.0 tis rationem habendam pertinent: veluti, quoties

66.0 738.0 580.0 44.0 in hebdomade ſit Epiſcopo concionandum: qui¬

67.0 773.0 576.0 42.0 bus diebus, qua hora, quot locis, & cætera quæ

66.0 802.0 576.0 44.0 ſunt huiuſmodi. Sed quæ præſcribit hîc Paulus

66.0 835.0 577.0 45.0 ſunt eſſentialia. Quare hæc à nulla Eccleſia, ſine

67.0 868.0 576.0 45.0 piaculo prętermitti poſſunt: niſi domũ Dei verè

66.0 903.0 588.0 42.0 domum confuſionis facere velimus. Nec vlla vl¬

65.0 931.0 579.0 46.0 lius regni vel reipublicæ commoditas, vtilitáſque

67.0 964.0 576.0 43.0 aliud ſuadere, aut inducere nos debet, vt ab his

67.0 996.0 576.0 44.0 Pauli, id eſt, Dei Spiritus præceptis recedamus:

65.0 1030.0 580.0 42.0 aliàque vel Epiſcoporum, vel Diaconorum mu¬

64.0 1061.0 577.0 45.0 nera faciamus. Sed nec Synodi quidem ipſæ

65.0 1094.0 575.0 43.0 ſunt audiendæ, ſi ab his Pauli regulis diſcedunt,

66.0 1125.0 576.0 47.0 quia à Dei verbo in Eccleſia Dei regenda, illiúſ¬

65.0 1160.0 577.0 61.0 que politia conſtituenda diſcedunt. Quod eſt ne¬

59.0 1195.0 50.0 43.0 ſas.
