1000 1448
259.0 111.0 201.0 25.0 CAPVT III.

67.0 130.0 601.0 44.0 neque per ſe ſuum eſſe habet: neque extra Dei

69.0 168.0 580.0 39.0 verbum, neque ſeorſim & ſeparatim eſt illa hu¬

69.0 201.0 578.0 40.0 manitas: ſed verbi Dei humanitas, & in Dei tan¬

69.0 233.0 581.0 39.0 tùm verbo habens ſuum exiſtere, non per ſe &

66.0 264.0 584.0 42.0 ſeorſim, vt humanitas Petri & Pauli & mea. Qua¬

67.0 297.0 590.0 38.0 re hîc reuocamur ad myſterium illud auguſtum

67.0 332.0 579.0 40.0 incarnationis Chriſti, per quam σωματικῶς, id eſt,

69.0 363.0 580.0 42.0 υὐ̔ποςατικῶς & ad ἐνὸς ὔφιςαμέντν ἐπόρασιν vtraque illa

66.0 394.0 582.0 42.0 natura coniuncta eſt, inconfuſas tamen proprie¬

65.0 427.0 581.0 41.0 tates ſuas retinens & conſeruans. Quare duæ na¬

65.0 460.0 585.0 39.0 turæ ſunt hîc nobis propoſitæ Deus & caro, id

65.0 493.0 585.0 41.0 eſt, Deus verus & verus homo, & vtriuſque vnio

66.0 526.0 583.0 41.0 & coniunctio tamen, cùm Deus manifeſtatus per

65.0 557.0 584.0 39.0 carnem dicitur. Si enim maneret ſeparatum ver¬

66.0 589.0 583.0 39.0 bum ab humana natura & carne, vel ſi caro ſeor¬

65.0 622.0 580.0 40.0 ſim à verbo exiſteret, tanquam duæ quædam

67.0 654.0 579.0 41.0 diuerſæ perſonæ (quod ſenſit impius Neſtorius)

68.0 686.0 578.0 42.0 mentiretur, & falſò diceret Paulus, Deum in car¬

66.0 718.0 580.0 39.0 ne nobis eſſe manifeſtatum. Si eſſet confuſa &

66.0 751.0 579.0 42.0 abſorpta caro, id eſt, humana natura aſſumpta à

66.0 785.0 580.0 41.0 diuina aſſumente, vt voluit blaſphemus ille Euty¬

65.0 818.0 581.0 41.0 ches, falſò quoque diſtingueretur, ac comme¬

65.0 851.0 582.0 41.0 moraretur hîc vtraque natura. Si vnica tantùm

65.0 883.0 583.0 40.0 in Chriſto natura, falſò etiam diceretur idem

66.0 914.0 581.0 43.0 Chriſtus Deus & caro. Hoc igitur ſtupendum eſt

66.0 947.0 580.0 42.0 quòd cùm toto genere Deus & caro diſſideant,

68.0 979.0 577.0 45.0 vtraque tamen natura in vnicam Chriſti perſo¬

66.0 1016.0 579.0 37.0 nam coaluerit, & vnica ſit per incarnationem.

67.0 1044.0 576.0 44.0 Sed & illud quoque eſt hoc loco obſeruandum,

66.0 1076.0 577.0 42.0 Paulum vti ea ratione dicendi, per quam de na¬

66.0 1108.0 580.0 43.0 turis loquitur in concreto, vt Dialecticorũ ſcho¬

63.0 1142.0 584.0 41.0 læ vocant, Deus, inquiens, eſt manifeſtatus: non

473.0 1214.0 66.0 50.0 mij

63.0 1174.0 586.0 47.0 autem in abſtracto ſic, diuinitas eſt manifeſtata.
