1000 1448
468.0 82.0 386.0 49.0 AD I. PAVL. AD TIM.

363.0 103.0 52.0 28.0 112

361.0 115.0 583.0 59.0 ſtoria extat apud Sozom. lib. 1. cap.23 quicquid

367.0 152.0 575.0 50.0 Torrenſis contrà debacchetur. Nam Theodorus

362.0 189.0 580.0 49.0 Beza in lib. de Polygamia ipſa Synodi Nicenæ

363.0 221.0 580.0 47.0 verba Græca recitauit ex veteri codice Græco ex

364.0 250.0 581.0 54.0 cerpta, & illius ipſius rei fit mentio in ipſo De¬

364.0 283.0 582.0 50.0 dereto cano Nicena diſtinct.31. vt mirum ſit fuiſ¬

363.0 315.0 582.0 54.0 ſe tam impudentes quoſdam vt id negent. Et no¬

364.0 349.0 581.0 51.0 ſtro ſeculo ad fratrum Boemorum interrogatio¬

364.0 380.0 582.0 55.0 nes de eà re (obſeruant enim illi in ſuis Miniſtris

365.0 413.0 582.0 55.0 cœlibatum) quod eſſet ſuum iudicium ſcripſit re¬

366.0 453.0 357.0 47.0 ſponditque D. Cal. epiſt. 339.

400.0 477.0 550.0 53.0 Cogi quidem vxores ducere non debent ex

366.0 511.0 585.0 52.0 hoc Pauli loco Epiſcopi, ſed neque prohiberi

369.0 549.0 581.0 47.0 ponunt. Pibe emm cotuin eit planè liberum &

366.0 576.0 584.0 51.0 ἐδίάφορον. Vnde neceſſitas aut lex in neutrã par¬

369.0 608.0 581.0 49.0 tem ſtatui debet & induci. Nam etiam Eunu¬

369.0 641.0 580.0 53.0 chus Epiſcopus eligi poteſt: Euſebius lib. 7. cap¬

371.0 676.0 481.0 49.0 32.qui certè vxorem ducere non poteſt.

405.0 704.0 546.0 54.0 Quibus verò gradibus ad hanc tandem Con¬

371.0 736.0 582.0 56.0 iugij prohibitionem, vel potius profanationẽ in

374.0 776.0 442.0 46.0 Eccleſia ventum ſit, iam explicemus.

403.0 802.0 551.0 49.0 Primùm igitur coniugatos Miniſtros æquè &

373.0 835.0 581.0 53.0 promiſcuè, atque cœlibes habuit vetus Dei Ec¬

373.0 867.0 581.0 50.0 cleſia, & benè inſtituta. Id quod durauit diutiſſi¬

375.0 899.0 579.0 51.0 mè, quãdo etiam Gregorius Nyſſenus, vt ait Ni¬

376.0 943.0 284.0 36.0 cephorus, fuit vxoratus.

408.0 963.0 549.0 52.0 Poſtea verò aliud, tum in Ordinandis in mini¬

377.0 998.0 581.0 50.0 ſterium, tum in Ordinatis receptum eſt. Ac Or¬

377.0 1032.0 582.0 48.0 dinati iam Epiſcopi, qui erant coniuges, vxores

377.0 1063.0 584.0 51.0 ſuas retinebant, iiſque vti poterant, neque id etiã

378.0 1094.0 584.0 50.0 obſtabat eorum miniſterio exercendo & muneri

379.0 1127.0 583.0 50.0 Socrat. lib.5. cap. 22. cano. de Syracuſanæ 5 Siue

379.0 1157.0 583.0 60.0 ergo diſtinct.28. cano. Apoſtolorum 5 & ita Gã¬

882.0 1191.0 81.0 46.0 grenſi
