1000 1448
389.0 94.0 67.0 20.0 310

482.0 83.0 380.0 34.0 AD l. TAVL. AD TIM.

379.0 106.0 574.0 50.0 te, vt nulla ex parte ſibi ſuóque muneri deſint,

380.0 143.0 575.0 46.0 nec quenquam vel vita vel negligentia offendant

378.0 186.0 576.0 35.0 demque viuant ireprenenſibiles, vt loquutus eſt

378.0 205.0 164.0 37.0 ſup. 5.verſ.22.

409.0 238.0 541.0 49.0 Ergo verba hæc ſic interpretor, vt ad ipſum

381.0 270.0 570.0 46.0 Timotheum referantur: non ad mandatum, etſi

375.0 304.0 576.0 43.0 tamen id patitur ratio Grammatices. Poſtea vo¬

376.0 337.0 576.0 48.0 cem ἀπιλον refero ad leuiora delicta: vocem autẽ

374.0 378.0 577.0 40.0 ανέπληπιιον ad grauiora peceata, quæ & ſcelera &

374.0 401.0 575.0 51.0 crimina nominantur, vt apparet ex cap.3.huius e¬

375.0 431.0 102.0 43.0 piſtolæ.

403.0 464.0 546.0 50.0 Vſque ad illuſtrem) Docet tertio loco, quàm

373.0 499.0 577.0 48.0 conſtanter in tota ſuperiori doctrina ipſóq; ſuo

372.0 537.0 578.0 39.0 munere fit & omnibus Chriſtianis & paſtoribus

370.0 564.0 580.0 44.0 perſeuerandum. Nimirum vſque ad ſecundum

370.0 594.0 579.0 49.0 Chriſti aduentum, quem Jllustrem appellat. Si¬

368.0 627.0 522.0 48.0 milis locus Tit.3.verſ.13.1.Theſſ.2. verſ.19.

399.0 662.0 551.0 44.0 Eſt autem huius ſententiæ & conſolationis v¬

366.0 692.0 584.0 46.0 ſus duplex. Primus quidem aduerſus ignauiam

364.0 727.0 584.0 45.0 noſtram, ne fathiſca mus, aut deficiamus lõgi aſſi¬

366.0 757.0 582.0 48.0 duíque laboris pertæſi, quaſi nimium diu nos ex¬

366.0 797.0 580.0 39.0 erceat & in certamine retineat Deus. Secundus

365.0 822.0 581.0 48.0 autem vſus eſt aduerſus impatientiam, ne Deum

364.0 856.0 581.0 45.0 exiſtimemus vel mentitum: vel diutius, quàm par

364.0 886.0 579.0 48.0 ſit, promiſſorum ſuorum implementum differre.

365.0 918.0 580.0 49.0 Nec enim prius certandi finis erit, quàm Chri¬

362.0 950.0 551.0 47.0 ſtus aduenerit iudex vîuorum & mortuorum.

395.0 983.0 548.0 45.0 Appellat autem hunc Chriſti aduentum E’π¬

361.0 1048.0 581.0 45.0 miſeræ illi conditioni, qua nunc premimur Deo

364.0 1080.0 578.0 44.0 vero ſeruientes, opponamus: tum vt hac cogita¬

362.0 1112.0 580.0 48.0 tione omnes afflictiones quas pro Chriſti nomi¬

362.0 1144.0 580.0 55.0 ne pati hîc neceſſe eſt, lubenter deuoremus, in i¬

876.0 1187.0 66.0 47.0 pſius
