1000 1448
476.0 85.0 382.0 40.0 AD I. PAVL. AD TIM.

368.0 100.0 12.0 27.0 1

391.0 100.0 14.0 32.0 Q

358.0 115.0 584.0 53.0 ſtores Eccleſiæ à munere tutelæ etiam teſtamen¬

359.0 150.0 583.0 47.0 tariæ, quemadmodum eſt in ipſius Epiſtolis lib.

358.0 184.0 584.0 50.0 1. Epiſtola 9. & poſitum extat in can. Cyprianus

360.0 217.0 582.0 48.0 21.quæſt.3. Itaque ſæpius repetitum eſt in ſyno¬

359.0 247.0 584.0 51.0 dis, ne Epiſcopi, imò verò ne clerici vlli ſecula¬

361.0 283.0 583.0 42.0 rium negotiorum curam adminiſtrationémque

361.0 312.0 582.0 52.0 ſuſciperent aut gererent, veluti Chartaginenſi

365.0 345.0 578.0 51.0 Synodo, quæ conuenit in Hiſpania cap. 6. & eſt

362.0 378.0 582.0 49.0 relatum in canon. Peruenit & ſeq. 21. quæſt.3. Idẽ

361.0 411.0 583.0 49.0 antea fuerat conſtitutum concilio Chartaginen¬

361.0 446.0 585.0 47.0 ſi 4.cap.15. Adeò vt ne vel tanquam arbiter vel

362.0 477.0 583.0 47.0 iudex de huiuſmodi negotiis cognoſcere per¬

363.0 512.0 583.0 43.0 mitteretur, vt ex veteri quadam Clementis epi¬

362.0 539.0 584.0 50.0 ſtola (ſi modò eius eſt) colligunt Canoniſtæ in

362.0 572.0 584.0 51.0 cano. Te quidem II. quæſt.1. Artificio tamen ali¬

363.0 607.0 582.0 46.0 quo ſibi victum quærere non prohibetur Paſtor,

363.0 641.0 587.0 48.0 ſi ſuo quoq; muneri ſupereſſe poteſt, & propterea

363.0 671.0 586.0 41.0 non abducatur. Otioſos enim eos eſſe vetant ca¬

364.0 702.0 584.0 49.0 nones concil. Chartag.4. cap. 49. & ſi vide diſtin.

366.0 741.0 582.0 44.0 91. per totum. Quanquam propterea neque Ana¬

366.0 769.0 582.0 46.0 baptiſtarum errorẽ, neque aliorum phanaticorũ

365.0 801.0 584.0 46.0 deliriũ probo, qui Apoſtolos quicquã proprium

366.0 833.0 580.0 46.0 habuiſſe aut poſſediſſe negant. Itaque ſtipendia à

366.0 866.0 583.0 47.0 paſtoribus Eccleſiæ peti ſana cõſcientia poſſe ne¬

367.0 896.0 581.0 49.0 gant, illíſque res ſoli etiã patrimoniales adimunt.

399.0 928.0 549.0 47.0 Sed hic error fuit quòd Eccleſię tẽporalia bo¬

366.0 962.0 583.0 47.0 na, ingentia illa quidem & plena litium immen¬

366.0 995.0 582.0 45.0 ſáſque poſſeſſiones curare, & adminiſtrare poſſe

365.0 1026.0 583.0 47.0 crediderunt Epiſcopos & clericos, quia ad Ec¬

366.0 1061.0 582.0 45.0 cleſiæ quæſtum & commodum ea cura pertine¬

366.0 1091.0 581.0 48.0 bat, id eſt ad paucorum hominum, qui ſe clericos

364.0 1124.0 585.0 48.0 dicebant, alimenta, & quorundã templorum cõ¬

362.0 1157.0 587.0 66.0 modum, cùm tamen ijs ipſis agendis magis à le¬

857.0 1190.0 88.0 63.0 ctione
