1000 1448
212.0 100.0 202.0 20.0 CAPVT. VI

567.0 79.0 46.0 47.0 463

87.0 114.0 531.0 43.0 Neque verò Timotheum, aut alios paſto¬

37.0 151.0 579.0 38.0 res ad has virtutes exhortatur, tanquam illis

36.0 185.0 580.0 41.0 catuerit, aut tanquam paſtores his vacui eli¬

38.0 217.0 578.0 42.0 gi in paſtores debeant: ſed vt in ijs quotidie

38.0 249.0 579.0 43.0 proficiant progreſsúſque faciant maiores, quem¬

37.0 282.0 580.0 42.0 admodum ſuo exemplo docet faciendum Paulus

37.0 312.0 581.0 45.0 Philip.3.verſ.12. & 14. Nam, vt ait Chryſoſt. tum

37.0 351.0 581.0 39.0 neglentiam, tum etiam arrogantiam parit per¬

38.0 379.0 510.0 44.0 ſuaſio illa noſtræ ὀυταρκείας & perfectionis.

79.0 432.0 540.0 47.0 12 Decerta præclarum certamen fidei:

40.0 477.0 577.0 40.0 apprenende vitam aternam, cuius cauſa &

41.0 505.0 579.0 51.0 vocatus es, & profeſſus præclaram profeſsio¬

40.0 547.0 364.0 44.0 nem coram multis testibus.

78.0 599.0 543.0 45.0 Αʹὐξνσις eſt. Docet enim non tantùm has vir¬

41.0 633.0 581.0 45.0 tutes perſequendas: ſed pro ijs etiam nobis eſſe

41.0 666.0 581.0 44.0 certandum & ſæpe quidem durum certamen. Et

43.0 699.0 579.0 45.0 quia audita certaminis voce, & facta difficultatis

43.0 733.0 578.0 42.0 mentione ſæpe homines vel tepent, vel torpent,

46.0 765.0 576.0 38.0 vel iter reflectunt, & prorſus à bono ſuſcepto

44.0 796.0 579.0 43.0 deſiſtunt, idcirco calcar addidit Spiritus ſanctus

47.0 831.0 577.0 36.0 vt alacriores ad illud certamen accedamus, il¬

45.0 861.0 578.0 42.0 lúdque ineamus. Eſt autem triplex conſolationis

45.0 895.0 580.0 39.0 hîc propoſitæ locus, nẽpe à fœlici ſucceſſu. Bonũ

45.0 928.0 578.0 44.0 ait, à fine & premio fœliciſſimo illi propoſito, vi¬

46.0 958.0 580.0 44.0 tam æternã: & ab Honeſto vel officio, confeſſus

48.0 991.0 577.0 42.0 bonam confeſsionem. Nihil autem hîc alijs præ¬

47.0 1023.0 577.0 48.0 ſcribit Paulus, quod ipſe reipſa non præſtiterit,

49.0 1057.0 582.0 44.0 vt teſtatur 2. Timoth. 4. verſ.7. & quod reliqui

49.0 1090.0 577.0 43.0 fideles Dei ſerui non ſubierint, vt apparet ex eo¬

48.0 1122.0 580.0 46.0 rum Martyrio. Quale illud eſt Polycarpi, qui ſe

48.0 1156.0 578.0 48.0 tanquam optimum Domini granum & frumen¬
