<?xml version='1.0' encoding='UTF-8'?>
<alto xmlns:xsi="http://www.w3.org/2001/XMLSchema-instance" xmlns="http://www.loc.gov/standards/alto/ns-v4#" xsi:schemaLocation="http://www.loc.gov/standards/alto/ns-v4# http://www.loc.gov/standards/alto/v4/alto-4-2.xsd">
  <Description>
    <MeasurementUnit>pixel</MeasurementUnit>
    <sourceImageInformation>
      <fileName>2013173.jpeg</fileName>
    </sourceImageInformation>
  </Description>
  <Tags>
    <OtherTag ID="BT7" LABEL="CustomZone" DESCRIPTION="block type CustomZone"/><OtherTag ID="BT8" LABEL="DamageZone" DESCRIPTION="block type DamageZone"/><OtherTag ID="BT9" LABEL="DigitizationArtefactZone" DESCRIPTION="block type DigitizationArtefactZone"/><OtherTag ID="BT10" LABEL="DropCapitalZone" DESCRIPTION="block type DropCapitalZone"/><OtherTag ID="BT11" LABEL="GraphicZone" DESCRIPTION="block type GraphicZone"/><OtherTag ID="BT12" LABEL="MainZone" DESCRIPTION="block type MainZone"/><OtherTag ID="BT13" LABEL="MarginTextZone" DESCRIPTION="block type MarginTextZone"/><OtherTag ID="BT14" LABEL="MusicZone" DESCRIPTION="block type MusicZone"/><OtherTag ID="BT15" LABEL="NumberingZone" DESCRIPTION="block type NumberingZone"/><OtherTag ID="BT17" LABEL="QuireMarksZone" DESCRIPTION="block type QuireMarksZone"/><OtherTag ID="BT18" LABEL="RunningTitleZone" DESCRIPTION="block type RunningTitleZone"/><OtherTag ID="BT19" LABEL="SealZone" DESCRIPTION="block type SealZone"/><OtherTag ID="BT20" LABEL="StampZone" DESCRIPTION="block type StampZone"/><OtherTag ID="BT21" LABEL="TableZone" DESCRIPTION="block type TableZone"/><OtherTag ID="BT22" LABEL="TitlePageZone" DESCRIPTION="block type TitlePageZone"/><OtherTag ID="BT3407" LABEL="MainZone-Continued" DESCRIPTION="block type MainZone-Continued"/><OtherTag ID="BT3408" LABEL="MainZone-P" DESCRIPTION="block type MainZone-P"/><OtherTag ID="BT3409" LABEL="MainZone-Head" DESCRIPTION="block type MainZone-Head"/><OtherTag ID="BT3410" LABEL="MainZone-Other" DESCRIPTION="block type MainZone-Other"/><OtherTag ID="BT3411" LABEL="MainZone-Sp" DESCRIPTION="block type MainZone-Sp"/><OtherTag ID="BT3417" LABEL="MainZone-Sp-Continued" DESCRIPTION="block type MainZone-Sp-Continued"/><OtherTag ID="BT3418" LABEL="GraphicZone-Decoration" DESCRIPTION="block type GraphicZone-Decoration"/><OtherTag ID="BT3419" LABEL="MainZone-Entry" DESCRIPTION="block type MainZone-Entry"/><OtherTag ID="BT3420" LABEL="MainZone-Lg" DESCRIPTION="block type MainZone-Lg"/><OtherTag ID="BT3421" LABEL="MainZone-Entry-Continued" DESCRIPTION="block type MainZone-Entry-Continued"/><OtherTag ID="BT3422" LABEL="MarginTextZone-ManuscriptAddendum" DESCRIPTION="block type MarginTextZone-ManuscriptAddendum"/><OtherTag ID="BT3423" LABEL="MainZone-List" DESCRIPTION="block type MainZone-List"/>
    <OtherTag ID="LT7" LABEL="CustomLine" DESCRIPTION="line type CustomLine"/><OtherTag ID="LT8" LABEL="DefaultLine" DESCRIPTION="line type DefaultLine"/><OtherTag ID="LT9" LABEL="DropCapitalLine" DESCRIPTION="line type DropCapitalLine"/><OtherTag ID="LT10" LABEL="HeadingLine" DESCRIPTION="line type HeadingLine"/><OtherTag ID="LT11" LABEL="InterlinearLine" DESCRIPTION="line type InterlinearLine"/><OtherTag ID="LT12" LABEL="MusicLine" DESCRIPTION="line type MusicLine"/>
  </Tags>
  <Layout>
    <Page WIDTH="1000" HEIGHT="1448" PHYSICAL_IMG_NR="169" ID="eSc_dummypage_">
      <PrintSpace HPOS="0" VPOS="0" WIDTH="1000" HEIGHT="1448">
        <TextBlock HPOS="266.62152099609375" VPOS="94.89207458496094" WIDTH="183.53778076171875" HEIGHT="39.02685546875" ID="block_1" TAGREFS="BT18">
          <Shape><Polygon POINTS="266.622 94.8921 450.159 94.8921 450.159 133.919 266.622 133.919 266.622 94.8921"/></Shape>
          <TextLine ID="line_1" TAGREFS="LT8" BASELINE="269 121 400 121" HPOS="269.0" VPOS="113.0" WIDTH="131.0" HEIGHT="20.0">
            <Shape><Polygon POINTS="398 113 390 113 382 113 374 113 366 113 358 113 349 113 341 113 333 113 325 113 317 113 309 113 301 113 293 113 285 113 277 113 269 113 269 121 269 131 399 133 400 121 400 113 398 113"/></Shape>
            <String CONTENT="CABVT" HPOS="269.0" VPOS="113.0" WIDTH="131.0" HEIGHT="20.0" WC="0.9999763011932373"/>
          </TextLine>
          <TextLine ID="line_2" TAGREFS="LT8" BASELINE="410 122 449 123" HPOS="409.0" VPOS="113.0" WIDTH="40.0" HEIGHT="21.0">
            <Shape><Polygon POINTS="442 113 434 113 426 113 418 113 410 113 410 122 409 126 448 134 449 123 448 113 442 113"/></Shape>
            <String CONTENT="Ve" HPOS="409.0" VPOS="113.0" WIDTH="40.0" HEIGHT="21.0" WC="0.9996879696846008"/>
          </TextLine>
        </TextBlock>
        <TextBlock HPOS="596.0076293945312" VPOS="103.70610809326172" WIDTH="50.3465576171875" HEIGHT="32.41602325439453" ID="block_2" TAGREFS="BT15">
          <Shape><Polygon POINTS="596.008 103.706 646.354 103.706 646.354 136.122 596.008 136.122 596.008 103.706"/></Shape>
          <TextLine ID="line_3" TAGREFS="LT8" BASELINE="596 125 646 125" HPOS="596.0" VPOS="97.0" WIDTH="50.0" HEIGHT="34.0">
            <Shape><Polygon POINTS="596 125 596 131 646 131 646 125 646 97 596 97 596 125"/></Shape>
            <String CONTENT="261" HPOS="596.0" VPOS="97.0" WIDTH="50.0" HEIGHT="34.0" WC="0.9999591906865438"/>
          </TextLine>
        </TextBlock>
        <TextBlock HPOS="65.40186309814453" VPOS="140.78573608398438" WIDTH="579.0136032104492" HEIGHT="64.17073059082031" ID="block_3" TAGREFS="BT3407">
          <Shape><Polygon POINTS="65.4019 140.786 644.415 140.786 644.415 204.956 65.4019 204.956 65.4019 140.786"/></Shape>
          <TextLine ID="line_4" TAGREFS="LT8" BASELINE="65 163 645 167" HPOS="64.0" VPOS="148.0" WIDTH="581.0" HEIGHT="33.0">
            <Shape><Polygon POINTS="523 160 515 162 507 162 499 162 491 162 483 162 475 162 467 162 459 162 451 162 443 162 435 162 427 162 419 162 411 162 403 162 395 162 386 162 378 162 370 162 362 162 354 162 346 162 338 162 330 162 322 162 314 162 306 162 298 162 290 162 282 162 274 162 266 162 258 162 250 162 242 162 234 162 226 162 218 162 209 162 201 162 193 162 185 162 177 162 169 162 161 162 153 162 145 162 137 162 129 162 121 162 113 162 105 162 97 162 89 162 81 162 73 162 65 162 65 163 64 171 107 176 108 176 161 172 167 172 169 172 188 176 189 176 189 176 190 176 204 172 336 172 350 178 351 178 352 178 392 173 393 173 412 179 413 179 414 179 465 176 533 180 534 181 596 181 596 180 596 180 597 180 603 175 620 180 621 180 621 180 644 174 645 167 644 148 528 148 527 148 526 148 526 148 525 149 523 149 523 160"/></Shape>
            <String CONTENT="cioscereinequu huiuimour pletutis d endritatis ve¬" HPOS="64.0" VPOS="148.0" WIDTH="581.0" HEIGHT="33.0" WC="0.9501544523239136"/>
          </TextLine>
          <TextLine ID="line_5" TAGREFS="LT8" BASELINE="64 196 400 196" HPOS="64.0" VPOS="169.0" WIDTH="336.0" HEIGHT="36.0">
            <Shape><Polygon POINTS="64 196 64 203 399 205 400 196 400 177 358 177 356 176 345 169 345 169 344 169 343 169 342 169 325 175 320 177 267 177 263 173 259 170 259 169 259 169 258 169 257 169 232 173 228 173 226 172 218 169 218 169 217 169 216 169 207 172 197 176 192 172 189 170 189 169 189 169 188 169 176 169 176 169 175 169 174 169 174 170 172 172 166 177 131 177 116 170 114 169 113 169 64 169 64 196"/></Shape>
            <String CONTENT="riſsima officia &amp; exercitia." HPOS="64.0" VPOS="169.0" WIDTH="336.0" HEIGHT="36.0" WC="0.9994435076202665"/>
          </TextLine>
        </TextBlock>
        <TextBlock HPOS="61.32073974609375" VPOS="201.55067443847656" WIDTH="589.2368774414062" HEIGHT="782.1885223388672" ID="block_4" TAGREFS="BT3407">
          <Shape><Polygon POINTS="61.3207 201.551 650.558 201.551 650.558 983.739 61.3207 983.739 61.3207 201.551"/></Shape>
          <TextLine ID="line_6" TAGREFS="LT8" BASELINE="98 228 644 231" HPOS="98.0" VPOS="200.0" WIDTH="546.0" HEIGHT="45.0">
            <Shape><Polygon POINTS="98 228 98 234 136 242 137 242 234 236 262 240 263 240 385 238 392 243 393 243 394 243 395 243 432 239 441 243 442 243 443 243 444 243 457 238 465 243 466 243 467 243 468 243 469 243 484 238 507 244 508 244 509 245 628 245 628 244 629 244 643 238 644 231 643 209 505 201 463 201 462 201 461 201 460 201 456 205 454 206 452 205 448 201 447 201 446 201 445 201 444 201 437 205 436 205 435 205 417 201 416 201 391 205 372 207 362 204 350 201 349 201 331 201 330 201 329 201 329 201 325 204 321 206 307 203 292 201 291 201 290 201 289 201 286 203 281 207 236 207 205 206 198 201 196 200 195 200 194 200 193 200 182 201 156 205 98 201 98 228"/></Shape>
            <String CONTENT="Neque tamen cùm hæc officia à viduis requi¬" HPOS="98.0" VPOS="200.0" WIDTH="546.0" HEIGHT="45.0" WC="0.9795626229710049"/>
          </TextLine>
          <TextLine ID="line_7" TAGREFS="LT8" BASELINE="64 259 646 264" HPOS="63.0" VPOS="232.0" WIDTH="583.0" HEIGHT="43.0">
            <Shape><Polygon POINTS="64 259 63 266 127 271 127 271 128 271 129 271 135 267 147 271 148 271 148 271 256 269 263 273 264 273 265 273 266 273 451 270 460 275 460 275 461 275 550 275 551 275 646 271 646 264 646 243 629 243 628 242 617 236 617 236 616 236 615 236 614 236 600 242 599 242 595 242 543 238 542 238 506 242 503 242 502 242 487 235 486 235 485 235 453 241 436 234 435 234 434 234 400 241 399 241 391 234 390 234 390 234 389 234 362 238 357 234 356 234 355 234 354 234 353 234 331 240 331 241 290 241 288 240 258 233 257 233 169 239 161 239 160 239 149 234 148 234 148 234 122 238 113 232 112 232 111 232 90 232 90 232 64 238 64 259"/></Shape>
            <String CONTENT="rit Paulus, ab iiſdem reliquos homines &amp; mulie¬" HPOS="63.0" VPOS="232.0" WIDTH="583.0" HEIGHT="43.0" WC="0.9911616419224029"/>
          </TextLine>
          <TextLine ID="line_8" TAGREFS="LT8" BASELINE="64 292 643 296" HPOS="64.0" VPOS="267.0" WIDTH="579.0" HEIGHT="45.0">
            <Shape><Polygon POINTS="64 292 64 303 193 303 193 303 202 308 203 308 204 308 230 309 230 309 283 305 299 310 300 310 300 310 301 310 323 304 331 310 332 310 333 310 430 311 431 311 489 304 489 304 501 309 502 309 502 309 535 307 543 312 543 312 544 312 545 312 576 306 611 309 612 309 642 304 643 296 643 277 621 277 621 276 615 271 615 271 614 271 613 271 613 271 612 271 598 276 596 276 594 276 568 271 567 271 567 271 566 271 559 275 558 276 557 275 548 271 547 271 547 271 501 275 489 275 481 275 454 270 399 270 398 270 397 270 390 273 386 275 374 273 349 269 348 269 333 272 323 275 318 272 312 269 311 269 310 269 251 271 181 274 168 270 159 267 158 267 157 267 144 270 126 273 64 269 64 292"/></Shape>
            <String CONTENT="res, veluti coniuges, excuſat: ſed ex comparatio¬" HPOS="64.0" VPOS="267.0" WIDTH="579.0" HEIGHT="45.0" WC="0.9964281685498296"/>
          </TextLine>
          <TextLine ID="line_9" TAGREFS="LT8" BASELINE="65 324 645 329" HPOS="64.0" VPOS="302.0" WIDTH="581.0" HEIGHT="39.0">
            <Shape><Polygon POINTS="65 324 64 333 78 338 79 338 80 338 157 334 160 334 162 334 190 339 191 339 242 335 246 335 247 335 257 340 258 340 259 341 313 341 313 340 314 340 322 336 324 336 328 336 355 341 356 341 395 337 403 337 440 337 443 337 452 341 452 341 453 341 454 341 465 338 467 337 469 338 479 341 480 341 481 341 644 340 645 329 645 310 611 305 610 305 609 305 594 309 593 309 588 304 587 304 586 304 585 304 543 308 530 304 529 304 430 304 429 304 428 304 427 304 423 308 423 308 364 308 360 308 329 302 278 302 277 302 276 302 275 302 268 307 267 307 266 307 247 302 246 302 246 302 211 306 208 306 65 305 65 324"/></Shape>
            <String CONTENT="ne, quæ etiam verſiculo proximo ſequitur, docet," HPOS="64.0" VPOS="302.0" WIDTH="581.0" HEIGHT="39.0" WC="0.992695319155852"/>
          </TextLine>
          <TextLine ID="line_10" TAGREFS="LT8" BASELINE="65 356 641 362" HPOS="65.0" VPOS="331.0" WIDTH="576.0" HEIGHT="43.0">
            <Shape><Polygon POINTS="65 356 65 365 75 370 76 370 77 370 126 370 126 370 127 370 127 370 131 366 133 365 136 366 148 370 148 370 149 371 149 370 150 370 160 366 165 370 166 370 167 370 230 371 230 371 282 368 312 366 320 369 331 372 332 372 333 372 333 372 342 369 348 367 393 367 396 370 399 372 399 372 400 372 401 372 429 370 461 368 469 370 476 374 477 374 477 374 497 371 514 369 530 372 541 374 542 374 543 374 543 374 546 372 551 369 575 372 591 374 592 374 641 373 641 362 640 341 563 341 559 340 552 335 551 335 551 335 550 335 485 338 476 334 475 334 474 334 424 338 406 340 393 338 361 333 360 333 359 333 351 337 348 340 318 340 316 337 314 336 314 335 313 335 312 335 312 335 292 337 282 338 271 337 230 332 230 332 184 337 171 337 166 337 148 331 148 331 147 331 65 335 65 356"/></Shape>
            <String CONTENT="quod ſit potiſsimum viduarum mulierum, quæ" HPOS="65.0" VPOS="331.0" WIDTH="576.0" HEIGHT="43.0" WC="0.9907223227478209"/>
          </TextLine>
          <TextLine ID="line_11" TAGREFS="LT8" BASELINE="63 390 642 394" HPOS="63.0" VPOS="362.0" WIDTH="579.0" HEIGHT="41.0">
            <Shape><Polygon POINTS="63 390 63 403 641 403 642 394 642 372 577 372 576 371 568 366 567 366 567 366 566 366 543 369 526 365 525 365 524 365 483 370 482 370 481 370 440 365 440 365 439 365 431 370 428 370 424 369 408 364 407 364 407 364 406 364 405 364 399 369 399 370 396 369 382 364 381 364 380 364 358 369 352 370 345 368 329 364 329 364 328 364 327 364 314 368 308 370 276 369 275 367 271 363 270 363 269 363 268 363 242 367 231 369 220 367 208 365 207 365 173 366 142 368 139 366 134 362 133 362 132 362 131 362 131 362 123 366 117 368 63 366 63 390"/></Shape>
            <String CONTENT="ſolæ ſunt atque ſine familia, iuſtum ſtudium ac" HPOS="63.0" VPOS="362.0" WIDTH="579.0" HEIGHT="41.0" WC="0.9982841547499312"/>
          </TextLine>
          <TextLine ID="line_12" TAGREFS="LT8" BASELINE="64 422 645 425" HPOS="63.0" VPOS="396.0" WIDTH="582.0" HEIGHT="40.0">
            <Shape><Polygon POINTS="64 422 63 430 93 436 94 436 644 436 645 425 644 402 370 402 362 401 325 397 324 397 300 400 296 401 293 400 283 397 282 397 281 397 260 400 255 401 249 400 230 397 229 397 213 400 209 401 197 400 154 396 153 396 64 399 64 422"/></Shape>
            <String CONTENT="exercitium. Neque etiam hoc loco vlli verborũ" HPOS="63.0" VPOS="396.0" WIDTH="582.0" HEIGHT="40.0" WC="0.9867413549319558"/>
          </TextLine>
          <TextLine ID="line_13" TAGREFS="LT8" BASELINE="63 455 643 458" HPOS="62.0" VPOS="429.0" WIDTH="581.0" HEIGHT="39.0">
            <Shape><Polygon POINTS="63 455 62 465 641 468 643 458 643 436 622 431 621 431 621 431 579 436 573 436 572 436 563 431 563 431 562 431 497 434 482 435 465 434 410 430 409 430 408 430 398 433 392 435 386 433 379 430 378 430 378 430 309 431 238 434 234 431 233 429 232 429 231 429 230 429 200 431 148 433 111 429 105 429 104 429 103 429 102 429 87 433 63 429 63 455"/></Shape>
            <String CONTENT="demur murationi, quãtunuis aſsiduæ, Paulus pie¬" HPOS="62.0" VPOS="429.0" WIDTH="581.0" HEIGHT="39.0" WC="0.9908949608604113"/>
          </TextLine>
          <TextLine ID="line_14" TAGREFS="LT8" BASELINE="63 487 649 489" HPOS="63.0" VPOS="461.0" WIDTH="586.0" HEIGHT="40.0">
            <Shape><Polygon POINTS="63 487 63 501 648 499 649 489 649 468 633 463 632 463 631 463 586 468 585 468 539 463 538 463 537 463 526 468 526 468 456 468 456 468 449 462 448 462 448 462 447 462 296 467 279 467 277 467 256 461 255 461 255 461 254 461 243 465 238 461 238 461 237 461 236 461 193 466 193 466 191 466 150 461 149 461 148 461 134 466 132 466 131 466 111 462 111 462 63 465 63 487"/></Shape>
            <String CONTENT="tatem alligat, ſed ex opere externo, quæ ſit inter¬" HPOS="63.0" VPOS="461.0" WIDTH="586.0" HEIGHT="40.0" WC="0.9912874301274618"/>
          </TextLine>
          <TextLine ID="line_15" TAGREFS="LT8" BASELINE="61 520 646 522" HPOS="61.0" VPOS="493.0" WIDTH="585.0" HEIGHT="43.0">
            <Shape><Polygon POINTS="61 520 61 531 123 530 128 532 131 534 131 534 132 534 133 534 144 532 160 530 193 533 207 534 208 534 218 533 245 530 253 533 256 534 257 534 258 534 259 534 263 533 273 530 318 534 338 534 339 534 345 534 360 530 374 534 377 534 378 534 378 534 383 534 400 530 407 534 408 534 409 534 410 534 416 534 450 530 457 534 460 535 460 535 461 536 496 536 496 535 497 535 499 534 510 531 616 531 645 535 646 522 646 500 615 500 614 499 609 494 608 494 607 494 606 494 562 498 555 499 548 498 518 494 517 494 499 498 493 499 485 498 460 494 460 494 459 494 458 494 453 497 451 499 448 497 438 493 437 493 436 493 436 493 435 493 429 497 428 497 424 497 378 493 377 493 376 493 366 497 363 497 358 497 342 493 341 493 341 493 340 493 337 497 334 498 61 494 61 520"/></Shape>
            <String CONTENT="na fides &amp; pietas, &amp; vt deprehendi poſsit, ſolùm" HPOS="61.0" VPOS="493.0" WIDTH="585.0" HEIGHT="43.0" WC="0.9815409426786461"/>
          </TextLine>
          <TextLine ID="line_16" TAGREFS="LT8" BASELINE="62 551 643 555" HPOS="61.0" VPOS="526.0" WIDTH="582.0" HEIGHT="41.0">
            <Shape><Polygon POINTS="62 551 61 561 65 564 66 564 67 564 68 564 176 561 309 565 310 565 343 561 386 565 386 565 413 562 418 566 419 566 419 566 420 566 489 562 522 567 522 567 642 562 643 555 642 534 572 528 572 528 514 532 498 533 496 532 485 527 485 527 484 527 436 531 423 532 413 531 383 527 382 527 382 527 381 527 375 530 373 532 367 530 353 526 352 526 351 526 323 530 312 532 252 532 249 530 246 527 245 527 244 527 243 527 242 527 235 530 231 530 229 530 225 526 224 526 223 526 222 526 222 526 213 529 207 530 195 529 176 526 175 526 174 526 168 529 166 530 165 529 162 526 161 526 160 526 160 526 159 526 152 529 148 530 139 528 126 526 125 526 124 526 123 526 120 528 116 530 112 528 107 526 106 526 106 526 62 527 62 551"/></Shape>
            <String CONTENT="demonſtrat. Nam poteſt in ea ipſa aſsiduitate" HPOS="61.0" VPOS="526.0" WIDTH="582.0" HEIGHT="41.0" WC="0.9837700406710307"/>
          </TextLine>
          <TextLine ID="line_17" TAGREFS="LT8" BASELINE="61 584 642 587" HPOS="61.0" VPOS="556.0" WIDTH="581.0" HEIGHT="44.0">
            <Shape><Polygon POINTS="61 584 61 597 75 598 76 598 77 598 78 598 78 597 83 593 120 593 132 597 134 598 135 598 135 598 144 597 183 593 209 597 215 598 216 598 217 598 219 597 232 593 265 597 273 598 274 598 275 598 277 597 285 594 314 597 323 598 324 598 329 597 347 594 365 597 370 598 371 598 381 597 408 594 413 597 415 599 415 599 416 599 417 599 427 597 445 594 483 597 516 600 517 600 566 600 566 600 567 600 567 600 572 597 576 595 641 596 642 587 641 564 621 559 620 559 619 559 618 559 613 564 611 566 511 566 508 563 500 559 499 559 498 559 497 559 497 559 488 562 455 558 454 558 430 563 427 564 424 563 409 557 408 557 407 557 382 562 356 557 355 557 354 557 345 562 337 557 337 557 336 557 335 557 302 563 296 564 293 563 280 559 279 559 279 559 246 562 240 557 240 556 239 556 238 556 238 556 215 557 214 557 213 557 205 563 205 563 183 556 182 556 181 556 135 563 131 563 128 563 116 559 115 559 115 559 61 563 61 584"/></Shape>
            <String CONTENT="precandi ineſſe damnabilis ſuperſtitio, quam nõ" HPOS="61.0" VPOS="556.0" WIDTH="581.0" HEIGHT="44.0" WC="0.9963074363768101"/>
          </TextLine>
          <TextLine ID="line_18" TAGREFS="LT8" BASELINE="62 617 641 619" HPOS="62.0" VPOS="590.0" WIDTH="579.0" HEIGHT="41.0">
            <Shape><Polygon POINTS="62 617 62 629 234 626 257 629 272 630 273 630 289 629 310 626 317 629 324 630 325 630 325 630 399 628 435 627 444 628 479 631 480 631 510 627 516 627 520 627 552 631 553 631 554 631 555 631 559 627 559 627 562 627 605 631 606 631 641 626 641 619 641 599 606 599 606 598 598 592 597 592 596 592 596 592 595 592 594 592 586 598 586 599 514 599 513 598 505 591 504 591 503 591 489 591 488 591 433 598 430 598 428 598 402 592 361 591 360 591 359 591 345 596 321 590 320 590 320 590 308 595 296 590 296 590 211 590 210 590 209 590 209 590 203 594 152 592 151 592 150 592 135 596 114 590 113 590 112 590 111 590 102 595 78 592 77 592 76 592 62 596 62 617"/></Shape>
            <String CONTENT="probaret certè quidem Paulus, quales quædam" HPOS="62.0" VPOS="590.0" WIDTH="579.0" HEIGHT="41.0" WC="0.9900476946072145"/>
          </TextLine>
          <TextLine ID="line_19" TAGREFS="LT8" BASELINE="62 649 358 649 645 653" HPOS="62.0" VPOS="622.0" WIDTH="583.0" HEIGHT="41.0">
            <Shape><Polygon POINTS="62 649 62 661 322 658 337 660 353 662 353 662 437 660 480 658 487 659 507 663 508 663 537 659 540 659 545 659 610 663 611 663 644 658 645 653 645 631 520 631 518 630 497 624 496 624 495 624 494 624 476 629 465 625 465 625 464 625 463 625 452 629 444 624 444 624 443 624 442 624 374 627 335 623 334 623 250 629 242 629 238 629 187 622 84 622 83 622 82 622 82 622 74 628 74 628 62 628 62 649"/></Shape>
            <String CONTENT="mulierculæ cerauntur maximè in Papatu, quæ" HPOS="62.0" VPOS="622.0" WIDTH="583.0" HEIGHT="41.0" WC="0.990898706192194"/>
          </TextLine>
          <TextLine ID="line_20" TAGREFS="LT8" BASELINE="62 681 646 683" HPOS="61.0" VPOS="654.0" WIDTH="585.0" HEIGHT="42.0">
            <Shape><Polygon POINTS="62 681 61 691 177 694 178 694 179 694 188 691 194 689 216 691 258 695 259 695 284 691 292 690 293 691 299 695 300 695 300 695 301 695 302 695 310 691 311 691 315 691 361 695 362 695 382 691 386 690 388 691 395 695 395 695 396 695 397 695 454 691 456 691 457 691 476 695 477 695 477 696 581 696 581 695 582 695 593 691 610 695 611 695 612 695 645 690 646 683 646 664 613 658 612 658 611 658 600 663 600 664 578 664 577 663 567 656 567 656 566 656 544 656 543 656 543 656 530 662 528 664 463 664 461 662 452 655 452 655 451 655 450 655 449 655 448 655 441 661 423 655 422 655 374 655 373 655 313 658 312 658 304 661 300 662 283 661 226 654 225 654 189 659 181 654 181 654 180 654 179 654 178 654 163 660 161 660 157 660 123 654 122 654 62 658 62 681"/></Shape>
            <String CONTENT="omnes aras atque omnia templa quotidie cir¬" HPOS="61.0" VPOS="654.0" WIDTH="585.0" HEIGHT="42.0" WC="0.9864154846169227"/>
          </TextLine>
          <TextLine ID="line_21" TAGREFS="LT8" BASELINE="64 713 646 716" HPOS="63.0" VPOS="687.0" WIDTH="583.0" HEIGHT="39.0">
            <Shape><Polygon POINTS="64 713 63 720 85 725 86 725 204 722 226 726 226 726 645 724 646 716 646 696 620 690 619 690 618 690 617 690 598 696 500 696 468 689 467 689 438 695 425 689 424 689 423 689 423 689 422 689 414 695 353 688 324 688 323 688 322 688 312 693 306 688 305 688 304 688 273 688 272 688 271 688 271 688 263 695 245 695 227 688 226 688 226 688 185 693 176 687 176 687 175 687 87 687 86 687 86 687 64 693 64 713"/></Shape>
            <String CONTENT="cumeunt, tanquam in iis Deus habitet, aut cola¬" HPOS="63.0" VPOS="687.0" WIDTH="583.0" HEIGHT="39.0" WC="0.9986012920420221"/>
          </TextLine>
          <TextLine ID="line_22" TAGREFS="LT8" BASELINE="61 745 642 748" HPOS="61.0" VPOS="719.0" WIDTH="581.0" HEIGHT="41.0">
            <Shape><Polygon POINTS="61 745 61 756 431 756 437 756 485 760 486 760 641 756 642 748 642 728 605 723 604 723 604 723 603 723 596 728 594 728 502 728 499 726 494 721 493 721 493 721 473 721 473 721 472 721 471 721 466 725 463 728 456 725 443 720 442 720 441 720 422 724 410 728 382 728 375 724 369 720 368 720 321 720 320 720 320 720 314 723 303 727 289 722 283 720 283 720 282 720 281 720 277 722 265 727 193 727 182 720 181 719 180 719 179 719 162 720 104 723 61 719 61 745"/></Shape>
            <String CONTENT="tur ſanctius: aut etiam ipſo precum &amp; vocum re¬" HPOS="61.0" VPOS="719.0" WIDTH="581.0" HEIGHT="41.0" WC="0.9830458037396694"/>
          </TextLine>
          <TextLine ID="line_23" TAGREFS="LT8" BASELINE="61 777 642 781" HPOS="61.0" VPOS="752.0" WIDTH="581.0" HEIGHT="41.0">
            <Shape><Polygon POINTS="61 777 61 789 223 787 235 791 236 791 237 791 238 791 238 791 239 791 244 787 275 787 279 791 280 791 281 791 282 791 290 791 385 788 641 793 642 781 640 755 624 760 602 755 600 755 600 755 599 755 582 761 558 756 557 756 502 760 484 755 479 754 478 754 477 754 477 754 472 756 455 760 322 760 314 756 307 753 306 753 305 753 304 753 296 756 291 757 289 756 284 752 283 752 283 752 282 752 213 756 178 758 174 756 163 752 162 752 91 752 90 752 90 752 89 752 82 756 82 757 61 757 61 777"/></Shape>
            <String CONTENT="petito numero delectetur, contra Domini noſtri" HPOS="61.0" VPOS="752.0" WIDTH="581.0" HEIGHT="41.0" WC="0.9927070749842603"/>
          </TextLine>
          <TextLine ID="line_24" TAGREFS="LT8" BASELINE="61 810 641 814" HPOS="61.0" VPOS="789.0" WIDTH="580.0" HEIGHT="37.0">
            <Shape><Polygon POINTS="520 791 512 793 506 793 504 793 496 793 488 793 480 793 472 793 464 793 456 793 448 793 443 793 440 793 437 793 432 793 423 793 415 793 407 793 399 793 391 793 383 793 375 793 367 793 359 793 351 793 343 793 335 793 329 793 325 793 322 793 319 793 311 793 303 793 295 793 287 793 279 793 271 793 263 793 262 793 251 794 225 794 223 793 222 793 214 793 206 793 198 793 190 793 182 793 174 793 166 793 158 793 150 793 142 793 134 793 126 793 118 793 110 793 102 793 94 793 86 793 78 793 69 793 61 793 61 810 61 822 349 818 359 821 373 824 374 824 374 824 448 820 474 819 480 820 497 824 498 824 499 824 508 821 518 825 518 825 519 826 625 826 625 825 625 825 640 819 641 814 640 793 555 789 555 789 554 789 539 793 531 794 529 793 524 789 523 789 522 789 522 789 520 791"/></Shape>
            <String CONTENT="Ieſu Chriſti ſententiam Matth. 6. verſ.7. Itaque" HPOS="61.0" VPOS="789.0" WIDTH="580.0" HEIGHT="37.0" WC="0.977561299999555"/>
          </TextLine>
          <TextLine ID="line_25" TAGREFS="LT8" BASELINE="61 844 644 847" HPOS="61.0" VPOS="816.0" WIDTH="583.0" HEIGHT="43.0">
            <Shape><Polygon POINTS="61 844 61 851 70 855 71 855 72 855 174 851 197 851 205 851 246 856 246 856 304 851 308 851 311 851 333 856 334 856 335 856 351 851 353 851 356 851 390 857 391 857 491 853 522 857 523 857 524 857 525 857 529 854 534 858 535 858 536 858 537 859 627 859 627 858 628 858 643 852 644 847 644 822 637 818 637 818 636 818 635 818 613 823 607 824 584 822 547 820 546 820 530 822 514 824 509 822 499 818 498 818 497 818 497 818 486 822 481 823 462 821 432 818 431 818 430 818 424 821 419 824 374 824 370 820 367 818 367 818 366 818 366 818 348 817 347 817 346 817 335 820 323 822 275 819 243 817 242 817 234 818 216 822 187 818 173 816 172 816 172 816 168 818 159 822 136 818 128 816 127 816 120 817 100 821 61 817 61 844"/></Shape>
            <String CONTENT="res ſuas domeſticas, curàmque familiæ &amp; mariti" HPOS="61.0" VPOS="816.0" WIDTH="583.0" HEIGHT="43.0" WC="0.9979331138286185"/>
          </TextLine>
          <TextLine ID="line_26" TAGREFS="LT8" BASELINE="61 876 641 880" HPOS="61.0" VPOS="849.0" WIDTH="580.0" HEIGHT="43.0">
            <Shape><Polygon POINTS="61 876 61 888 193 884 218 889 224 890 225 890 232 889 255 885 276 889 283 890 284 890 292 889 315 885 343 889 356 891 357 891 358 891 361 889 368 886 378 889 384 891 385 891 386 891 401 889 431 886 475 889 506 892 507 892 538 889 565 888 572 889 579 892 580 892 580 892 581 892 582 892 584 889 588 887 595 889 600 892 600 892 601 892 640 889 641 880 639 854 499 856 491 854 483 851 482 851 481 851 467 854 457 855 455 854 452 851 451 851 450 851 412 851 411 851 411 851 403 854 397 855 393 854 389 851 388 851 387 851 386 851 366 854 351 855 327 855 325 854 321 850 320 850 320 850 319 850 288 854 277 855 275 854 269 850 268 850 267 850 171 849 170 849 169 849 168 849 163 854 162 854 61 854 61 876"/></Shape>
            <String CONTENT="præter officium deſerunt. Quid de iis dicam, qui" HPOS="61.0" VPOS="849.0" WIDTH="580.0" HEIGHT="43.0" WC="0.9827989749610424"/>
          </TextLine>
          <TextLine ID="line_27" TAGREFS="LT8" BASELINE="61 908 643 911" HPOS="60.0" VPOS="882.0" WIDTH="583.0" HEIGHT="38.0">
            <Shape><Polygon POINTS="61 908 60 917 641 920 643 911 643 890 629 884 629 884 628 884 627 884 610 890 589 884 588 884 573 884 572 884 572 884 571 884 563 890 563 891 519 891 515 890 458 884 457 884 429 888 424 884 423 884 423 884 422 884 421 884 408 889 407 889 406 889 371 884 370 884 370 884 356 889 354 889 353 889 325 883 325 883 269 888 267 888 266 888 252 883 251 883 206 882 205 882 164 888 163 888 162 888 116 882 115 882 61 887 61 908"/></Shape>
            <String CONTENT="coniuges cùm ſint, etiam in Ieſuitarum, id eſt," HPOS="60.0" VPOS="882.0" WIDTH="583.0" HEIGHT="38.0" WC="0.9981862232089043"/>
          </TextLine>
          <TextLine ID="line_28" TAGREFS="LT8" BASELINE="61 942 644 944" HPOS="61.0" VPOS="919.0" WIDTH="583.0" HEIGHT="38.0">
            <Shape><Polygon POINTS="61 942 61 954 238 950 249 954 255 956 256 956 257 957 325 957 325 956 325 956 326 956 330 954 333 951 350 953 374 956 375 956 392 953 402 951 404 953 407 955 407 955 408 955 598 957 599 957 643 951 644 944 643 919 61 919 61 942"/></Shape>
            <String CONTENT="peſsimorum idololatrarum ordinem, inuitis ma¬" HPOS="61.0" VPOS="919.0" WIDTH="583.0" HEIGHT="38.0" WC="0.9994719677501255"/>
          </TextLine>
          <TextLine ID="line_29" TAGREFS="LT8" BASELINE="61 974 360 972" HPOS="61.0" VPOS="947.0" WIDTH="299.0" HEIGHT="38.0">
            <Shape><Polygon POINTS="61 974 61 984 103 979 112 983 113 983 114 983 115 983 117 983 135 979 152 983 164 984 164 985 164 984 180 982 194 979 210 981 234 983 235 983 236 983 237 983 241 980 244 979 259 980 299 983 300 983 360 977 360 972 358 950 303 951 299 950 290 947 289 947 288 947 264 950 257 951 249 950 212 947 211 947 210 947 209 947 205 951 204 952 157 952 107 952 78 948 78 948 77 948 61 953 61 974"/></Shape>
            <String CONTENT="ritis, cooptari ſe volunt?" HPOS="61.0" VPOS="947.0" WIDTH="299.0" HEIGHT="38.0" WC="0.9850463958886954"/>
          </TextLine>
        </TextBlock>
        <TextBlock HPOS="63.118743896484375" VPOS="985.2225341796875" WIDTH="583.6542053222656" HEIGHT="229.868408203125" ID="block_5" TAGREFS="BT3408">
          <Shape><Polygon POINTS="63.1187 985.223 646.773 985.223 646.773 1215.09 63.1187 1215.09 63.1187 985.223"/></Shape>
          <TextLine ID="line_30" TAGREFS="LT8" BASELINE="91 1005 638 1007" HPOS="90.0" VPOS="976.0" WIDTH="548.0" HEIGHT="44.0">
            <Shape><Polygon POINTS="91 1005 90 1012 155 1019 156 1019 219 1015 233 1014 238 1015 252 1019 253 1019 254 1019 326 1016 369 1015 381 1017 395 1020 396 1020 407 1017 420 1015 424 1018 427 1020 427 1020 428 1020 429 1020 451 1018 473 1016 512 1019 538 1020 539 1020 539 1020 543 1020 553 1016 589 1020 596 1020 597 1020 598 1020 600 1020 615 1016 637 1020 638 1007 637 982 616 985 611 981 606 978 605 978 604 978 604 978 603 978 595 981 587 986 567 986 546 981 527 978 481 978 480 978 479 978 470 981 465 983 454 981 432 977 432 977 431 977 421 981 413 984 409 981 405 977 404 977 403 977 362 977 362 977 361 977 353 981 346 985 332 985 327 980 324 978 323 978 322 978 321 978 320 978 320 978 316 980 314 983 312 980 309 979 308 979 308 979 307 979 306 979 305 979 303 980 297 985 275 985 269 980 268 980 267 980 267 980 254 980 166 983 160 980 154 976 153 976 152 976 152 976 151 976 143 980 135 983 127 980 123 978 122 978 121 978 91 979 91 1005"/></Shape>
            <String CONTENT="Obſtat item quod in Actis Apoſtolorum 9.v." HPOS="90.0" VPOS="976.0" WIDTH="548.0" HEIGHT="44.0" WC="0.9927212269533248"/>
          </TextLine>
          <TextLine ID="line_31" TAGREFS="LT8" BASELINE="64 1039 644 1040" HPOS="63.0" VPOS="1012.0" WIDTH="581.0" HEIGHT="39.0">
            <Shape><Polygon POINTS="64 1039 63 1050 642 1051 644 1040 644 1019 623 1013 622 1013 621 1013 596 1018 569 1013 568 1013 567 1013 555 1018 555 1019 488 1019 486 1018 461 1013 460 1013 460 1013 459 1013 454 1018 453 1019 435 1019 434 1018 423 1013 423 1013 422 1013 378 1017 351 1012 350 1012 318 1017 317 1017 282 1012 281 1012 280 1012 262 1017 261 1017 260 1017 231 1012 230 1012 230 1012 211 1017 209 1017 205 1017 145 1012 144 1012 64 1016 64 1039"/></Shape>
            <String CONTENT="39. affertur, vbi alia viduæ Chriſtianæ exercitia" HPOS="63.0" VPOS="1012.0" WIDTH="581.0" HEIGHT="39.0" WC="0.9983431125173763"/>
          </TextLine>
          <TextLine ID="line_32" TAGREFS="LT8" BASELINE="61 1069 641 1073" HPOS="61.0" VPOS="1044.0" WIDTH="580.0" HEIGHT="39.0">
            <Shape><Polygon POINTS="61 1069 61 1081 640 1083 641 1073 641 1052 504 1046 503 1046 502 1046 489 1050 488 1050 487 1050 460 1046 460 1046 459 1046 450 1050 449 1050 444 1050 399 1046 398 1046 366 1049 365 1049 364 1049 359 1045 358 1045 358 1045 357 1045 306 1049 299 1049 298 1049 293 1044 292 1044 292 1044 291 1044 61 1047 61 1069"/></Shape>
            <String CONTENT="deſcribuntur, nempe opera manuum, labores" HPOS="61.0" VPOS="1044.0" WIDTH="580.0" HEIGHT="39.0" WC="0.9983634672513823"/>
          </TextLine>
          <TextLine ID="line_33" TAGREFS="LT8" BASELINE="62 1102 641 1106" HPOS="61.0" VPOS="1077.0" WIDTH="580.0" HEIGHT="40.0">
            <Shape><Polygon POINTS="62 1102 61 1110 77 1116 78 1116 78 1116 189 1112 206 1117 207 1117 208 1117 640 1114 641 1106 640 1086 588 1086 588 1085 581 1080 581 1079 580 1079 580 1079 579 1079 578 1079 558 1085 556 1085 555 1085 530 1080 529 1080 528 1080 515 1083 493 1078 411 1078 411 1078 410 1078 409 1078 409 1079 403 1084 403 1084 401 1084 376 1080 375 1080 355 1084 352 1084 349 1083 322 1077 321 1077 297 1081 275 1077 275 1077 274 1077 263 1082 236 1077 235 1077 234 1077 234 1077 234 1078 228 1083 227 1083 224 1083 196 1079 195 1079 167 1082 166 1082 154 1077 153 1077 152 1077 152 1077 131 1082 129 1082 127 1082 103 1078 102 1078 62 1081 62 1102"/></Shape>
            <String CONTENT="corporis, qualia ſunt nere, ſuere, ſarcire &amp; cæ¬" HPOS="61.0" VPOS="1077.0" WIDTH="580.0" HEIGHT="40.0" WC="0.987420842051506"/>
          </TextLine>
          <TextLine ID="line_34" TAGREFS="LT8" BASELINE="62 1134 642 1138" HPOS="61.0" VPOS="1108.0" WIDTH="581.0" HEIGHT="39.0">
            <Shape><Polygon POINTS="62 1134 61 1146 641 1147 642 1138 642 1114 522 1110 522 1110 521 1110 511 1114 506 1115 495 1114 475 1110 474 1110 456 1114 447 1115 440 1114 428 1110 427 1110 427 1110 341 1113 298 1114 296 1113 294 1111 294 1110 293 1110 292 1110 292 1110 259 1113 248 1114 244 1113 226 1109 225 1109 203 1113 197 1114 194 1113 179 1108 178 1108 177 1108 176 1108 162 1113 160 1113 157 1113 120 1108 119 1108 119 1108 110 1113 109 1113 62 1113 62 1134"/></Shape>
            <String CONTENT="tera huiuſmodi, quæ magnam humanæ ſocietati" HPOS="61.0" VPOS="1108.0" WIDTH="581.0" HEIGHT="39.0" WC="0.9964073106299999"/>
          </TextLine>
          <TextLine ID="line_35" TAGREFS="LT8" BASELINE="62 1167 642 1170" HPOS="61.0" VPOS="1142.0" WIDTH="581.0" HEIGHT="41.0">
            <Shape><Polygon POINTS="62 1167 61 1174 219 1181 220 1181 320 1177 417 1182 418 1182 419 1182 429 1177 439 1182 440 1182 440 1182 488 1178 581 1183 582 1183 583 1183 595 1178 600 1182 600 1182 601 1182 602 1182 641 1177 642 1170 641 1151 590 1147 589 1147 523 1151 512 1151 511 1150 504 1144 503 1144 502 1144 502 1144 501 1144 485 1149 473 1143 472 1143 471 1143 427 1148 420 1143 419 1143 419 1143 418 1143 390 1147 368 1143 367 1143 366 1143 366 1143 358 1149 358 1150 337 1150 336 1149 314 1143 313 1143 312 1143 312 1143 298 1149 297 1149 296 1149 280 1143 279 1143 279 1143 278 1143 267 1148 265 1150 221 1150 218 1148 209 1142 208 1142 207 1142 206 1142 205 1142 193 1147 175 1142 174 1142 78 1142 77 1142 76 1142 62 1147 62 1167"/></Shape>
            <String CONTENT="commoditatem afferunt. Reſpond. vtrunque re¬" HPOS="61.0" VPOS="1142.0" WIDTH="581.0" HEIGHT="41.0" WC="0.9963284554806623"/>
          </TextLine>
          <TextLine ID="line_36" TAGREFS="LT8" BASELINE="61 1199 646 1203" HPOS="60.0" VPOS="1172.0" WIDTH="586.0" HEIGHT="48.0">
            <Shape><Polygon POINTS="61 1199 60 1212 177 1217 178 1217 203 1213 205 1213 210 1213 292 1217 292 1217 293 1217 304 1213 304 1213 305 1213 322 1218 323 1218 324 1218 325 1218 341 1213 343 1213 345 1213 358 1218 359 1218 360 1218 425 1213 436 1213 437 1213 444 1219 445 1219 446 1219 447 1219 474 1213 479 1213 527 1213 547 1213 550 1213 558 1220 559 1220 559 1220 560 1220 561 1220 584 1213 586 1213 645 1213 646 1203 646 1175 604 1175 604 1175 603 1175 584 1181 534 1181 515 1175 511 1174 510 1174 510 1174 497 1175 453 1180 423 1176 422 1176 421 1176 420 1176 407 1179 403 1176 402 1175 401 1175 400 1175 399 1175 381 1176 318 1179 308 1176 299 1173 298 1173 297 1173 268 1176 246 1178 225 1176 181 1172 180 1172 179 1172 160 1176 156 1177 150 1176 119 1172 118 1172 61 1176 61 1199"/></Shape>
            <String CONTENT="ctè inter ſe conuenire &amp; conſentire. Nempe Deï" HPOS="60.0" VPOS="1172.0" WIDTH="586.0" HEIGHT="48.0" WC="0.9862629249691963"/>
          </TextLine>
        </TextBlock>
        <TextBlock HPOS="476.60888671875" VPOS="1218.6011962890625" WIDTH="58.11798095703125" HEIGHT="30.4423828125" ID="block_6" TAGREFS="BT17">
          <Shape><Polygon POINTS="476.609 1218.6 534.727 1218.6 534.727 1249.04 476.609 1249.04 476.609 1218.6"/></Shape>
          <TextLine ID="line_37" TAGREFS="LT8" BASELINE="476 1237 534 1237" HPOS="476.0" VPOS="1206.0" WIDTH="58.0" HEIGHT="46.0">
            <Shape><Polygon POINTS="476 1237 476 1245 533 1252 534 1237 534 1212 501 1206 500 1206 476 1209 476 1237"/></Shape>
            <String CONTENT="r.iij." HPOS="476.0" VPOS="1206.0" WIDTH="58.0" HEIGHT="46.0" WC="0.9916947384675344"/>
          </TextLine>
        </TextBlock>
      </PrintSpace>
    </Page>
  </Layout>
</alto>
