1000 1448
365.0 100.0 56.0 33.0 340

473.0 78.0 378.0 47.0 AD I. PAVL. IAD TIM.

362.0 111.0 573.0 57.0 crudeles & nimium ſeueros. Sed valeat potius

362.0 145.0 576.0 57.0 apud nos hæc tutiſsima conſolatio, quòd purã

362.0 180.0 572.0 53.0 conſcientiam ſeruare volumus ac ſtudemus. Ne¬

362.0 217.0 576.0 49.0 que tamen, ſi à maiori ſuffragiorum parte vinca¬

362.0 243.0 576.0 53.0 mur, ſolíque diſſentimus, ſeditionem in ſenatu,

362.0 277.0 577.0 53.0 aut cœtu aut eccleſia Dei mouere debemus: aut

365.0 311.0 572.0 53.0 quicquam perturbatè agere, vt vincat noſtra v¬

362.0 341.0 577.0 55.0 nius vox: ſedliberauerimus animas noſtras atque

362.0 375.0 578.0 49.0 officio functi erimus abundè, ſi primùm noſtrã

363.0 405.0 572.0 56.0 ſententiã illiúſque rationes expoſuerimus: dein¬

364.0 436.0 577.0 53.0 de, ſi res ſit tanti momenti, eo ordine vtamur ad

364.0 470.0 574.0 53.0 huiuſmodi electionem impediendam, vel retar¬

366.0 504.0 574.0 54.0 dãdã, qui & legitimus eſt, & in eceleſia Dei con¬

362.0 535.0 579.0 55.0 ſtitutus & receptus, qualis eſt nimirum prouoca¬

364.0 570.0 578.0 54.0 tio à lenatu ecelenlartieo au maiorem Miniſtro¬

364.0 598.0 578.0 56.0 rum vicinorum cœtum, quem Claſſem vocant: à

364.0 629.0 578.0 59.0 Claſſe ad Synodum ipſam prouincialẽ: à Synodo

365.0 666.0 576.0 58.0 prouinciali ad ſynodum Generalem & Nationa¬

368.0 711.0 233.0 42.0 lem quam vocant.

383.0 729.0 563.0 55.0 Ait Paulus, Citò. Fit autem Citò ex Pauli mente,

370.0 761.0 574.0 59.0 quando vel non legitimum: vel non ſatis exactũ

369.0 793.0 576.0 59.0 & certum examen de eligendo ſiue promouẽdo

369.0 830.0 577.0 53.0 paſtore præceſſit: ſed vel nullum omnino, vel le¬

368.0 861.0 577.0 56.0 ue tantum & perfunctorium, quale fit in Papatu,

369.0 890.0 577.0 57.0 & in multis etiam mediis ipſis Dei viui eccle¬

371.0 924.0 579.0 58.0 liontque de omnibus iis rebus, quæ ad tale mi¬

370.0 954.0 576.0 54.0 niſterium obeundum ritè deſiderantur. Ergo quẽ

370.0 987.0 581.0 56.0 admodum ſunt diuerſæ vocationes in eccleſia

371.0 1023.0 579.0 54.0 Dei: & aliæ alijs ſunt digniores & grauiores: ita

371.0 1053.0 581.0 57.0 ſerius & maius in his, quàm illis examen eſſe &

371.0 1085.0 580.0 57.0 fieri debet, veluti in Paſtore ipſo, quàm in ſolo

373.0 1118.0 580.0 56.0 Presbytero vel Diacono plura inquirantur ne¬

374.0 1153.0 576.0 66.0 ceſſe eſt, quia maius eſt paſtoris quã Diaconio¬

899.0 1184.0 51.0 50.0 nus
