1000 1448
209.0 98.0 198.0 19.0 CAPVT VI.

602.0 72.0 31.0 50.0 483

59 119 552 35 ne inſanos Aſtrologos iudiciarios probemus.

449 1186 63 48 H.ij.

90.0 150.0 546.0 39.0 Solus) Hoc ipſum primùm non excludit, neq;

61.0 182.0 577.0 40.0 tollit regna politica. Sunt enim & ea ipſa à Deo.

60.0 214.0 577.0 37.0 Itaque quando ſubalterna ſeſe mutuò non euer¬

58.0 246.0 579.0 40.0 tunt :rectè & Deus ſolus rex agnoſci poteſt, &

57.0 281.0 582.0 39.0 reges etiam terreni pro regibus à nobis agno¬

57.0 312.0 580.0 41.0 ſcuntur, quia eos nobis ipſe præpoſuit, quaſi ſuos

52.0 345.0 585.0 40.0 in his terris vicarios & legatos in ijs. quæ ad vitæ

57.0 379.0 582.0 36.0 huius terrenæ rationem pertinent. Deinde, quod

57.0 408.0 580.0 43.0 dicit Paulus, Solus, etſi ad patrem referri videtur,

57.0 441.0 581.0 41.0 non excludit tamen filium, vel Spiritum ſanctũ,

57.0 474.0 580.0 44.0 ſed in perſona patris contrahit, & proponit, quæ

59.0 506.0 577.0 43.0 generaliter in tota diuina eſſentia ſunt nobis me¬

57.0 538.0 580.0 42.0 ditanda & conſyderanda, quia de filio mentionẽ

57.0 570.0 580.0 43.0 fecit Paulus, tanquam de homine. Nam de Dei¬

57.0 601.0 579.0 45.0 tate Filij quid ſentiat idem Paulus extat luculen¬

57.0 636.0 578.0 38.0 tiſſimè ſcriptum Romanor.9. verſ.5. Atque hæc

57.0 669.0 576.0 41.0 ſolutio ad ſequentem verſiculum etiam eſt accõ¬

58 723 135 17 modanda.

119 732 513 53 6 Qui ſolus habet immortalitatem,

57 781 577 48 lucem habitans inacceſſam, quem vidit ne¬

57 821 575 45 mo hominũ, neque videre potest: cui bonor

58 859 380 41 & robur æternum. Amen.

86.0 892.0 549.0 38.0 Εʹ̓πεξεργασία eſt, & valde neceſſaria commora¬

57.0 925.0 576.0 41.0 tio in imperueſtigabili Dei maieſtate explican¬

59.0 958.0 578.0 41.0 da, atque ſupra omnem rerum tum viſibilium,

58.0 989.0 576.0 39.0 tum etiam inuiſibilium, dignitatem & eminen¬

58.0 1021.0 577.0 42.0 tiam euehenda. Etſi verò Exod.34.v.6. pulchra

60.0 1054.0 575.0 43.0 quorundam Dei attributorum enumeratio con¬

59.0 1086.0 579.0 39.0 tinetur, & Pſalm.5o. tamen quæ hoc loco reci¬

59.0 1121.0 578.0 39.0 tantur, longè ſplendidius atque apertius, quàm

61.0 1152.0 574.0 49.0 vllus alius ſcripturæ locus, Dei ἰξοχιὼ & præſtã¬
