1000 1448
571.0 78.0 34.0 53.0 415

245.0 102.0 189.0 21.0 CAPVT VI.

34.0 115.0 575.0 49.0 & quantum ab hominibus obſeruari poſſunt, pa¬

33.0 152.0 577.0 45.0 reant, & ſibi præpoſitos honorent ſerui, & ſub¬

35.0 200.0 575.0 30.0 ditn.ſed ryneere, & ex animo id racſat. Nam õpbαA¬

33.0 217.0 436.0 43.0 μοδολύα à Paulo vbique damnatur.

68.0 248.0 542.0 47.0 Quod autem ait, omni honore dignos eſſe domi¬

33.0 282.0 576.0 46.0 nos, hanc exceptionem habet, etiam ipſol Paulo

32.0 313.0 574.0 48.0 teſte & interprete Epheſ.6.v.6. Ne vltra ea, quæ

33.0 346.0 576.0 47.0 Deus tribui dominis vult, ſerui pareant. In Do¬

33.0 378.0 576.0 43.0 mino enim obſequendum eſt illis, id eſt, eatenus

35.0 411.0 574.0 46.0 quatenus Deus ipſe ius ſuum tum in ſeruos, tum

32.0 458.0 578.0 31.0 ail fubuitos incegrum & totui retmet; & non of¬

30.0 476.0 577.0 45.0 fenditur: non autem omnino ſimpliciter & ἀπλῶς

33.0 508.0 575.0 49.0 quicquid domini aut magiſtratus iuſſerint, ſta¬

31.0 542.0 486.0 38.0 tim eſt præſtandum atque exequendum.

63.0 572.0 544.0 47.0 Addita denique ratio eſt, quòd niſi dominis

29.0 604.0 578.0 45.0 ſuis ſerui paruerint etiam infidelibus, Dei nomen

29.0 636.0 577.0 46.0 & doctrina blasphematur. Hæc ratio ducta eſt à

28.0 671.0 578.0 47.0 contrario eius finis, propter quem ſanctum Dei

26.0 704.0 578.0 44.0 nomen ſuper nos inuocatur, & Chriſtianam re¬

27.0 736.0 577.0 49.0 ligionem profitemur. Eſt enim, vt per nos, &

28.0 771.0 576.0 43.0 propter nos Dei Nomen, & Doctrina benè au¬

28.0 806.0 576.0 41.0 diat, propagetur, & glorificetur, ídque inter o¬

28.0 835.0 576.0 45.0 mnes homines. Nos enim in ſuum populum pe¬

27.0 864.0 575.0 50.0 culiariter adoptauit Deus propter ſuam gloriam

26.0 899.0 577.0 45.0 non vt ipſe blaſphemetur ſiue à nobis, ſiue pro¬

27.0 930.0 574.0 45.0 pter nos ab alijs. Quod cùm fit, grauiſſimè con¬

28.0 963.0 449.0 45.0 queritur Iſai.51.verſ.5.Rom.2.verſ.24.

57.0 993.0 544.0 47.0 Nomen Dei eſt ipſius gloria, maieſtas, ſapien¬

25.0 1027.0 575.0 46.0 tia, & tanquam diuina ipſa eſſentia. Doctrina

24.0 1059.0 577.0 47.0 Dei eſt illa cognitio, quam de ſe patefecit per

24.0 1093.0 576.0 46.0 verbum ſuum, quam nos profitemur. Ergo vtrun¬

26.0 1127.0 572.0 45.0 que in calumniam rapitur ab improbis, cùm nõ

24.0 1156.0 574.0 61.0 facimus officium, ſed refractarij, improbi, & àre
