1000 1448
592.0 67.0 46.0 61.0 46.

251.0 96.0 193.0 22.0 CARVI VI.

72.0 111.0 574.0 48.0 autem vita non hæc quidem terrena, ſed ſpiritua

72.0 147.0 574.0 43.0 lis: non caduca, ſed æterna, qua nihil eſt homini

73.0 177.0 573.0 49.0 beatius, fœlicius, optabilius. Dicit autem appre¬

71.0 211.0 574.0 44.0 hende, vt perſeuerandum eſſe intelligamus vſquè

70.0 242.0 572.0 48.0 ad finem, & non deſciſcendum in medio curſu. Ij

71.0 277.0 573.0 43.0 enim demum apprehendunt, qui perſeuerant.

73.0 307.0 572.0 45.0 Nec tamen dicit apprehende, quaſi vita æterna ſit

71.0 341.0 573.0 42.0 meritum noſtrum: aut quaſi illius apprehenſio

70.0 374.0 576.0 42.0 & conſecutio ſit noſtrarum virium (eſt enim Deï

72.0 404.0 574.0 44.0 donum Romanor.6.verſ. 23.) ſed vt doceat non

70.0 437.0 575.0 46.0 deſiſtendum à cœpto itinere & certamine, do¬

69.0 469.0 576.0 45.0 nec ad eum locum peruenerimus, ad quem à

70.0 501.0 574.0 43.0 Deo vocati ſumus & ire inſtituimus. Eſt enim

69.0 534.0 574.0 43.0 turpe ab itinere ſemel ſurcepto co que fœlici de¬

69.0 565.0 575.0 46.0 ſiſtere, & reflecti. Magnitudo autem iſtius præ¬

69.0 600.0 575.0 43.0 mij, & quidem gratuiti, ſatis nos excitare ad quæ¬

69.0 631.0 574.0 46.0 libet onera & pericula pro nomine Chriſti ferẽ¬

71.0 662.0 145.0 40.0 da debebit.

104.0 698.0 538.0 44.0 Oppome dutem heuu præmum Paulus illi

68.0 728.0 574.0 44.0 exitio & interitui, quem ſibi auari accerſunt ſuis

66.0 761.0 575.0 44.0 curis & cupiditatibus, vt docuit ſuprà verſ.9. vt

68.0 791.0 574.0 47.0 quàm fœlicior ſit noſter, id eſt, piorum in Dei

65.0 828.0 575.0 44.0 metu progredientium labor intelligatur, quàm

65.0 859.0 469.0 41.0 auaroru, meóque ipſo ſimus alacriores.

95.0 889.0 545.0 46.0 Denique Paulus argumentatur ab officio, &

66.0 922.0 575.0 45.0 vocatione. Nam paſtores ad huiuſmodi certa¬

65.0 956.0 576.0 43.0 men vocati ſunt, non tantum vt pij omnes: ſed

65.0 987.0 576.0 45.0 multò maximè ipſi, quia ſunt paitores & cæte¬

64.0 1020.0 578.0 43.0 rorum duces. Similis locus Luc.9. v.2314. v.23. Si

68.0 1052.0 573.0 43.0 quis ſequitur Chriſtum tollat ſuam crucem. Am¬

66.0 1086.0 574.0 43.0 plificat autem hoc argumentum, à circunſtantia

66.0 1118.0 574.0 45.0 & temporis, & rei ipſius Qtod nimirum efficax

67.0 1149.0 570.0 50.0 fuit hæc vocatio. & ipſe Timotheus illi reſpon¬

485.0 1181.0 47.0 47.0 G.j.
