1000 1448
604.0 82.0 46.0 56.0 501

234.0 104.0 194.0 21.0 CARVT. VI.

70.0 120.0 578.0 47.0 ſuperbiæ illi, quam reprehendit ſupra Paulus,

72.0 158.0 521.0 41.0 virtus eſt planè contraria atque repugnans.

101.0 191.0 545.0 42.0 Beneficentiam autem varijs verbis deſignauit

71.0 222.0 574.0 41.0 tum ad illius virtutis commendationem: tum e¬

71.0 255.0 575.0 41.0 tiam ad explicationem. Nam eam commendãt

70.0 287.0 579.0 41.0 hæ voces Α'γαθοθγεῖν, & Πιλετεῖν ἐν εφγοις καλοῖς. Ex¬

71.0 318.0 315.0 43.0 plicant iſtx αμεταδότοςτθ).

102.0 349.0 546.0 43.0 Itaque hîc bona opera deſignantur, non tam

72.0 384.0 575.0 42.0 quidem omnia in genere illa quæ ſcriptura Bo¬

70.0 417.0 578.0 41.0 na opera vocat, & præcipit: quanquam diuites

71.0 448.0 578.0 41.0 Chriſtiani ijs omnibus animum applicare debẽt:

71.0 481.0 577.0 44.0 quàm quæ Charitatis & Elemoſynæ opera ſunt,

70.0 516.0 576.0 39.0 & huic argumento conueniunt: quòd ea ſint prę¬

69.0 546.0 580.0 39.0 cipua, in quibus diuites ſeſe debent exercere, &

73.0 577.0 575.0 43.0 quorum præſtandorum cauſa diuitias à Domino

72.0 610.0 577.0 39.0 acceperunt. Omne autem proximi ſubleuandi &

73.0 641.0 575.0 41.0 beneficentiæ genus complectitur Paulus, cùm

74.0 672.0 572.0 43.0 vult ita diuites ſuas opes collocare & diſpenſare,

74.0 706.0 576.0 43.0 vt diteſcant abundéntque in omni genere bo¬

73.0 740.0 577.0 37.0 norum operum, non vt vnius aut alterius tantùm

74.0 772.0 573.0 40.0 beneficij in proximum exhibitione ſibi ſatisfa¬

72.0 803.0 577.0 44.0 ciant, quaſi ſint ſatis officio functi; ſed congerere

71.0 836.0 578.0 41.0 cumulare, & addere eos oportet beneficia bene¬

75.0 868.0 568.0 43.0 ficijs minimè propterea fathiſcẽtes, quia pluribs

74.0 902.0 576.0 38.0 ſubueniant: vel quia vni & eidem ſæpius iam cõ¬

72.0 936.0 578.0 41.0 tulerunt donarúntque aliquid: in quo ipſo præ¬

72.0 968.0 579.0 37.0 clara eſt annominatio, & argumen tum à coniu¬

74.0 998.0 578.0 43.0 gatis à Paulo perſtrictum. Oportet enim Πλυσίος

74.0 1031.0 576.0 39.0 πλυτεῖν, id eſt, diuites congerere: ſed in acerui

77.0 1062.0 573.0 43.0 genere, quem fieri iubet Paulus, differentia eſta

74.0 1094.0 575.0 42.0 Illi enim vt plurimum congerunt ſcelera ſceleri¬

75.0 1127.0 575.0 41.0 bus, vt diteſcant: at Dei ſpiritus vult eos congere¬

77.0 1160.0 576.0 55.0 re & cumulare bona opera bonis operibus, vt illis

479.0 1193.0 60.0 52.0 Liij.
