1000 1448
260.0 98.0 201.0 29.0 CAPVT III.

604.0 80.0 48.0 49.0 101

71.0 119.0 579.0 46.0 Sacerdotibus ineſſe oporteret. Omnis enim ille

70.0 157.0 580.0 42.0 cultus & ſummi Sacerdotis ornatus, qui Exod.28.

71.0 189.0 579.0 41.0 verſ.3o.31. & ſequent. deſcribitur, quanta pietas,

69.0 222.0 581.0 43.0 ſanctitáſque à paſtore Eccleſiæ requiratur, oſten¬

71.0 255.0 579.0 41.0 dit: quemadmodum etiam explicat Iſychius lib.

70.0 286.0 582.0 43.0 6.in Leuitici cap.21, & 22. Externa enim illa Leui¬

70.0 318.0 580.0 39.0 tici miniſterij ſpecies & ſplendor fuit interni or¬

69.0 351.0 581.0 39.0 natus & vitæ ſymbolum. Ex ijs autem tot virtuti¬

70.0 383.0 580.0 44.0 bus, quas deſcribit Paulus hoc loco, vt veram

70.0 415.0 580.0 45.0 perfectámque boni Epiſcopi ideam habeamus,

72.0 448.0 578.0 44.0 quædam oſtendunt, qualem Epiſcopum ipſum

70.0 480.0 580.0 42.0 In ſeſe eſſe oporteat, & Ratione ſuæ familiæ, Itẽ,

70.0 512.0 580.0 43.0 Extraneorum & infidelium, Quæ omnia diſtri¬

71.0 546.0 579.0 42.0 buo in tria hæc capita, vt congeſtas hîc à Paulo

71.0 579.0 579.0 41.0 dotes diſtinguere aliqua ratione poſſimus. Berna.

69.0 612.0 581.0 37.0 autem Sermo.77. in Cantica breuiter has omnes

72.0 643.0 578.0 43.0 dotes videtur his verbis complexus. Ad ſolam

70.0 674.0 580.0 43.0 ciuitatis, id eſt Eccleſiæ cuſtodiam, vt quantum

70.0 708.0 580.0 41.0 ſatis eſt, procuretur, opus eſt viro forti, ſpirituali,

71.0 738.0 579.0 46.0 fideli: forti ad propulſandas iniurias: ſpirituali ad

74.0 778.0 576.0 36.0 deprehendendas inſidias: fideli, qui non, quæ ſua

73.0 806.0 577.0 39.0 ſunt, quærat. Sed etſi doctus fuerit, non ſit autẽ

74.0 838.0 576.0 38.0 bonus: verendum, ne non tam nutriat doctrina v¬

72.0 871.0 577.0 39.0 beri, quàm ſterili vita noceat. Idiota autem pa¬

72.0 902.0 578.0 44.0 ſtor quomodo in paſcua diuinorum eloquiorum

74.0 936.0 329.0 39.0 deducet greges dominicos?

104.0 966.0 546.0 42.0 Eò verò diligentius iſta Pauli præcepta ſunt

72.0 999.0 578.0 41.0 obſeruanda. Primum, Quòd ex quibus cauſis E¬

73.0 1031.0 576.0 43.0 piſcopi eligi prohibentur: ex iiſdem electi de¬

74.0 1065.0 576.0 42.0 ponuntur. Eas autem hîc expreſſas à Spiritu ſan¬

74.0 1098.0 576.0 39.0 cto habemus. Secundum. Quòd præter has con¬

75.0 1129.0 577.0 42.0 ditiones & qualitates, aliæ ſunt ſynodorum de¬

77.0 1164.0 576.0 48.0 cretis poſtea additæ, quarum quæ dam prorſus

484.0 1194.0 59.0 60.0 g.iij.
