1000 1448
471.0 92.0 389.0 39.0 AD I. PAVL. AD TIM.

367.0 107.0 77.0 28.0 176

362.0 124.0 515.0 49.0 Deus humana luſtrn ſub imagine terras.

364.0 156.0 579.0 49.0 Sed per vnionẽ hypoſtaticã per quam vniuit ſibi,

363.0 192.0 585.0 43.0 id eſt diuinæ ſuæ naturæ humanã naturam, vt fie¬

363.0 223.0 582.0 46.0 ret vnum & idem ύφιςάμενον, qui eſſet verus Deus,

365.0 259.0 581.0 41.0 & verus homo. Diuina quidem natura non eſt

365.0 287.0 585.0 48.0 humana dicenda: ſed quia illa vtraque natura di¬

365.0 321.0 579.0 47.0 uina, nempe & humana, vnica tãtùm perſona eſt,

366.0 354.0 578.0 45.0 idcirco idem dicitur & Deus & homo, & homo

366.0 386.0 577.0 48.0 ille qui apparuit nobis dicitur eſſe Deus. Quare

366.0 419.0 579.0 47.0 cùm fuerit Deus, Deus in carne nobis eſt mani¬

366.0 456.0 115.0 35.0 feſtatus.

393.0 482.0 550.0 48.0 Modum autem addidit Paulus per quem id fa¬

366.0 518.0 576.0 42.0 ctum eſt. in carne, id eſt, per humanam naturam,

365.0 549.0 577.0 45.0 quam verbum aſſumpſit Ioan.1.verſ.14. Hebr. 2.

366.0 583.0 577.0 42.0 verſ.16. Quare idem ipſe Chriſtus air, Qui me

366.0 612.0 579.0 48.0 videt, videt & Patrem Ioann.14.v.9. Hoc ipſum

365.0 645.0 578.0 46.0 etiam explicat Ioan.1. Epiſt.1.verſ.1.2.3. Quod e¬

364.0 678.0 582.0 46.0 nim erat per ſe æternum, inuiſibile & à principio

364.0 710.0 580.0 49.0 aſſumpſit eam naturã, quæ videri, tangi, palparí¬

366.0 743.0 579.0 47.0 ue potuit, per quã factus eſt Deus nobis quodã¬

365.0 776.0 583.0 48.0 modo propter vnionem hypoſtaticam conſpi¬

365.0 809.0 580.0 41.0 cuus & viſibilis, non conuerſione diuinæ naturæ:

364.0 840.0 582.0 47.0 ſed aſſumptione humanæ, & vnione cum diuina,

366.0 875.0 578.0 45.0 quæ vtraque in vnam perſonam Chriſti coaluit.

366.0 906.0 578.0 46.0 Ergo carnis vox hîc nõ vitioſitatem illam (quam

366.0 939.0 577.0 42.0 natiuam habemus) ſignificat: ſed humanam natu¬

365.0 974.0 579.0 42.0 ram & eſſentiam totam & veram, quatenus cor¬

366.0 1009.0 577.0 39.0 pore & animo illa conſtat: non autem quæ tan¬

366.0 1035.0 578.0 46.0 tùm corpore conſtat, ne in errorem Apollinari¬

368.0 1069.0 261.0 41.0 ſtarum incidamus.

655.0 1080.0 17.0 26.0 11

394.0 1098.0 548.0 42.0 Aſſumpta verò eſt hæc caro ſiue humana na¬

364.0 1132.0 579.0 43.0 tura in vnionem verbi hypoſtaticam, vt in per¬

364.0 1164.0 579.0 53.0 petuum illi maneret in poſterũ coniuncta. Quare

861.0 1201.0 84.0 47.0 neque
