1000 1448
582.0 89.0 44.0 42.0 491

230.0 101.0 187.0 22.0 CARVTVI..

50.0 115.0 579.0 42.0 humanis cernebatur: ſed illius tantùm humani¬

51.0 152.0 578.0 41.0 tas conſpiciebatur, quæ velut velum, certè augu¬

49.0 182.0 578.0 46.0 ſtiſsimum, Deitatis Chriſti templum fuit. Hebr.

50.0 218.0 578.0 41.0 10.verſ.20. Ergo quod Dei faciem & gloriam in

49.0 250.0 578.0 42.0 Euangelij luce & prædicatione iam intueri di¬

48.0 283.0 580.0 42.0 cimur, id dicitur comparatè ad patres, qui ſub

48.0 315.0 580.0 41.0 lege, vmbris & cæremonijs vixerunt, vt ex eo

48.0 347.0 580.0 42.0 Exodi loco, qui eſt cap.33.verſ.20, & 23. apparet.

47.0 379.0 581.0 42.0 Patres enim poſteriora Dei in legis vmbris vi¬

48.0 411.0 579.0 42.0 derunt: nos autem in Euãgelij luce & implemen¬

48.0 445.0 581.0 37.0 to videmus faciem ipſam, & ipſam vmbrarum

49.0 477.0 579.0 41.0 veritatem: non tamen ipſam Dei eſſentiam, qua¬

46.0 508.0 583.0 42.0 lis in ſeſe eſt, proptereà videmus. Sed & cùm

46.0 542.0 583.0 39.0 Abrahamus ſcribitur vidiſſe Deum, id certè me¬

45.0 575.0 580.0 41.0 tonimicôs intelligendum eſt, quia ſigna & Sym¬

45.0 613.0 580.0 34.0 bola ocuns cernebat, per quæ Deus ſe præſentẽ

44.0 637.0 581.0 42.0 illîc eſſe teſtabatur, ipſam autem Dei eſſentiam

43.0 672.0 581.0 38.0 non videbat. Sic in columba viſus eſt Spiritus

44.0 701.0 580.0 45.0 ſanctus à Ioanne Baptiſta Luc.3.verſ.22. Iren.lib.

45.0 737.0 218.0 40.0 4. cap.37.explicat.

47.0 769.0 578.0 40.0 Quòd autem hæretici quidam ſenſerunt ipſam

43.0 799.0 581.0 45.0 Filij Dei θεότητα fuiſſe per ſeſe ſemper viſibilem,

44.0 845.0 581.0 31.0 quiu natrious apparuitsetlair aite quamn incarna¬

41.0 867.0 583.0 42.0 retur Chriſtus, nempe quando cum illis eſt col¬

41.0 900.0 583.0 42.0 cutus. Itaque quod hoc loco dicit Paulus, Deum

42.0 931.0 582.0 42.0 videri non poſſe, de ſola Patris perſona & Deitate

41.0 967.0 583.0 39.0 accipiendum, planè (inquam) hoc falſum eſt: &

41.0 996.0 582.0 40.0 præclarè ab Auguſtino refutatum in lib.8.de Ge¬

41.0 1028.0 193.0 39.0 neſi ad literam.

76.0 1060.0 548.0 40.0 Quæritur autem vtrum vox hæc ὀδεὶς ἀνθρώπων

40.0 1093.0 582.0 39.0 ad homines tantùm ſit referenda, & eos quidem

40.0 1127.0 580.0 37.0 adhuc mortales vel hîc degentes, an Angelos e¬

39.0 1160.0 581.0 49.0 tiam, imprimis beatos complectatur: atque pios
