1000 1448
224.0 98.0 178.0 18.0 CAPVT. V.

43.0 117.0 578.0 46.0 cæt. Vtranque tamẽ non niſi propter rem & deli

43.0 153.0 574.0 40.0 ctum iam notorium, fieri debere. Hęc illi. Alij

43.0 186.0 577.0 42.0 aliter diſtinguunt. Volunt.n ex iis tantùm cauſſis

44.0 219.0 577.0 40.0 & criminibus excommunicationem iaci poſſe in

41.0 250.0 580.0 43.0 aliquẽ, ex quibus quis dãnatus lege Dei lapidaba

44.0 284.0 576.0 40.0 tur & moriebatur. Ex quibus autem cauſſis dãna¬

42.0 316.0 577.0 42.0 tus neque lapidaretur, neque vltimo capitis ſup¬

43.0 349.0 576.0 41.0 plicio afficeretur, non poſſe quenquam excom¬

42.0 380.0 579.0 41.0 municari. Vtraque diſtinctio non nititur autho¬

41.0 412.0 579.0 42.0 ritate ſcripturæ. Ac quidem proxima ciuilem

41.0 449.0 577.0 36.0 Iudæorum politiam cum Eccleſiaſtica planè cõ¬

41.0 477.0 580.0 41.0 fundit: illa autem altera Scholaſticorum diſtin¬

41.0 510.0 578.0 37.0 ctio cauſas excommunicationis veras non ani¬

40.0 543.0 581.0 39.0 maduertit, quas in 2. Theſſaloni.3. vno verbo tra¬

39.0 574.0 578.0 42.0 dit Paulus, dum ait, ὠτις ὀυχ ὐπακόει. Ergo & in

41.0 607.0 575.0 37.0 peceato, & in crimine contumacia animi & ob¬

39.0 638.0 579.0 41.0 ſtinatio in perſeuerando vel nõ pœnitẽdo eſt ve¬

40.0 670.0 578.0 38.0 riſſima excommunicationis cauſa: vti reſipiſcen¬

40.0 704.0 579.0 41.0 tia & dolor peccati eſt cauſa abſolutionis aut re¬

40.0 740.0 578.0 35.0 uocationis in Dei cœtũ & Eccleſiã. Confirmatur

39.0 769.0 578.0 37.0 noſtra ſententia dicto Chriſti Matth. 18.verſ.17.

38.0 803.0 582.0 40.0 Si te nõ auditdic Eccleſię, ſi nõ audit Eccleſiã, ſit

37.0 835.0 582.0 41.0 tibi Ethnicus. Ergo contumaciã, & pertinaciam

37.0 868.0 582.0 41.0 animi damnat Chriſtus, quia qui corrigi non vult

37.0 900.0 582.0 42.0 etiã in re leui, per quam tamẽ offendiculũ præbet

37.0 933.0 580.0 40.0 Eccleſiæ, ſed in ea perſeuerat, monitus ſæpe

39.0 962.0 579.0 45.0 ſæpiùs, poterit tandem excõmunicari ſi ædifica¬

41.0 996.0 294.0 40.0 tio Eccleſiæ id requirat.

68.0 1024.0 552.0 46.0 Notorium autem eſſe delictum oportet, quia

37.0 1061.0 583.0 41.0 propter ſcandalum fit excommunicatio. Quod

35.0 1094.0 584.0 42.0 autem eſt ignotum, offẽ diculum præbere cuiquã

34.0 1127.0 584.0 41.0 non poteſt. Ergo ignotum peccatum, vel crimen

35.0 1158.0 579.0 50.0 quantumuis magnum, nõ eſt excommunicabil e¬
