1000 1448
600.0 99.0 37.0 40.0 293

239.0 106.0 183.0 26.0 CAPVT. V.

65.0 124.0 578.0 47.0 ximè poſt annum Domini 700. Antea enim etſi

66.0 160.0 578.0 46.0 fuerant quædam, omnino tamen pauca & rara

68.0 193.0 574.0 45.0 erãt fœminarum & virginum Monaſteria extru¬

67.0 226.0 576.0 45.0 cta. Atque tres tantùm earum ordines conceſſi

65.0 256.0 576.0 47.0 ſunt primùm, & probati eodem illo ſeculo, nem¬

68.0 290.0 573.0 43.0 pe poſt annum Domini 700. quòd tunc demum

64.0 321.0 577.0 45.0 ex Synodo Hiſpalenſi cap.11. ad inſtituta Mona¬

64.0 355.0 577.0 46.0 chorum cœperunt reuocari.i. ex magna ſuper¬

61.0 386.0 581.0 42.0 ſtitione regi & inſtitui Moniales: id quod antea

61.0 418.0 580.0 43.0 non fiebat. Tres autem illi Monacharum ordi¬

61.0 452.0 580.0 42.0 nes primùm hi fuerunt, ordo Baſilij, Benedicti,

61.0 484.0 580.0 42.0 Auguſtini, extra quos nulli fœminæ eſſe licuit

62.0 515.0 579.0 47.0 Moniali, quodcunq; votũ vouiſſet & ſuſcepiſſet

58.0 548.0 579.0 46.0 can. Pernicioſam 18. quæſt.2. Hodie verò infinita

61.0 594.0 578.0 33.0 prorlus lune carui genera, & adeo diuerſa, vt

57.0 612.0 581.0 46.0 nihil inter ſe ſimile penè habeant. Sunt enim hoc

58.0 645.0 579.0 45.0 noſtro ſeculo Monachæ, Benedictinæ, Bernardi¬

59.0 676.0 578.0 47.0 næ, Franciſcanæ, Dominicanę, Carmelitanæ, Cle¬

58.0 711.0 495.0 44.0 ranæ, Auguſtinianę, & aliæ plures ſpecies.

89.0 742.0 548.0 47.0 Ita verò primùm fuerat in ſuſcipienda profeſ¬

57.0 774.0 577.0 46.0 ſione cõſtitutũ, vt nulla ante 4o. ætatis annũ votũ

57.0 804.0 578.0 51.0 vlliꝰ ordinis ſuſciperet, aut ſi ſuſcepiſſet ne obliga

56.0 840.0 579.0 43.0 retur, can. Diaconiſſam 27.q. 1.can. Sanctimonia¬

55.0 872.0 578.0 47.0 les 20.q.1. Deinde hoc tempus, tanquam longius

57.0 903.0 577.0 44.0 eſſet, reſtrictum eſt, atque conſtitutum vt ſtatim

57.0 937.0 577.0 43.0 poſt viceſimum quintum ætatis annum poſſet

56.0 968.0 577.0 43.0 virgo quælibet votum Monaſticum ſuſcipere, &

55.0 1032.0 578.0 47.0 20.quæſt. 1. Sed & hoc ipſum quoque annorum

55.0 1066.0 575.0 43.0 ſpatium poſtea eſt imminutum, atque ſancitum,

55.0 1098.0 574.0 46.0 vt ſtatim poſt pubertatis annos poſſent mulieres

56.0 1130.0 575.0 49.0 virginitatem perpetuam vouere: quanquam con¬

52.0 1163.0 580.0 51.0 ſecratio earum differebatur vſq; ad annum æta¬

465.0 1201.0 58.0 43.0 t.iij.
