1000 1448
578.0 61.0 55.0 52.0 481

245.0 90.0 191.0 20.0 CARTTVI

58.0 104.0 581.0 46.0 Deo loquimur cuius natura nobis eſt incompre¬

57.0 140.0 578.0 42.0 henſibilis, noſtro more, noſtríſque verbis loqui,

58.0 172.0 578.0 43.0 vt aliquid de eo pro ingenij noſtri captu dica¬

58.0 205.0 579.0 41.0 mus & explicemus. Quod etſi non eſt æquale

57.0 238.0 580.0 38.0 Dei ipſius maieſtati & eſſentiæ: ex noſtro tamẽ

57.0 269.0 584.0 41.0 more ſentiendi & loquendi verum eſt. Itaq; Deũ

57.0 302.0 580.0 38.0 dicimus & beatum & potentem, non quaſi com¬

58.0 333.0 580.0 44.0 poſitam illius naturam ſtatuentes: non quòd illi

59.0 366.0 581.0 39.0 qualitates & accidẽtia tribuere velimus, & aliud

60.0 399.0 580.0 41.0 quid præter ſimpliciſſimam ipſius eſſentiam in

60.0 432.0 580.0 39.0 eo fingere: ſed quòd humanus captus atque hu¬

60.0 466.0 580.0 38.0 manum eloquium aliter explicare commodè &

59.0 497.0 580.0 41.0 ſatis intelligenter ſeipſum non poteſt, cùm de

58.0 528.0 580.0 40.0 Deo eſt nobis agendum. Cùm igitur ſic loquatur

58.0 569.0 583.0 35.0 Deriphitus de Deo,neque non ipinde eo ſic lo¬

60.0 594.0 580.0 42.0 qui metuamus, & Deum appellare beatum, po¬

61.0 625.0 580.0 43.0 tentem, ſapientem, & c. Quod fit citra vllam Dei

61.0 659.0 576.0 44.0 blaſphemiam, ſi, quemadmodum diximus, fuerit

61.0 693.0 144.0 41.0 acceptum.

86.0 720.0 552.0 45.0 Beatus) Μακάριος. Eſt Deus omnis fœlicitatis

61.0 756.0 578.0 41.0 fons, & ſcaturigo, quam & in ſe, & à ſe habet,

61.0 789.0 577.0 38.0 non aliunde, vt angeli, beati: vel etiam vt homi¬

61.0 821.0 576.0 43.0 nes. Sic etiam ab Ethnicis dij ipſorum appellan¬

61.0 855.0 577.0 41.0 tur μακάριονvt paſſim ab Homero, quòd ſit men¬

62.0 886.0 577.0 37.0 tibus hominum inſcripta à natura hæc ſententia

64.0 917.0 576.0 41.0 Nihil Deum eſſe poſſe, quin illud idem ſit beatũ

63.0 951.0 578.0 39.0 in ſe, & corruptionis omnis expers & immune.

64.0 982.0 576.0 45.0 Id quod vox Μακαρ propriè ſignificat, quaſi per

64.0 1015.0 578.0 39.0 epentheſin literæ μ voce deducta à vocabulo ακα¬

64.0 1048.0 581.0 42.0 tùs quod inſecabile & imminutum ſignificat. Sic

65.0 1078.0 581.0 43.0 Eraſmus ex Grammaticis interpretatur. Secutus

65.0 1112.0 581.0 43.0 ſanè eſt Paulus vulgarem & tritam vocis huius ſi¬

68.0 1146.0 575.0 50.0 gnificationem, qua beatum & fœlicem aliquem

480.0 1174.0 58.0 55.0 H.j.
