1000 1448
180.0 102.0 191.0 21.0 CAPVT VIs

567.0 89.0 47.0 44.0 445

31.0 117.0 582.0 47.0 ſtitus & victus luxum eſſe & ſemper fuiſſe ve¬

32.0 156.0 577.0 41.0 riſſimam Eccleſiæ corruptelam reſpondet Boni¬

32.0 189.0 580.0 40.0 facius Martyr. Id quod verum eſſe rerum expe¬

32.0 220.0 577.0 40.0 rientia manifeſtiſſimè docet hodie in Papatu,

36.0 264.0 576.0 31.0 quo magie nor ao nta magnarum opum copia

35.0 290.0 574.0 38.0 cauere debent Epiſcopi Euangelici & paſtores.

80.0 337.0 533.0 51.0 9 Qui autem volunt diteſcere, incidũt

35.0 376.0 579.0 47.0 in tentationem & laqueum, & cupiditates

35.0 415.0 580.0 48.0 multas amentes & damnoſas, quæ demergũt

36.0 455.0 449.0 41.0 bomines in exitium & interitum.

65.0 502.0 550.0 42.0 Εʹπεξεργασία Perſequitur enim ſuſceptam ex¬

36.0 534.0 580.0 43.0 hortationem de fugiendo opum accumulanda¬

37.0 566.0 578.0 44.0 rum ſtudio Deterret autem ex effectis & pericu¬

37.0 598.0 579.0 43.0 lo, quod huiuſmodi ſtudium comitatur. Ita verò

38.0 631.0 578.0 43.0 comparat & enumerat Paulus hæc effecta diuer¬

37.0 664.0 576.0 43.0 ſa & varia, vt alia aliorum reſpectu & ratione

37.0 697.0 578.0 42.0 ſint antecedentia & priora ac velut cauſæ: alia

41.0 738.0 576.0 35.0 vero poſterſora lequentia, & tanquai teterrimi

40.0 762.0 573.0 44.0 è ſuperioribus fructus promanantes. Sunt igitur

39.0 795.0 578.0 43.0 nut checta Cupiditates, quas, & Amentes, &

40.0 825.0 577.0 42.0 Damnoſas vocat. Naufragium ſiue defectio a fi¬

41.0 859.0 577.0 42.0 de. Illud effectum prius eſt: hoc autem poſterius

41.0 892.0 201.0 41.0 eſt & ſecundum.

69.0 922.0 548.0 45.0 Eſt autem totus hic locus ὀθικὸς & παραμνεπαὸν

41.0 957.0 577.0 39.0 id eſt, prauorum morum ſtudiíque hominum

45.0 988.0 380.0 44.0 præpoſteri & inſani increpatio

72.0 1020.0 546.0 41.0 Eſt verò eò magis neceſſaria hæc exhortatio,

44.0 1053.0 575.0 44.0 quòd commune, vile, & penè nullum vitium ha¬

43.0 1088.0 575.0 39.0 betur inter homines auaritia: imò verò laudatur

44.0 1118.0 575.0 45.0 nomine diligentiæ (vt ait ille tanquam frugi lau¬

45.0 1152.0 575.0 48.0 datur auarus) nomine induſtriæ, & prudentiæ.
