1000 1448
259.0 101.0 199.0 18.0 CANVAVE

585.0 78.0 43.0 47.0 509

61.0 118.0 573.0 45.0 gregem, in quo vos Spiritus ſanctus conſtituit

58.0 151.0 575.0 45.0 Epiſcopos, &c. Et Apocalypſ.cap.1.v.2. & Malac.

59.0 185.0 572.0 41.0 2. nomine Angelorum & Nuntiorum Dei ap¬

61.0 214.0 573.0 46.0 pellantur Eccleſiæ paſtores. Ergo huius depoſiti

60.0 249.0 573.0 40.0 rationem reddent. Neque Domini ſunt gregis

60.0 280.0 575.0 42.0 ſibi commiſſi, vt etiam Petrus ait 1.Pet.5. ſed

60.0 319.0 577.0 38.0 Deus iple mus gregis Doinus eſt. v ti depoſi¬

61.0 345.0 576.0 43.0 tarius rei apud ſe depoſitę Dominus non eſt: ſed

62.0 379.0 411.0 41.0 tantum eſt illius cuſtos ad tempus.

92.0 409.0 547.0 45.0 Seruare autem eſt non modò gregem Domini

62.0 441.0 574.0 44.0 non minuere, ſed etiam augere. At que ita ſe ge¬

63.0 473.0 577.0 42.0 rere, vt ſe Dei donis indignos & ſpoliandos non

64.0 505.0 575.0 46.0 præbeant, qui ea habent, quíque Eccleſiæ præfi¬

67.0 540.0 574.0 43.0 ciuntur. Cùm enim Dei donis abutimur, aut ea

65.0 580.0 575.0 35.0 Ipermime,ne que Minnue grorlam impendimus,

65.0 602.0 575.0 44.0 tunc ijs priuamur à Deo, ita quidem vt etiam au¬

66.0 634.0 576.0 44.0 ferantur ab eo, qui vel nihil vel pauca habet, quia

67.0 668.0 574.0 42.0 quod habet talentum non conuertit in lucrum

67.0 699.0 573.0 46.0 creditoris & Domini, à quo acceperat Matth.15.

99.0 731.0 543.0 41.0 Cur autem depoſitum ſibi datum non ſeruent

68.0 764.0 573.0 43.0 homines, duplex cauſa eſt, vel quòd doctrinæ fi¬

69.0 798.0 575.0 42.0 deíque puritas violatur & in hæreſin vel matæo¬

68.0 830.0 577.0 44.0 logiam conuertitur: vel quòd turpis vitæ ex¬

69.0 861.0 574.0 44.0 empla cęteris præbent, Deúmque ipſi offendunt.

74.0 894.0 572.0 43.0 Quo vtroque vitio carere debent, qui depoſitũ

70.0 925.0 574.0 44.0 & dona ſibi à Deo collata habere, retinere &

70.0 967.0 393.0 33.0 ferdate m idam iarttem cupiunt.

102.0 989.0 544.0 43.0 Atque vt depoſitum Dei à nobis ſeruandum

71.0 1021.0 575.0 43.0 eſt: ita illius corruptela fugienda atque auerſan¬

72.0 1054.0 576.0 44.0 da eſt. Ea autem eſt vniuerſa matæologia & quæ¬

72.0 1086.0 577.0 45.0 ſtionum, oppoſitionum, contentionum & inaniũ

74.0 1119.0 574.0 44.0 ſpeculationum plena diſputatio, oſtentatio, &

73.0 1151.0 574.0 46.0 ſcientia, quam falſam ſcientiam appellat Paulus,

74.0 1184.0 574.0 52.0 quæ facit vt à vera fide illiúſque doctrina lon¬
