1000 1448
349.0 131.0 573.0 50.0 verba τπεργισίας ἀντιλαμβανόμενοι accipiunt, &

346.0 169.0 576.0 44.0 ad curam, quam de ſuis ſeruis habent Domini, re¬

347.0 203.0 575.0 44.0 ferunt, quaſi hoc argumento vtatur Paulus, eò

347.0 233.0 572.0 46.0 magis Dominos fideles reuerendos verè eſſe,

349.0 265.0 573.0 47.0 quod de ſuis ſeruis ſolliciti ſint, illíſque beni¬

351.0 299.0 570.0 47.0 gniores atque humaniores. Sed hæc ſententia fa¬

347.0 333.0 578.0 45.0 cit ſeruorum obſequium mercenarium. Præterea

348.0 363.0 573.0 49.0 nihil, quod ſit ſpeciale aut proprium fidelium

348.0 396.0 573.0 44.0 dominorum continet, cùm infideles etiam do¬

346.0 427.0 573.0 47.0 mini, de ſuis ſeruis curam gerant sintque illis ſæ¬

346.0 461.0 577.0 47.0 pè humaniſſimi & clementiſſimi. At Paulus ea

346.0 494.0 575.0 41.0 notat & obſeruat hoc loco, quæ ſunt fidelium

347.0 530.0 574.0 41.0 domnotum prepria & peculiaria: non autem

347.0 558.0 574.0 46.0 illis cum infidelibus dominis cõmunia. Itaque

349.0 592.0 572.0 44.0 vox ἀρργεσίας hoc loco paſſiuè accipitur: non au¬

348.0 622.0 573.0 44.0 tem actiuè: & ad Deum refertur: non autem ad

347.0 657.0 542.0 42.0 dominorum liberalitatem & curam de ſeruis.

461 98 368 44 AD I. PAVL. AD TIM.

352 88 57 60 422

378.0 686.0 543.0 46.0 Hæc doce) Αʹυξησις. Commendat enim ſupe¬

346.0 721.0 575.0 46.0 riorem doctrinam ab vtilitate, cùm eam ſæpius

347.0 753.0 573.0 45.0 & repetendam, & inculcandam eſſe velit. Sic ſu¬

348.0 790.0 157.0 43.0 pra 4verſ.1I.

378.0 814.0 542.0 45.0 Docere, eſt non ſemel tantùm, ſed ſæpius in¬

349.0 851.0 572.0 45.0 gerere. Exhortari eſt viuis aculeis, & ſtimulis

347.0 884.0 574.0 39.0 homines ad eam doctrinam amplectendam ex¬

347.0 923.0 573.0 32.0 citare,ce commouere. La quonles vt non tantùm

347.0 949.0 572.0 41.0 leui doctrina: ſed etiam authoritate & increpa¬

346.0 982.0 574.0 42.0 tione nos egere propter naturæ noſtræ peruica¬

346.0 1013.0 573.0 40.0 ciam intelligamus. Neque enim hæc fieri præci¬

347.0 1045.0 571.0 41.0 peret Spiritus ſanctus, niſi ijs omnino habere¬

346.0 1079.0 571.0 40.0 mus opus, tanquam neceſſarijs animi noſtri me¬

345.0 1110.0 101.0 47.0 dicinis.

385.0 1164.0 530.0 61.0 ? Siquis diuerſam docet doctrinam, ne¬

869.0 1209.0 49.0 43.0 que
