1000 1448
233.0 98.0 191.0 18.0 CARTT VI

570.0 76.0 52.0 43.0 444

52.0 111.0 572.0 46.0 argumenti explicatur. Quemadmodum egreſſus

50.0 148.0 576.0 41.0 homo eſt ex vtero matris ſuæ nudus, ſic nudus reuerti¬

50.0 179.0 573.0 43.0 tur, ut diſcedat, quemadmodum venit, neque quic¬

52.0 212.0 573.0 41.0 quam reportat de labore ſuo, quod venire fecit in ma¬

51.0 245.0 572.0 37.0 num ſuam. Illud etiam præclarè Ethnicus quidã

50.0 277.0 573.0 41.0 Infantem nudum cùm te natura crearit, Pauper¬

53.0 312.0 432.0 39.0 tatis onus patienter ferre memento.

85.0 341.0 540.0 41.0 Sed obiici poſſe videtur, ſi hæc non auferimus

48.0 373.0 577.0 38.0 nobiſcum, ſint autem ad huius vitæ curſum con¬

49.0 406.0 579.0 39.0 ficiendum neceſſaria, eò maiori ſtudio videri cõ¬

50.0 440.0 575.0 39.0 quirenda & paranda eſſe quòd ijs in hac mor¬

49.0 473.0 576.0 37.0 tali vita carere non poſſumus. Reſpond. Deum

46.0 504.0 578.0 35.0 iſta nobis omnia affatim atque abundè paraſſe, &

46.0 536.0 578.0 35.0 ab eo tantùm illa eſſe petenda, qui gratis & beni¬

46.0 568.0 578.0 43.0 gnè omnia nobis poſtulãtibus largitur & ſuppe¬

45.0 603.0 578.0 37.0 ditat: adeò vt propter vexationem illam noſtram

45.0 637.0 580.0 32.0 circa Βιωτια atque anxiam de ijs curam, nihil no¬

45.0 664.0 579.0 36.0 bis copioſius aut vberius ex illis ſit affuturũ Mat.

46.0 698.0 577.0 40.0 6.verſ.26.ſed à Deo datur, quicquid benignus il¬

43.0 741.0 581.0 32.0 le pater videt ene nobis commouum atque ne¬

42.0 763.0 464.0 42.0 ceſſarium, & quantum videt expedire.

74.0 795.0 547.0 43.0 Secundum autem argumentum eſt vberrimũ,

45.0 828.0 588.0 41.0 latéque patet, in quo nobis ſunt duo ſpectanda

41.0 860.0 580.0 40.0 Primùm, quod ait, habentes victum & veſtirum.

43.0 892.0 580.0 37.0 Secudùmquod ait nos ijs contentos eſſe dobere.

74.0 929.0 548.0 33.0 Neque verò dubitari poteſt hominem in hũc

41.0 957.0 582.0 39.0 mundum iam conditum, tanquam in domicilium

40.0 987.0 581.0 43.0 ſibi à Deo paratum, rebúſque omnibus abundã¬

41.0 1020.0 580.0 38.0 tiſsimum & inſtructiſsimum inductum fuiſſe, vt

41.0 1053.0 582.0 43.0 apparet Geneſ.1. Poſt peccatum autẽ & pluribus

40.0 1086.0 581.0 41.0 & alijs rebus egere cœpit homo, quàm ante pec¬

39.0 1118.0 579.0 42.0 catum. Cùm enim primum victu tantùm & cibo

41.0 1150.0 576.0 51.0 egeret quia animalis, non autem ſpiritualis con¬
