1000 1448
355.0 85.0 71.0 40.0 200

353 119 581 51 bus fidei, bonæque doctrinæ, quam aſſectatus

357 176 42 27 es.

382.0 212.0 551.0 44.0 Παράκλησις & exhortatio, per quam quæ de

352.0 248.0 580.0 39.0 paſtoris officio & vera doctrina contra hæreſes

352.0 280.0 578.0 39.0 tuenda in vniuerſum dixit, applicat ad Timoth.

351.0 313.0 581.0 40.0 Sic enim nobis agendum eſt, vt quæ funt noſtri

350.0 347.0 581.0 39.0 muneris diligenter perpẽdamus, & ex ijs intelli¬

352.0 379.0 579.0 41.0 gamus, vtrum fungamur officio. Duo verò præ¬

353.0 412.0 577.0 40.0 cipit Paulus I.vt ſuperiorem doctrinam Timot.

349.0 443.0 581.0 42.0 ſuggerat, 2 vt fratribus ipſis. Suggerere (inquit

351.0 476.0 580.0 42.0 Chryſoſtomus) eſt frequenter proponere. Vti

350.0 512.0 580.0 37.0 enim cibis quotidie ad paſtum corporis egemus:

349.0 540.0 581.0 40.0 ſic Dei verbo & ſana doctrina ad pabulum ani¬

350.0 573.0 580.0 39.0 mi, vt ſemel ſanam doctrinam propoſuiſſe non

349.0 608.0 579.0 37.0 fit fatis:neq; odiola cenſeri debeat huius doctri¬

346.0 636.0 584.0 39.0 næ tã neceſſariæ & ſalutaris repetitio, vt eſt 2.Pet.

348.0 669.0 581.0 40.0 I.verſ.12. & 3.verſ.1. cùm Sathanæ impetus in op¬

351.0 701.0 577.0 43.0 pugnanda Dei doctrina nunquam fatiſcat & cõ¬

350.0 737.0 115.0 38.0 quieſcat.

467.0 79.0 377.0 48.0 AD I. PAVL. AD TIM.

381.0 765.0 546.0 39.0 Dixit autem Paulus ὐποτιθέμενος i.ſubiiciens,

347.0 799.0 582.0 40.0 vel ſuggerẽs non autẽ imperans, vt obſeruat hoc

347.0 830.0 579.0 41.0 loco Chryſ. quòd diſtincta ſit muneris & mini¬

347.0 863.0 578.0 41.0 ſterij Eccleſiaſtici ratio à ciuili imperio. Magi¬

344.0 896.0 581.0 39.0 ſtratus imperat: denuntiat autẽ tantùm. Miniſter

347.0 929.0 578.0 39.0 verbi Dei. Quæ tamen denuntiatio habet con¬

345.0 961.0 578.0 35.0 iuncta Dei iudicia & minas, ſi non illi pareatur,

345.0 993.0 578.0 38.0 longè omni pœna corporali formidabiliores &

342.0 1024.0 578.0 43.0 tetriores. Paulus tamẽ 2. Theſſ.3. verſ.12. vtrunq;

344.0 1058.0 579.0 38.0 coniunxit & imperium & obſecrationem, quia

343.0 1090.0 581.0 44.0 Domini ipſius nomine agunt Miniſtri Euangeli¬

342.0 1127.0 345.0 35.0 ci:non autem ſuo & priuato.

368.0 1154.0 555.0 50.0 Ronus erus miniſter) Duplex exhortationis locus

802.0 1190.0 120.0 51.0 nimirum
