1000 1448
249.0 99.0 207.0 27.0 CAPVT  III.

596.0 75.0 55.0 48.0 161

63.0 119.0 586.0 48.0 dam Eccleſiæ: ſed præcipua quædam pars & no¬

62.0 157.0 584.0 41.0 biliſſima (ſunt enim ex ηγκμένων & præpoſitorum

62.0 192.0 584.0 39.0 numero) eos quoque oportet rectè & pulchrè

61.0 222.0 580.0 37.0 in fidei Chriſtianæ doctrina, & arcano eſſe inſti¬

61.0 252.0 586.0 42.0 tutos & edoctos. Abſurdum enim eſſet eos præfi¬

61.0 284.0 584.0 43.0 ci Eccleſiæ, qui veræ & propriæ ipſius Eccleſiæ

60.0 321.0 582.0 36.0 doctrinæ ignari, & rudes eſſent. Altera ratio eſt,

61.0 349.0 583.0 40.0 quòd cùm pauperum & afflictorum qui ſunt in

59.0 382.0 586.0 41.0 Eccleſia curam habeant Diaconi, ad eorum quo¬

60.0 414.0 586.0 40.0 que officium pertinet eos conſolari, erigere, ſuſtẽ¬

60.0 446.0 585.0 43.0 tare, & confirmare in fide. Quod non poſſunt, niſi

60.0 478.0 581.0 39.0 doctrinam fidei apprimè ſciant & teneant. Qui¬

60.0 511.0 586.0 39.0 dam tertiam huius dicti rationem afferunt, ſed

59.0 544.0 586.0 40.0 falſam, nimirum quòd ad Diaconorum officium

61.0 575.0 581.0 43.0 pertineat concionari de Dei verbo, & illud præ¬

61.0 608.0 579.0 44.0 dicare, quemadmodum Philippus, & Stephanus

59.0 641.0 586.0 41.0 fecerunt. Id quod etiam ex Iuone Carnutenſi

61.0 671.0 580.0 44.0 tradit Gratianus in cano. Perlectis 5Ad Diaco¬

61.0 707.0 582.0 39.0 num diſtinct. 25. Hæc autem ſententia falſa eſt.

61.0 748.0 581.0 33.0 Nam quod de stephano & Phmippo affertur eos

61.0 771.0 580.0 42.0 prædicaſſe, verum eſt: ſed non quatenus illi tan¬

61.0 803.0 579.0 43.0 tùm erant Diaconi, imò verò potius quatenus e¬

59.0 835.0 581.0 41.0 tiam Euangeliſta vterque fuit, vti tunc temporis

62.0 869.0 578.0 40.0 varia Dei dona in vno & eodem fuerunt à Deo

60.0 900.0 134.0 41.0 cumulata:

88.0 929.0 553.0 41.0 Ergo admonet me hic locus, vt de Diaconorũ

59.0 963.0 583.0 42.0 officio aliquid dicam tum ex Dei verbo, tum ex

59.0 996.0 582.0 40.0 ea, quæ in veteribus Synodis extat, diſciplina.

60.0 1028.0 581.0 43.0 Diaconorum in verbo Dei duplex genus eſſe vi¬

60.0 1061.0 580.0 41.0 detur, vt colligitur ex Paulo Ramanor.12. verſ.7.

59.0 1092.0 582.0 40.0 8. Alij enim verſabãtur in Ipſius ærarij collectio¬

59.0 1125.0 582.0 39.0 ne, cura, procuratione tota. Hi ſunt velut Oeco¬

58.0 1160.0 585.0 45.0 uomi Eccleſiæ. Tales fuerunt etiam Procuratores

493.0 1192.0 39.0 44.0 1.j.
