1000 1448
237.0 98.0 192.0 20.0 CARTI VI

592.0 74.0 8.0 46.0 5

607.0 73.0 15.0 42.0 09

59.0 110.0 574.0 47.0 volo, non nudare illos volo, non inanes relin¬

60.0 146.0 573.0 43.0 quere. Doceo lucrum, cùm oſtendo, vt theſauri¬

59.0 177.0 573.0 45.0 zent ſibi. Non dico, vt perdant, ſed quò migrent

61.0 210.0 572.0 45.0 oſtendo. Hæc Auguſtinus. Ergo qui benefacit

59.0 242.0 574.0 42.0 & largitur proximo, ille theſaurum cœleſtem ſi¬

60.0 276.0 573.0 39.0 bi congerit, condit, & coaceruat, omni terreno

60.0 315.0 573.0 36.0 & numanothelauro ionge præicantiorem. Simi¬

60.0 340.0 574.0 46.0 lis locus Luc 12.verſ.33. Nam qui dat pauperi fœ¬

61.0 375.0 352.0 38.0 neratur Deo, vt ait Solomon.

91.0 403.0 545.0 45.0 Appellat autem has ex benignitate noſtra er¬

61.0 439.0 574.0 42.0 ga alios comparatas opes theſaurum cœleſtem,

60.0 470.0 575.0 44.0 itémque Fundamentum, & Bonum quidem. Fũ¬

60.0 504.0 577.0 39.0 damenti vox opponitur tum incertitudini, tum

60.0 535.0 576.0 44.0 crialiritugnituil terrenarum opum. Sunt enim

58.0 566.0 578.0 44.0 non tantùm incertæ: ſed, etiamſi teneantur cadu¬

60.0 600.0 577.0 42.0 cæ, quia conſumuntur, & ipſo vſu pereunt. At

60.0 633.0 575.0 44.0 cœleſtes opes neque auferri poſſunt, neque con¬

62.0 672.0 236.0 35.0 ſumuntur vnquam.

92.0 696.0 544.0 42.0 Bonum autem appellat. Quæ vox oponitur &

60.0 730.0 576.0 44.0 terrenarum opũ fallaciæ, & miſerijs, quas eædẽ

61.0 770.0 575.0 36.0 opes pariunt in animis diuitum, tum vt quæran¬

61.0 797.0 575.0 41.0 tur, tum vt conſeruentur. Itaque non tam com¬

61.0 827.0 574.0 44.0 moditas quædam, quàm incommoditas magna,

61.0 858.0 574.0 45.0 niſi benè ijs vtamur, in ijs opibus ineſſe videtur.

65.0 891.0 571.0 42.0 Vnde propriè non videntur appellendæ Bona

63.0 926.0 465.0 41.0 quædam, ſed impedimenta, & laqueus.

93.0 954.0 542.0 46.0 Quod addit ſeipſis & in poſterum ſuaiμρά Cαιnο̃

61.0 988.0 575.0 41.0 caret. Nam ſua quærunt diuites. Sibi autem, vt

61.0 1020.0 573.0 43.0 ait Paulus, has cœleſtes opes congerant. Itaq;

64.0 1052.0 571.0 42.0 eò in benefaciendo largiendóque alacriores &

64.0 1084.0 573.0 45.0 promptiores eſſe debent. Cùm autem ait, id in

62.0 1121.0 573.0 39.0 posterum, appariturum, omnem eorum cogita¬

63.0 1151.0 573.0 44.0 tonem ab huius vitæ, & ſtatus intuitu auertit, &
