1000 1448
226.0 106.0 199.0 18.0 CAPVT III.

605.0 94.0 11.0 37.0 2

59.0 125.0 584.0 45.0 cõtinet velut & differentiam. Ex quo ipſo magis

59.0 162.0 584.0 40.0 admirabilis, inſcrutabilis, & auguſta apparet hæc

63.0 194.0 580.0 42.0 veritas, eóq; ipſo excellentius eſt Euangelicũ mi¬

61.0 226.0 580.0 42.0 niſteriũ, per quod illa diſpenſatur & annuntiatur.

61.0 259.0 582.0 41.0 Habet verò hæc explicatio quatuor partes. Pro¬

61.0 294.0 578.0 39.0 ponit enim 1 Rẽ ipſam. i. Incarnationẽ Chriſti,

61.0 324.0 578.0 42.0 in qua ineſt etiam Approbatio ipſius deitatis,

61.0 356.0 580.0 42.0 2 Teſtimonium huius myſterij. 3 Prædicatio¬

59.0 389.0 562.0 41.0 nem & receptionem admirabilem eiuſdem. 4

61.0 430.0 581.0 29.0 Conuicroneul denqyneucuiq marertatis Chri¬

60.0 453.0 584.0 40.0 ſti, in qua nunc eſt. Quæ ſingula ſummam con¬

60.0 484.0 583.0 42.0 ſolationem nobis afferunt, & miram Dei tum po¬

61.0 517.0 520.0 42.0 tentiam, tum etiam ſapientiam oſtendunt.

90.0 549.0 553.0 42.0 Primùm igitur Deus dicitur cõſpicuus factus

61.0 581.0 580.0 41.0 eſſe in carne (nec enim quæ ſequuntur, referen¬

62.0 617.0 579.0 35.0 da ſunt ad myſterium, ſed ad Chriſtum: etſi &

64.0 649.0 577.0 40.0 vetus interpres, & Eraſmus, & alicubi Fulgẽtius

65.0 682.0 577.0 36.0 ita accipiunt, & corruptè in quibuſdam exem¬

61.0 712.0 580.0 42.0 plaribus olim legebatur ò, proὸs, quod ôs etiam

62.0 744.0 580.0 43.0 ex θεὸς factum eſt, vt fidei noſtrę de deitate Chri¬

60.0 778.0 581.0 42.0 ſti doctrina certiſſima, quæ hîc continetur, con¬

61.0 812.0 580.0 42.0 uelleretur.) Hic autem Deus, qui eſt conſpicuus

61.0 843.0 580.0 41.0 nobis factus, eſt Filius Dei & λόγος, non autem i¬

62.0 876.0 582.0 40.0 pſe Pater Hebr.1. Ioann.1.qui Filius vti Deus eſt

61.0 909.0 582.0 41.0 Prouerb.8. ita Deus, & magnus quidem, appella¬

60.0 941.0 584.0 40.0 tur Rom.9. verſ.5. Tit.2. verſ. 13. quantumuis id

60.0 972.0 584.0 41.0 negent Arriani, qui refutantur Ioann.1o.v.3o. Hic

62.0 1006.0 579.0 40.0 igitur Deus Filius conſpicuus nobis factus eſt,

62.0 1036.0 580.0 43.0 non tantùm aliquo ſigno præſentiæ ſuæ homini¬

63.0 1069.0 580.0 41.0 bus dato, vt cùm in rubo ardenti apparuit: non

64.0 1102.0 577.0 37.0 etiam aſſumpta tãtùm ad tempus humana forma,

67.0 1135.0 577.0 40.0 vt cùm apparuit Abrahamo ſedenti ad quercum

65.0 1166.0 581.0 45.0 Mamré. Geneſ.8. & Exod.3. Nec quale illud &

468.0 1209.0 54.0 36.0 m.j.
