1000 1448
397.0 96.0 63.0 27.0 414

523.0 82.0 373.0 35.0 AD I. PAVL. AD TIM.

396.0 111.0 576.0 48.0 perare voluerit, Deo paretis, cùm illis homini¬

395.0 147.0 580.0 46.0 bus paretis, & veſtrum eſt eos à Deo eminentiori

394.0 181.0 580.0 40.0 loco collocatos vobis digniores cenſere, & o¬

394.0 212.0 579.0 43.0 mni honore colendos exiſtimare. Ergo Epicu¬

393.0 247.0 581.0 41.0 rei homines ἀτακτοι, Ἀναρχικὸt, & Libertini, qui

395.0 280.0 578.0 41.0 omne imperium tum priuatum, quale eſt domi¬

392.0 315.0 581.0 37.0 norum in ſeruos, mariti in vxorem, parentum

392.0 345.0 579.0 40.0 in liberos: tum etiam publicum, quale eſt Magi¬

391.0 377.0 580.0 38.0 ſtratus in ciues & ſubditos, ſublatũ vellent, pror¬

392.0 415.0 582.0 35.0 lus pugnant cumnoor auirdiete, & diſtinctionẽ

392.0 444.0 581.0 39.0 perſonarum, cuius Deus ipſe author eſt, euertũt:

391.0 477.0 580.0 44.0 atque ita euadunt in Deum ipſum iniurij, non

391.0 509.0 248.0 38.0 tantùm in homines.

423.0 538.0 549.0 44.0 Ait Paulus, omni honore dignos exiſtimanto, Du¬

392.0 571.0 578.0 42.0 plex eſt horum verborum vtilitas. Prima ne ſer¬

390.0 604.0 579.0 42.0 ui, néve ſubditi dominos, aut eos, quos Deus illis

388.0 636.0 582.0 45.0 præfecit, dedignentur, quòd ſe præſtantiores at¬

388.0 670.0 581.0 41.0 que longe excellentiores exiſtiment. Nec enim

386.0 702.0 583.0 40.0 ex induſtriæ, vel corporis, vel ingenij viribus æ¬

386.0 736.0 582.0 36.0 ſtimandum eſt, vtrum nos illis præſtemus, atque

390.0 768.0 577.0 40.0 vtrum eis parere ſubiicíque debeamus: ſed ex eo

390.0 802.0 577.0 39.0 potius, quòd dominus ipſe illos præfecit: nos au¬

388.0 832.0 580.0 40.0 tem ſubditos eſſe voluit. Dat enim Dominus re¬

389.0 867.0 578.0 39.0 gna aut poteſtatem cui vult, non illi ſemper,

390.0 900.0 577.0 36.0 quem maioribus & excellentioribus ingenij do¬

388.0 930.0 579.0 40.0 tibus & donis ipſe ornauit, Quod cùm facit Do¬

387.0 962.0 579.0 40.0 minus, iuſtè tamen facit. Ergo ne ſubditi, ne ſer¬

387.0 994.0 579.0 42.0 ui ſuas & perſonas & dotes cum præfectorũ vel

386.0 1027.0 579.0 41.0 dominorũ ſuorũ dotibus & perſonis comparẽt,

390.0 1061.0 575.0 39.0 vt eorum imperium detrectent: ſed agnoſcant

386.0 1091.0 577.0 44.0 honorént que illam diuinæ maieſtatis ſcintillam,

390.0 1125.0 508.0 42.0 quæ communicata eſt à Deo ſuperioribus.

420.0 1155.0 542.0 50.0 Secunda vtilitas eſt, ne perfunctoriè tantùm,

814.0 1192.0 150.0 45.0 & quantum
