1000 1448
358.0 102.0 47.0 35.0 450

481.0 85.0 359.0 42.0 AD I. PAVL. AD TIM

353.0 113.0 579.0 55.0 verbis. Ne nos inducas in tentationem, &c. Hoc

353.0 150.0 581.0 53.0 autem fieri non in vno vel altero tantùm: ſed in

353.0 185.0 581.0 49.0 omnibus φιλοπλουσίοις tum rerum experientia

356.0 217.0 577.0 46.0 probat: tum etiam docent profanorum hominũ

355.0 248.0 576.0 48.0 ſententiæ ex naturæ ſenſu & rerum, quas cerne¬

356.0 278.0 576.0 56.0 bant, vſu prolatæ & expreſſæ: qualis illa, Μνξιπο¬

354.0 314.0 530.0 53.0 λις κακίας απλνςια, item ſenarius iſte vulgatiſſ.

358.0 385.0 247.0 46.0 Sententia Euripidis.

386.0 414.0 387.0 46.0 Oυδές ἐπλότησς ταχέως, δίκσιος ὠν.

356.0 455.0 224.0 39.0 Iuuenalis Saty.14.

388.0 476.0 525.0 50.0 Inde ferè ſcelerum cauſæ, nec plura venena

389.0 509.0 485.0 50.0 Miſcuit, aut ferro graſſatur ſæpius vllum

390.0 544.0 545.0 48.0 Tluihalla lientis iiuun; quam ſæua cupido

389.0 573.0 513.0 49.0 Indomitr cenſus. Nam diues qui fieri vult¬

390.0 605.0 505.0 47.0 Et citò vult fieri. Sed quæ reuerentia veri¬

390.0 639.0 548.0 52.0 Quis metus, aut pudor eſt vnquam properan¬

360.0 678.0 124.0 43.0 tis auari.

364.0 699.0 576.0 56.0 Vnde ab Hebræis appellata eſt auaritia vra Bét¬

360.0 736.0 581.0 53.0 ſah quòd nullum deſyderij modum habeat. De¬

358.0 766.0 581.0 55.0 Ilque legatur Bernard. in ſer.3 in Pſ. Qui habi¬

362.0 802.0 578.0 50.0 tat. & Auguſtinus lib.1. de Ciuit. Dei cap.1o.epiſt.

362.0 835.0 579.0 48.0 IIL.ad Iulia. Comitem. Sed & in Pſalm.128.V.36.

363.0 868.0 579.0 49.0 vna auaritia omnibus Dei mandatis opponitur,

364.0 900.0 579.0 48.0 quæ ex animo noſtro delet prorſus, vt Iudæ Iſ¬

366.0 931.0 577.0 52.0 callotæ, Itémque Ananiæ & Saphiræ exempla

393.0 993.0 549.0 51.0 Rationem verò ſubiicit Paulus, cur tentatio¬

364.0 1029.0 581.0 48.0 nes hæ obrepant, à quibus vincimur, nimirũ quia

363.0 1063.0 581.0 43.0 cupiditates multas affert hic diteſcendi animus.

365.0 1095.0 579.0 44.0 Nihil enim inſatiabilius iſtorum hominum ani¬

366.0 1127.0 579.0 48.0 mo, nihil concupiſcentius: nihil ſollicitius nihil

365.0 1160.0 578.0 55.0 cura magis plenum, nihil ardentius & vigilantius

876.0 1191.0 68.0 39.0 nihil

381.0 350.0 345.0 48.0 Κακον μέγίςτον ἐν θροτοῖς ἀπλιςία.
