1000 1448
477.0 102.0 369.0 46.0 AD I. PAVL. AD TIM.

360.0 119.0 57.0 30.0 180

355.0 135.0 583.0 54.0 Nec enim verè in abſtracto diceretur, etſi verè

356.0 173.0 583.0 50.0 pronuntiaretur in concreto, quia cõcretionis vo¬

355.0 205.0 582.0 47.0 cabula totam Chriſti perſonam deſignant vtra¬

357.0 238.0 580.0 46.0 que natura conſtãtem. Abſtracta autem vocabu¬

358.0 271.0 576.0 45.0 la naturas ipſas ſeorſim & per ſe conſideratas.

391.0 301.0 549.0 49.0 Juſtificatus Spiritu) Eſt adiunctio & ἔνδεξις &

358.0 334.0 585.0 50.0 velut ſuperioris myſterij amplificatio, quòd in

358.0 366.0 583.0 45.0 illa etiam vili natura, quam pro nobis aſſumpſit

360.0 399.0 582.0 45.0 Chriſtus (vt docet Paulus Philip.2.) eluxit, reful¬

358.0 430.0 582.0 51.0 ſit, & apparuit manifeſtiſſimè etiam diuina Chri¬

358.0 464.0 584.0 49.0 ſti natura, quæ hîc Spiritus appellatur. Itaque cõ¬

359.0 497.0 583.0 49.0 uenit hic locus cum Rom. cap.1: verſ. 4. vbi vna

360.0 530.0 582.0 47.0 quædam ſpecies iſtius diuinæ virtutis recenſetur,

358.0 560.0 584.0 50.0 nempe Reſurrectio. Sic etiam 1. Pet.3.verſ.18.

360.0 593.0 582.0 49.0 vbi hæc vis ſpiritus appellatur. Ergo iuſtificare

359.0 625.0 587.0 50.0 eſt non iuſtum declarare & probum virum: ſed

359.0 658.0 586.0 49.0 veriſſimè oſtendere & incõcuſſis argumẽtis, quæ¬

359.0 691.0 584.0 50.0 que refelli non poſſunt, demonſtrare aliquid, pro¬

362.0 723.0 581.0 48.0 bare, & deprehendere, Sic Matth. 11.verſ.19. Quæ

362.0 756.0 583.0 47.0 enim exactè perfecta ſunt & exquiſitè ſiue ad a¬

362.0 789.0 582.0 45.0 muſſim probata, dicuntur iuſtificata eſſe etiam

362.0 819.0 581.0 52.0 apud nos Gallos. Vnde vulgò dicimus, Iustifier

363.0 852.0 583.0 49.0 vn arrest de conte. Iuſtitia enim appellatur omnis

359.0 885.0 587.0 48.0 exacta ratio, quæ obſeruata eſt in re aliqua de¬

364.0 918.0 582.0 48.0 monſtranda. Hoc Pauli dictum oſtendit poten¬

363.0 956.0 581.0 41.0 tiani enffernom pompis & apparatu quodam

365.0 983.0 581.0 45.0 externo apparuiſſe: ſed in ſpiritu, id eſt, in virtute

365.0 1014.0 582.0 47.0 diuina, miraculis, operibus, doctrina cœleſti, &

365.0 1047.0 581.0 47.0 incomprehenſibili ipſius erga homines efficaci¬

364.0 1078.0 583.0 45.0 tate. Deinde tollit Paulus hac voce omnem illã

363.0 1112.0 582.0 48.0 hæſitationem animi, quæ poteſt inhærere nobis,

365.0 1147.0 582.0 46.0 propter humilem Chriſti hominis ſtatum, qui

364.0 1180.0 447.0 50.0 fuit ſeruilis, abiectus, & contemptus.

876.0 1207.0 72.0 52.0 Viſus
