<?xml version='1.0' encoding='UTF-8'?>
<alto xmlns:xsi="http://www.w3.org/2001/XMLSchema-instance" xmlns="http://www.loc.gov/standards/alto/ns-v4#" xsi:schemaLocation="http://www.loc.gov/standards/alto/ns-v4# http://www.loc.gov/standards/alto/v4/alto-4-2.xsd">
  <Description>
    <MeasurementUnit>pixel</MeasurementUnit>
    <sourceImageInformation>
      <fileName>2013300.jpeg</fileName>
    </sourceImageInformation>
  </Description>
  <Tags>
    <OtherTag ID="BT7" LABEL="CustomZone" DESCRIPTION="block type CustomZone"/><OtherTag ID="BT8" LABEL="DamageZone" DESCRIPTION="block type DamageZone"/><OtherTag ID="BT9" LABEL="DigitizationArtefactZone" DESCRIPTION="block type DigitizationArtefactZone"/><OtherTag ID="BT10" LABEL="DropCapitalZone" DESCRIPTION="block type DropCapitalZone"/><OtherTag ID="BT11" LABEL="GraphicZone" DESCRIPTION="block type GraphicZone"/><OtherTag ID="BT12" LABEL="MainZone" DESCRIPTION="block type MainZone"/><OtherTag ID="BT13" LABEL="MarginTextZone" DESCRIPTION="block type MarginTextZone"/><OtherTag ID="BT14" LABEL="MusicZone" DESCRIPTION="block type MusicZone"/><OtherTag ID="BT15" LABEL="NumberingZone" DESCRIPTION="block type NumberingZone"/><OtherTag ID="BT17" LABEL="QuireMarksZone" DESCRIPTION="block type QuireMarksZone"/><OtherTag ID="BT18" LABEL="RunningTitleZone" DESCRIPTION="block type RunningTitleZone"/><OtherTag ID="BT19" LABEL="SealZone" DESCRIPTION="block type SealZone"/><OtherTag ID="BT20" LABEL="StampZone" DESCRIPTION="block type StampZone"/><OtherTag ID="BT21" LABEL="TableZone" DESCRIPTION="block type TableZone"/><OtherTag ID="BT22" LABEL="TitlePageZone" DESCRIPTION="block type TitlePageZone"/><OtherTag ID="BT3407" LABEL="MainZone-Continued" DESCRIPTION="block type MainZone-Continued"/><OtherTag ID="BT3408" LABEL="MainZone-P" DESCRIPTION="block type MainZone-P"/><OtherTag ID="BT3409" LABEL="MainZone-Head" DESCRIPTION="block type MainZone-Head"/><OtherTag ID="BT3410" LABEL="MainZone-Other" DESCRIPTION="block type MainZone-Other"/><OtherTag ID="BT3411" LABEL="MainZone-Sp" DESCRIPTION="block type MainZone-Sp"/><OtherTag ID="BT3417" LABEL="MainZone-Sp-Continued" DESCRIPTION="block type MainZone-Sp-Continued"/><OtherTag ID="BT3418" LABEL="GraphicZone-Decoration" DESCRIPTION="block type GraphicZone-Decoration"/><OtherTag ID="BT3419" LABEL="MainZone-Entry" DESCRIPTION="block type MainZone-Entry"/><OtherTag ID="BT3420" LABEL="MainZone-Lg" DESCRIPTION="block type MainZone-Lg"/><OtherTag ID="BT3421" LABEL="MainZone-Entry-Continued" DESCRIPTION="block type MainZone-Entry-Continued"/><OtherTag ID="BT3422" LABEL="MarginTextZone-ManuscriptAddendum" DESCRIPTION="block type MarginTextZone-ManuscriptAddendum"/><OtherTag ID="BT3423" LABEL="MainZone-List" DESCRIPTION="block type MainZone-List"/>
    <OtherTag ID="LT7" LABEL="CustomLine" DESCRIPTION="line type CustomLine"/><OtherTag ID="LT8" LABEL="DefaultLine" DESCRIPTION="line type DefaultLine"/><OtherTag ID="LT9" LABEL="DropCapitalLine" DESCRIPTION="line type DropCapitalLine"/><OtherTag ID="LT10" LABEL="HeadingLine" DESCRIPTION="line type HeadingLine"/><OtherTag ID="LT11" LABEL="InterlinearLine" DESCRIPTION="line type InterlinearLine"/><OtherTag ID="LT12" LABEL="MusicLine" DESCRIPTION="line type MusicLine"/>
  </Tags>
  <Layout>
    <Page WIDTH="1000" HEIGHT="1448" PHYSICAL_IMG_NR="296" ID="eSc_dummypage_">
      <PrintSpace HPOS="0" VPOS="0" WIDTH="1000" HEIGHT="1448">
        <TextBlock HPOS="361" VPOS="103" WIDTH="50" HEIGHT="37" ID="block_1" TAGREFS="BT15">
          <Shape><Polygon POINTS="411 103 411 140 361 140 361 103"/></Shape>
          <TextLine ID="line_1" TAGREFS="LT8" BASELINE="365 128 415 127" HPOS="364.0" VPOS="112.0" WIDTH="51.0" HEIGHT="29.0">
            <Shape><Polygon POINTS="365 128 365 141 414 133 415 127 413 116 364 112 365 128"/></Shape>
            <String CONTENT="388" HPOS="364.0" VPOS="112.0" WIDTH="51.0" HEIGHT="29.0" WC="0.976036787033081"/>
          </TextLine>
        </TextBlock>
        <TextBlock HPOS="482" VPOS="97" WIDTH="373" HEIGHT="36" ID="block_2" TAGREFS="BT18">
          <Shape><Polygon POINTS="855 97 855 133 482 133 482 97"/></Shape>
          <TextLine ID="line_2" TAGREFS="LT8" BASELINE="481 127 856 119" HPOS="480.0" VPOS="94.0" WIDTH="376.0" HEIGHT="42.0">
            <Shape><Polygon POINTS="745 108 737 108 729 108 721 108 713 108 705 108 697 108 689 108 681 108 673 108 665 108 657 108 649 108 641 108 633 108 625 108 617 108 609 108 600 108 598 108 592 109 579 108 576 108 568 108 560 108 552 108 544 108 536 108 528 108 520 108 512 108 504 108 496 108 488 108 485 108 480 110 481 127 481 131 501 136 502 136 543 131 545 131 553 136 554 136 555 136 555 136 582 131 593 129 604 131 621 135 621 135 622 135 636 131 645 128 650 131 657 134 658 134 658 134 679 131 686 130 702 131 742 132 743 132 744 132 748 130 756 126 855 129 856 119 855 98 781 94 781 94 745 101 745 108"/></Shape>
            <String CONTENT="AD I. PAVL. AD TIM." HPOS="480.0" VPOS="94.0" WIDTH="376.0" HEIGHT="42.0" WC="0.9989836937502811"/>
          </TextLine>
        </TextBlock>
        <TextBlock HPOS="356" VPOS="135" WIDTH="577" HEIGHT="395" ID="block_3" TAGREFS="BT3407">
          <Shape><Polygon POINTS="933 135 933 530 356 530 356 135"/></Shape>
          <TextLine ID="line_3" TAGREFS="LT8" BASELINE="355 165 930 155" HPOS="353.0" VPOS="125.0" WIDTH="577.0" HEIGHT="51.0">
            <Shape><Polygon POINTS="748 156 744 136 730 136 712 129 711 128 710 128 709 128 708 128 707 128 707 129 698 136 679 133 679 133 678 133 663 137 624 130 621 130 620 130 541 131 540 131 539 131 523 140 485 140 462 134 461 134 460 134 460 134 442 141 432 134 432 134 431 134 430 134 429 134 414 141 353 135 355 165 355 174 425 176 426 176 447 172 457 171 465 172 487 176 488 176 489 176 502 171 503 171 506 171 530 175 531 175 532 175 533 175 539 171 543 174 543 174 544 174 545 174 586 170 619 173 620 173 621 173 621 173 628 168 629 168 633 168 661 172 662 172 662 172 663 172 670 167 671 167 678 172 679 172 679 172 680 172 777 166 795 170 796 170 797 170 798 170 818 164 897 167 898 167 899 167 900 167 904 163 917 168 917 168 918 168 919 168 930 161 930 155 929 126 874 125 873 125 872 125 869 127 856 133 825 134 811 127 810 127 809 127 808 127 807 127 805 127 786 135 753 135 748 156"/></Shape>
            <String CONTENT="in cælis. Item &amp; illud Bernardi, paſtorum eſt vi¬" HPOS="353.0" VPOS="125.0" WIDTH="577.0" HEIGHT="51.0" WC="0.9872794297276711"/>
          </TextLine>
          <TextLine ID="line_4" TAGREFS="LT8" BASELINE="356 198 931 189" HPOS="356.0" VPOS="163.0" WIDTH="575.0" HEIGHT="49.0">
            <Shape><Polygon POINTS="356 212 412 205 423 209 423 209 424 209 500 204 509 208 510 209 511 209 512 209 518 208 535 205 556 207 570 208 571 208 580 206 595 202 601 205 605 207 606 207 607 207 617 205 629 202 643 204 658 206 658 206 659 206 660 206 663 204 666 201 674 203 686 205 687 205 687 205 695 203 702 201 708 202 719 205 720 205 720 205 767 201 779 200 785 201 812 204 813 204 814 204 831 199 835 198 842 199 881 203 882 203 931 196 931 189 929 169 873 169 872 169 863 163 862 163 861 163 835 163 834 163 833 163 820 168 798 164 797 164 796 164 795 164 786 170 785 171 773 170 738 168 737 168 736 168 728 171 724 172 722 171 716 168 715 168 714 168 685 171 670 172 664 171 644 166 643 166 642 166 641 166 625 170 561 168 560 168 559 168 542 172 531 175 523 172 516 170 515 170 514 170 514 170 513 170 510 172 507 176 462 176 458 173 452 169 452 169 451 169 450 169 449 169 434 173 420 176 412 173 404 170 403 170 403 170 372 172 371 172 370 172 369 174 366 176 356 174 356 198 356 212"/></Shape>
            <String CONTENT="gilare ſuper gregem propter tria neceſſaria, ni¬" HPOS="356.0" VPOS="163.0" WIDTH="575.0" HEIGHT="49.0" WC="0.986383049438397"/>
          </TextLine>
          <TextLine ID="line_5" TAGREFS="LT8" BASELINE="356 230 930 222" HPOS="355.0" VPOS="197.0" WIDTH="575.0" HEIGHT="44.0">
            <Shape><Polygon POINTS="356 230 356 238 399 241 400 241 401 241 409 237 411 236 423 237 455 239 456 239 515 235 529 234 534 234 563 238 563 238 617 234 625 233 626 233 637 237 638 237 639 237 701 233 765 235 766 235 802 230 876 234 877 234 878 234 879 234 879 233 883 229 930 227 930 222 928 202 877 197 876 197 876 197 875 197 866 202 826 197 825 197 824 197 823 197 818 202 802 198 802 198 801 198 771 204 751 199 750 199 749 199 720 205 695 200 695 200 672 205 661 201 660 201 659 201 601 206 593 202 592 202 592 202 563 207 551 202 551 202 550 202 519 206 469 203 468 203 467 203 466 203 457 209 413 205 412 205 411 205 411 205 403 210 355 210 356 230"/></Shape>
            <String CONTENT="mirum ad diſciplinam, ad cuſtodiam, ad preces." HPOS="355.0" VPOS="197.0" WIDTH="575.0" HEIGHT="44.0" WC="0.9880030712355738"/>
          </TextLine>
          <TextLine ID="line_6" TAGREFS="LT8" BASELINE="357 262 931 252" HPOS="356.0" VPOS="225.0" WIDTH="575.0" HEIGHT="52.0">
            <Shape><Polygon POINTS="750 252 745 235 737 236 674 236 667 234 646 229 645 229 588 234 547 238 512 234 485 232 485 232 403 233 403 233 402 233 398 235 390 240 356 236 357 262 357 277 396 276 397 276 415 270 440 270 449 275 451 275 452 275 452 275 460 275 502 268 534 272 547 274 547 274 548 274 554 272 567 267 582 271 591 273 592 273 592 273 598 271 607 267 625 270 634 271 635 271 650 269 670 266 680 268 690 271 691 271 691 271 692 271 707 267 715 266 723 267 738 270 739 271 777 271 777 270 777 270 778 270 785 266 788 263 794 265 802 268 803 268 804 268 832 264 835 264 836 264 881 268 882 268 883 268 897 263 899 262 931 262 931 252 930 233 891 225 890 225 889 225 888 225 881 230 849 226 848 226 847 226 835 233 833 234 831 233 813 227 812 227 811 227 810 227 795 234 794 234 790 234 768 229 767 229 766 229 765 229 760 234 757 235 755 235 750 252"/></Shape>
            <String CONTENT="In diſciplina rigor iuſtitiæ: in cuſtodia ſpiritus" HPOS="356.0" VPOS="225.0" WIDTH="575.0" HEIGHT="52.0" WC="0.997250360250473"/>
          </TextLine>
          <TextLine ID="line_7" TAGREFS="LT8" BASELINE="356 293 929 285" HPOS="355.0" VPOS="259.0" WIDTH="574.0" HEIGHT="46.0">
            <Shape><Polygon POINTS="356 293 356 300 411 305 412 305 468 299 473 299 478 299 532 303 533 303 534 303 549 298 549 297 601 297 606 297 813 300 814 300 872 295 910 298 911 298 912 298 929 292 929 285 928 265 909 259 908 259 907 259 906 259 905 259 898 265 897 265 872 263 872 263 855 266 851 267 850 266 841 260 840 260 839 260 820 260 819 260 818 260 818 260 813 264 780 261 779 261 674 268 664 269 662 269 646 263 646 263 645 263 609 263 609 263 596 270 596 270 593 270 551 265 551 265 550 265 528 271 524 271 520 271 502 267 501 267 478 271 471 266 471 265 470 265 469 265 469 265 468 265 452 270 411 266 411 266 410 266 395 273 394 274 355 274 356 293"/></Shape>
            <String CONTENT="conſilij: in precibus affectus compaſſionis requi¬" HPOS="355.0" VPOS="259.0" WIDTH="574.0" HEIGHT="46.0" WC="0.9987785065174103"/>
          </TextLine>
          <TextLine ID="line_8" TAGREFS="LT8" BASELINE="357 324 931 317" HPOS="356.0" VPOS="292.0" WIDTH="575.0" HEIGHT="45.0">
            <Shape><Polygon POINTS="750 314 746 301 733 301 728 299 725 296 724 296 724 296 723 296 711 299 707 300 703 299 675 295 674 295 674 295 659 300 654 302 646 300 629 296 569 296 568 296 567 296 567 296 559 302 557 304 476 304 471 304 435 298 434 298 433 298 432 298 424 304 386 302 385 302 356 306 357 324 357 333 527 331 529 332 537 337 538 337 539 337 539 337 540 337 541 337 548 331 551 330 584 331 659 333 660 333 661 333 666 330 669 329 670 330 679 334 680 334 681 334 706 330 707 330 708 330 738 334 739 334 828 331 829 331 830 331 831 329 835 327 864 327 867 329 870 332 871 332 872 332 872 332 930 328 931 317 929 295 893 299 884 296 877 292 876 292 876 292 823 294 822 294 821 294 817 296 811 300 782 300 775 298 766 294 765 294 765 294 764 294 763 294 758 298 755 301 753 301 750 314"/></Shape>
            <String CONTENT="ritur. Cenſura verò hæc eſt multiplex, vti ſupra" HPOS="356.0" VPOS="292.0" WIDTH="575.0" HEIGHT="45.0" WC="0.9974772200292471"/>
          </TextLine>
          <TextLine ID="line_9" TAGREFS="LT8" BASELINE="358 357 930 349" HPOS="357.0" VPOS="324.0" WIDTH="573.0" HEIGHT="42.0">
            <Shape><Polygon POINTS="358 357 358 366 757 364 789 360 814 363 814 363 930 357 930 349 928 331 880 331 874 326 873 326 872 326 872 326 871 326 859 331 846 326 845 326 844 326 843 326 823 331 816 324 815 324 814 324 814 324 756 333 643 327 642 327 588 329 587 329 586 329 586 330 581 334 565 329 564 329 563 329 563 329 562 329 553 336 528 336 489 329 489 329 488 329 470 337 441 333 440 333 440 333 430 337 415 330 414 330 413 330 412 330 401 335 375 331 374 331 374 331 357 337 358 357"/></Shape>
            <String CONTENT="eſt demonſtratum. Reſtat autem vt de excom¬" HPOS="357.0" VPOS="324.0" WIDTH="573.0" HEIGHT="42.0" WC="0.9905574640562368"/>
          </TextLine>
          <TextLine ID="line_10" TAGREFS="LT8" BASELINE="358 390 930 382" HPOS="358.0" VPOS="357.0" WIDTH="572.0" HEIGHT="45.0">
            <Shape><Polygon POINTS="358 390 358 401 403 398 423 400 437 402 438 402 439 402 440 402 441 400 445 396 470 396 482 399 489 401 490 401 491 401 492 401 493 401 496 399 502 395 525 399 534 399 535 399 536 399 537 399 539 398 544 394 602 394 620 397 643 399 644 399 645 399 651 396 654 394 661 396 674 399 674 399 675 399 687 395 691 394 711 394 802 398 802 398 833 393 834 393 856 397 857 397 858 397 873 392 879 390 928 390 930 382 928 362 876 357 876 357 875 357 866 362 864 363 858 362 839 358 839 358 838 358 837 358 831 362 830 363 792 364 790 363 785 360 784 360 783 360 782 360 781 360 771 363 769 364 757 364 682 360 681 360 620 366 609 366 597 366 522 362 522 362 521 362 520 362 514 367 514 368 484 368 481 368 458 363 457 363 430 368 423 363 423 363 422 363 421 363 420 363 407 369 407 369 405 369 366 365 365 365 364 365 363 365 358 368 358 390"/></Shape>
            <String CONTENT="municatione dicamus, quia de reliquis generibus" HPOS="358.0" VPOS="357.0" WIDTH="572.0" HEIGHT="45.0" WC="0.990528996954573"/>
          </TextLine>
          <TextLine ID="line_11" TAGREFS="LT8" BASELINE="358 423 930 415" HPOS="357.0" VPOS="389.0" WIDTH="573.0" HEIGHT="44.0">
            <Shape><Polygon POINTS="358 423 358 433 930 426 930 415 928 394 891 389 890 389 889 389 871 394 831 390 830 390 806 395 799 397 782 397 781 395 774 390 773 390 773 390 772 390 771 390 770 390 764 395 761 397 737 397 720 395 676 391 675 391 632 396 609 399 589 399 586 397 582 393 581 393 580 393 580 393 502 394 502 394 501 394 497 397 496 398 489 397 464 394 463 394 462 394 451 398 440 400 432 398 423 394 422 394 421 394 407 398 393 401 357 399 358 423"/></Shape>
            <String CONTENT="cenſuræ Eccleſiaſticæ quid ſtatuendum ſit, ex ijs," HPOS="357.0" VPOS="389.0" WIDTH="573.0" HEIGHT="44.0" WC="0.9912554574012756"/>
          </TextLine>
          <TextLine ID="line_12" TAGREFS="LT8" BASELINE="359 453 928 446" HPOS="358.0" VPOS="422.0" WIDTH="570.0" HEIGHT="46.0">
            <Shape><Polygon POINTS="680 425 672 425 664 425 661 425 626 429 614 425 608 425 600 430 600 430 555 425 555 425 554 425 553 425 546 431 546 431 529 431 510 431 494 426 493 426 493 426 358 433 359 453 359 468 387 464 407 467 409 467 410 467 411 467 423 461 472 465 482 466 483 466 484 466 485 466 485 465 485 465 490 460 531 464 547 465 548 465 549 465 552 464 560 460 604 463 625 464 625 464 626 464 631 462 637 460 700 460 778 461 779 461 803 458 816 456 822 457 834 460 835 460 835 460 836 460 845 457 847 456 849 457 862 461 863 461 864 461 927 455 928 446 926 426 802 422 802 422 690 428 681 425 680 425"/></Shape>
            <String CONTENT="quæ hoc ipſo capite dicta ſunt à nobis, facile po¬" HPOS="358.0" VPOS="422.0" WIDTH="570.0" HEIGHT="46.0" WC="0.9909740803288478"/>
          </TextLine>
          <TextLine ID="line_13" TAGREFS="LT8" BASELINE="358 487 930 479" HPOS="358.0" VPOS="454.0" WIDTH="572.0" HEIGHT="46.0">
            <Shape><Polygon POINTS="358 487 358 496 465 500 466 500 520 494 526 499 527 499 528 499 529 499 570 498 571 498 585 493 587 493 588 493 611 497 612 497 641 492 644 492 654 492 728 495 728 495 770 491 798 495 798 495 799 495 817 489 818 489 821 489 863 494 864 494 919 493 920 493 930 488 930 479 927 460 885 460 884 460 876 454 875 454 874 454 873 454 848 459 825 454 824 454 823 454 799 461 798 461 795 461 762 455 761 455 761 455 739 462 737 463 666 463 665 463 649 457 648 457 647 457 646 457 646 457 637 464 636 464 614 464 614 464 601 457 600 457 600 457 558 464 556 464 555 464 534 458 534 458 533 458 532 458 514 464 506 459 505 459 504 459 503 459 502 459 488 463 414 460 413 460 358 467 358 487"/></Shape>
            <String CONTENT="teſt intelligi. Ergo de excommunicatione dica¬" HPOS="358.0" VPOS="454.0" WIDTH="572.0" HEIGHT="46.0" WC="0.9854085121465765"/>
          </TextLine>
          <TextLine ID="line_14" TAGREFS="LT8" BASELINE="358 520 888 514" HPOS="357.0" VPOS="490.0" WIDTH="531.0" HEIGHT="42.0">
            <Shape><Polygon POINTS="646 502 638 504 630 504 622 504 614 504 606 504 598 504 590 504 582 504 574 504 566 504 558 504 550 504 542 504 534 504 526 504 518 504 510 504 502 504 493 504 485 504 477 504 469 504 461 504 453 504 445 504 437 504 429 504 421 504 413 504 405 504 397 504 389 504 381 504 373 504 365 504 357 504 358 520 358 531 414 532 415 532 415 532 420 530 432 526 442 530 445 531 446 531 447 532 489 532 489 531 555 530 556 530 562 528 571 525 607 525 613 527 617 530 618 530 619 530 620 530 621 530 621 529 623 527 626 524 680 526 724 528 725 528 744 525 761 522 769 525 774 526 775 526 776 526 887 522 888 514 886 497 856 497 840 490 839 490 839 490 838 490 826 495 767 491 766 491 728 496 720 492 719 492 718 492 717 492 703 496 651 493 650 493 646 502"/></Shape>
            <String CONTENT="mus, de qua ſeptem hæc fære quæri ſolent." HPOS="357.0" VPOS="490.0" WIDTH="531.0" HEIGHT="42.0" WC="0.9918618042294572"/>
          </TextLine>
        </TextBlock>
        <TextBlock HPOS="360" VPOS="529" WIDTH="571" HEIGHT="63" ID="block_4" TAGREFS="BT3419">
          <Shape><Polygon POINTS="931 529 931 592 360 592 360 529"/></Shape>
          <TextLine ID="line_15" TAGREFS="LT8" BASELINE="384 551 930 544" HPOS="383.0" VPOS="522.0" WIDTH="547.0" HEIGHT="41.0">
            <Shape><Polygon POINTS="384 551 384 562 436 559 446 562 453 563 454 563 455 563 456 563 456 563 459 562 465 558 514 558 522 561 528 563 529 563 530 563 530 563 536 561 545 558 592 561 625 563 626 563 646 562 646 562 647 562 649 560 654 556 670 560 670 560 671 560 672 560 677 560 723 555 742 559 746 560 747 560 748 560 751 559 765 555 813 559 822 559 823 559 823 559 824 559 824 559 831 555 859 559 866 559 867 559 868 559 869 559 878 554 928 558 930 544 927 522 383 529 384 551"/></Shape>
            <String CONTENT="1 Vtrum excommunicatio habere locum in" HPOS="383.0" VPOS="522.0" WIDTH="547.0" HEIGHT="41.0" WC="0.9937673462064642"/>
          </TextLine>
          <TextLine ID="line_16" TAGREFS="LT8" BASELINE="359 585 610 580" HPOS="358.0" VPOS="565.0" WIDTH="252.0" HEIGHT="31.0">
            <Shape><Polygon POINTS="551 581 543 581 535 581 527 581 519 581 511 581 503 581 495 581 487 581 479 581 471 583 463 583 455 583 447 583 439 583 431 583 423 583 415 583 407 583 399 583 390 583 382 583 374 583 366 583 358 583 359 585 359 596 553 591 554 591 566 594 567 594 567 594 610 588 610 580 609 570 567 565 567 565 566 565 555 571 554 571 551 581"/></Shape>
            <String CONTENT="mer neciena debeat." HPOS="358.0" VPOS="565.0" WIDTH="252.0" HEIGHT="31.0" WC="0.9882750981732419"/>
          </TextLine>
        </TextBlock>
        <TextBlock HPOS="369" VPOS="594" WIDTH="296" HEIGHT="32" ID="block_5" TAGREFS="BT3419">
          <Shape><Polygon POINTS="665 594 665 626 369 626 369 594"/></Shape>
          <TextLine ID="line_17" TAGREFS="LT8" BASELINE="385 617 659 612" HPOS="384.0" VPOS="587.0" WIDTH="275.0" HEIGHT="42.0">
            <Shape><Polygon POINTS="385 617 385 629 443 624 452 627 459 629 460 629 460 629 493 626 510 625 519 625 544 629 545 629 546 629 547 629 553 625 556 622 559 625 563 628 564 628 565 628 566 629 598 629 598 628 599 628 618 623 625 621 658 621 659 612 658 593 609 593 608 592 600 587 599 587 598 587 597 587 596 587 580 591 551 587 551 587 550 587 549 587 549 588 544 592 543 594 539 592 526 588 525 588 524 588 500 592 488 595 477 592 463 588 462 588 461 588 460 588 452 592 448 594 445 592 440 589 440 589 439 589 438 589 437 589 436 589 433 592 427 596 384 592 385 617"/></Shape>
            <String CONTENT="2 A quofieri debeat." HPOS="384.0" VPOS="587.0" WIDTH="275.0" HEIGHT="42.0" WC="0.9932933866977691"/>
          </TextLine>
        </TextBlock>
        <TextBlock HPOS="364" VPOS="626" WIDTH="441" HEIGHT="32" ID="block_6" TAGREFS="BT3419">
          <Shape><Polygon POINTS="805 626 805 658 364 658 364 626"/></Shape>
          <TextLine ID="line_18" TAGREFS="LT8" BASELINE="384 649 435 646 804 643" HPOS="383.0" VPOS="619.0" WIDTH="421.0" HEIGHT="43.0">
            <Shape><Polygon POINTS="609 633 600 633 592 633 584 633 576 633 568 633 560 633 552 633 544 633 536 633 528 633 520 633 512 633 504 633 496 633 488 633 480 633 472 633 464 633 456 633 448 633 440 633 432 633 423 633 415 633 407 633 399 633 391 633 383 633 384 649 385 662 401 655 455 660 465 661 466 661 543 660 555 658 576 654 600 657 617 659 618 659 619 659 626 656 633 654 664 654 668 655 673 658 674 658 674 658 675 658 676 658 677 658 682 655 685 653 698 654 712 657 713 657 714 657 715 657 717 654 720 652 773 652 775 653 779 656 780 656 781 656 781 656 803 652 804 643 802 623 632 619 631 619 630 619 619 625 611 629 610 628 609 633"/></Shape>
            <String CONTENT="3 Propter quas cauſas fieri debeat." HPOS="383.0" VPOS="619.0" WIDTH="421.0" HEIGHT="43.0" WC="0.9982341868536813"/>
          </TextLine>
        </TextBlock>
        <TextBlock HPOS="362" VPOS="659" WIDTH="350" HEIGHT="34" ID="block_7" TAGREFS="BT3419">
          <Shape><Polygon POINTS="712 659 712 693 362 693 362 659"/></Shape>
          <TextLine ID="line_19" TAGREFS="LT8" BASELINE="384 681 711 676" HPOS="383.0" VPOS="651.0" WIDTH="328.0" HEIGHT="43.0">
            <Shape><Polygon POINTS="384 681 384 691 491 694 492 694 493 694 493 694 498 689 502 687 513 689 539 693 539 693 540 693 541 693 547 688 547 688 550 688 564 692 565 692 566 692 567 692 567 692 572 688 573 687 577 688 596 691 597 691 598 691 611 687 618 686 625 687 640 691 641 691 641 691 642 691 651 687 656 685 709 686 711 676 709 659 670 659 657 651 656 651 655 651 654 651 627 652 626 652 625 652 619 657 606 652 605 652 604 652 604 652 603 652 603 653 596 659 575 653 574 653 573 653 526 659 485 654 484 654 483 654 482 654 471 662 439 654 438 654 437 654 436 654 424 663 383 663 384 681"/></Shape>
            <String CONTENT="4 Quomodo fieri debeat." HPOS="383.0" VPOS="651.0" WIDTH="328.0" HEIGHT="43.0" WC="0.9972751451575238"/>
          </TextLine>
        </TextBlock>
        <TextBlock HPOS="362" VPOS="692" WIDTH="334" HEIGHT="32" ID="block_8" TAGREFS="BT3419">
          <Shape><Polygon POINTS="696 692 696 724 362 724 362 692"/></Shape>
          <TextLine ID="line_20" TAGREFS="LT8" BASELINE="418 713 687 709" HPOS="417.0" VPOS="686.0" WIDTH="270.0" HEIGHT="40.0">
            <Shape><Polygon POINTS="626 686 618 686 614 686 611 687 609 688 608 687 605 686 602 686 595 686 593 687 591 686 586 686 578 686 576 687 570 690 559 687 552 686 546 686 538 686 537 686 533 690 517 686 511 686 506 686 497 686 489 686 488 686 481 686 448 691 441 686 440 686 433 686 427 686 417 686 418 713 418 719 437 726 438 726 439 726 506 722 519 725 520 725 521 725 522 725 522 725 532 718 567 724 568 724 569 724 583 717 610 724 611 724 612 724 634 716 671 720 672 720 673 720 687 715 687 709 684 688 635 688 633 687 628 686 626 686"/></Shape>
            <String CONTENT="Quando fieri debeat." HPOS="417.0" VPOS="686.0" WIDTH="270.0" HEIGHT="40.0" WC="0.9997740715742112"/>
          </TextLine>
        </TextBlock>
        <TextBlock HPOS="364" VPOS="724" WIDTH="569" HEIGHT="61" ID="block_9" TAGREFS="BT3419">
          <Shape><Polygon POINTS="933 724 933 785 364 785 364 724"/></Shape>
          <TextLine ID="line_21" TAGREFS="LT8" BASELINE="382 744 931 739" HPOS="382.0" VPOS="710.0" WIDTH="549.0" HEIGHT="48.0">
            <Shape><Polygon POINTS="382 744 382 755 518 758 518 758 572 753 572 753 578 757 579 757 580 757 580 758 617 758 617 757 691 752 696 752 700 752 765 755 765 755 766 755 776 751 777 751 827 755 828 755 829 755 830 755 836 751 885 754 886 754 887 754 888 754 893 749 931 748 931 739 930 717 897 717 887 711 886 711 885 711 884 711 884 711 869 716 846 711 845 711 844 711 828 717 816 710 815 710 814 710 775 710 774 710 773 710 753 715 679 711 678 711 646 718 630 712 629 712 629 712 628 712 600 720 590 720 583 714 583 713 582 713 581 713 580 713 580 713 564 719 552 713 551 713 551 713 550 713 549 713 537 720 482 717 481 717 447 721 406 716 405 716 404 716 382 722 382 744"/></Shape>
            <String CONTENT="6 Quis eius finis eſſe debeat, id eſt, ad quem" HPOS="382.0" VPOS="710.0" WIDTH="549.0" HEIGHT="48.0" WC="0.9788540355537249"/>
          </TextLine>
          <TextLine ID="line_22" TAGREFS="LT8" BASELINE="363 777 497 776" HPOS="362.0" VPOS="748.0" WIDTH="135.0" HEIGHT="38.0">
            <Shape><Polygon POINTS="363 777 363 786 497 784 497 776 496 753 451 748 450 748 430 751 406 754 397 749 394 748 393 748 392 748 362 748 363 777"/></Shape>
            <String CONTENT="finem fiat." HPOS="362.0" VPOS="748.0" WIDTH="135.0" HEIGHT="38.0" WC="0.9955463138493624"/>
          </TextLine>
        </TextBlock>
        <TextBlock HPOS="363" VPOS="786" WIDTH="399" HEIGHT="65" ID="block_10" TAGREFS="BT3419">
          <Shape><Polygon POINTS="762 786 762 851 363 851 363 786"/></Shape>
          <TextLine ID="line_23" TAGREFS="LT8" BASELINE="393 808 760 807" HPOS="392.0" VPOS="777.0" WIDTH="368.0" HEIGHT="45.0">
            <Shape><Polygon POINTS="393 808 394 822 407 816 432 816 442 822 443 822 444 822 444 822 478 822 478 822 479 822 480 822 481 821 487 816 510 820 514 821 515 821 525 820 557 816 563 819 566 822 567 822 567 822 568 822 590 818 604 817 613 818 629 822 629 822 649 818 656 816 662 818 682 822 683 822 743 822 743 822 744 822 760 815 760 807 758 785 720 785 707 777 707 777 636 777 635 777 604 784 595 777 594 777 593 777 558 777 557 777 556 777 543 785 526 785 520 778 520 777 519 777 518 777 491 777 490 777 489 777 489 777 481 782 478 780 478 779 477 779 477 779 476 779 475 779 474 779 467 784 439 781 438 781 392 785 393 808"/></Shape>
            <String CONTENT="7 Quis illius factæ ſit effectus." HPOS="392.0" VPOS="777.0" WIDTH="368.0" HEIGHT="45.0" WC="0.9676644928527601"/>
          </TextLine>
          <TextLine ID="line_24" TAGREFS="LT8" BASELINE="360 842 745 838" HPOS="359.0" VPOS="812.0" WIDTH="386.0" HEIGHT="43.0">
            <Shape><Polygon POINTS="360 842 360 851 432 855 432 855 433 855 434 855 440 851 441 850 452 851 512 854 513 854 545 850 551 849 552 849 559 853 560 853 561 853 592 849 600 848 604 849 616 852 617 852 617 852 745 847 745 838 743 818 702 818 700 818 689 813 688 813 687 813 667 817 649 812 648 812 647 812 646 812 646 812 638 818 633 818 601 818 593 818 561 813 560 813 526 818 509 820 500 818 491 815 490 815 489 815 468 818 449 820 445 818 439 814 438 814 437 814 436 814 436 814 420 818 415 819 407 818 386 814 386 814 359 818 360 842"/></Shape>
            <String CONTENT="Hæc ſingula ordine explicemus." HPOS="359.0" VPOS="812.0" WIDTH="386.0" HEIGHT="43.0" WC="0.9947783430417378"/>
          </TextLine>
        </TextBlock>
        <TextBlock HPOS="358" VPOS="852" WIDTH="578" HEIGHT="355" ID="block_11" TAGREFS="BT3408">
          <Shape><Polygon POINTS="936 852 936 1207 358 1207 358 852"/></Shape>
          <TextLine ID="line_25" TAGREFS="LT8" BASELINE="392 874 933 868" HPOS="391.0" VPOS="840.0" WIDTH="542.0" HEIGHT="44.0">
            <Shape><Polygon POINTS="392 874 392 882 699 884 700 884 933 876 933 868 931 840 884 840 883 840 882 840 880 840 855 847 843 841 842 841 841 841 794 841 793 841 792 841 789 842 772 848 759 843 757 842 757 842 756 842 755 842 753 843 738 848 674 845 674 845 673 845 672 845 666 850 547 851 539 846 538 844 537 844 536 844 535 844 522 846 502 849 494 847 490 845 489 845 489 845 488 845 483 847 468 851 427 851 419 847 414 845 413 845 412 845 391 847 392 874"/></Shape>
            <String CONTENT="Ac quidem, vtrum excommunicatio locum in" HPOS="391.0" VPOS="840.0" WIDTH="542.0" HEIGHT="44.0" WC="0.9945539489388466"/>
          </TextLine>
          <TextLine ID="line_26" TAGREFS="LT8" BASELINE="361 906 932 900" HPOS="360.0" VPOS="874.0" WIDTH="572.0" HEIGHT="42.0">
            <Shape><Polygon POINTS="361 906 361 916 789 916 789 915 931 909 932 900 930 874 788 880 731 876 730 876 729 876 728 876 702 881 674 877 669 876 668 876 664 877 638 883 599 883 591 878 590 877 589 877 588 877 588 877 578 878 539 883 511 879 503 878 502 878 502 878 498 879 485 884 476 880 474 879 473 879 473 879 472 879 470 880 459 884 360 881 361 906"/></Shape>
            <String CONTENT="Eccleſia habere debeat, dubitari non poteſt. Pri¬" HPOS="360.0" VPOS="874.0" WIDTH="572.0" HEIGHT="42.0" WC="0.9945580205138849"/>
          </TextLine>
          <TextLine ID="line_27" TAGREFS="LT8" BASELINE="360 938 934 931" HPOS="359.0" VPOS="907.0" WIDTH="575.0" HEIGHT="45.0">
            <Shape><Polygon POINTS="360 938 360 946 427 946 442 952 443 952 444 952 475 946 483 952 484 952 485 952 485 952 500 951 501 951 524 945 525 945 545 951 546 951 547 951 547 951 563 944 563 944 566 944 598 950 599 950 643 944 657 950 658 950 658 950 707 945 741 949 742 949 933 939 934 931 931 907 802 912 768 909 750 909 749 909 748 909 744 910 736 913 709 911 681 909 680 909 679 909 674 911 669 913 646 912 612 909 611 909 588 913 578 914 570 913 548 910 547 910 547 910 539 913 535 916 484 916 479 915 469 912 468 912 467 912 450 915 446 916 437 916 386 913 385 913 359 917 360 938"/></Shape>
            <String CONTENT="mùm, propter Dei ipſius præceptum ita fieri iu¬" HPOS="359.0" VPOS="907.0" WIDTH="575.0" HEIGHT="45.0" WC="0.9912353071073691"/>
          </TextLine>
          <TextLine ID="line_28" TAGREFS="LT8" BASELINE="361 970 934 964" HPOS="361.0" VPOS="939.0" WIDTH="573.0" HEIGHT="44.0">
            <Shape><Polygon POINTS="392 969 384 969 376 969 368 969 362 969 361 970 361 980 493 979 502 979 543 983 544 983 545 983 546 983 551 979 552 978 558 979 588 983 589 983 590 983 609 978 611 978 616 978 687 982 687 982 688 982 702 978 818 980 818 980 819 980 831 975 831 974 933 974 934 964 932 947 913 946 905 940 905 939 905 939 904 939 903 939 872 943 851 939 850 939 849 939 848 939 839 947 815 940 814 940 814 940 813 940 798 944 779 941 778 941 742 948 724 941 723 941 722 941 721 941 703 946 688 941 687 941 687 941 686 941 670 949 615 945 614 945 613 945 613 945 604 950 602 950 584 946 583 946 582 946 581 946 580 946 573 950 559 943 559 943 558 943 557 943 538 949 505 943 504 943 503 943 502 943 490 951 482 944 481 944 481 944 460 943 460 943 459 943 458 943 447 951 426 946 425 946 424 946 396 952 392 969"/></Shape>
            <String CONTENT="centis: deinde propter perpetuum ipſius Eccle¬" HPOS="361.0" VPOS="939.0" WIDTH="573.0" HEIGHT="44.0" WC="0.9991191236869149"/>
          </TextLine>
          <TextLine ID="line_29" TAGREFS="LT8" BASELINE="360 1002 934 997" HPOS="359.0" VPOS="974.0" WIDTH="575.0" HEIGHT="37.0">
            <Shape><Polygon POINTS="360 1002 360 1011 934 1007 934 997 933 979 883 975 882 975 833 979 822 979 818 979 805 974 804 974 803 974 802 974 791 979 789 979 780 979 743 975 742 975 720 979 713 979 712 979 707 975 707 975 706 975 659 975 658 975 658 975 650 979 645 981 639 979 633 976 633 976 632 976 596 979 550 982 504 979 482 977 481 977 481 977 480 977 478 979 472 982 432 979 423 978 423 978 419 979 399 983 389 979 387 978 386 978 386 978 359 978 360 1002"/></Shape>
            <String CONTENT="ſiæ vſum. Ac præceptum Dei tum in veteri, tum" HPOS="359.0" VPOS="974.0" WIDTH="575.0" HEIGHT="37.0" WC="0.9861738615565829"/>
          </TextLine>
          <TextLine ID="line_30" TAGREFS="LT8" BASELINE="361 1034 934 1029" HPOS="360.0" VPOS="1003.0" WIDTH="574.0" HEIGHT="40.0">
            <Shape><Polygon POINTS="361 1034 361 1043 933 1043 934 1029 933 1010 920 1003 919 1003 918 1003 917 1003 900 1009 881 1003 880 1003 880 1003 879 1003 863 1009 829 1004 828 1004 827 1004 811 1009 805 1005 804 1005 803 1005 748 1005 747 1005 746 1005 745 1005 745 1006 740 1011 679 1005 679 1005 646 1011 624 1006 623 1006 605 1006 604 1006 604 1006 603 1006 603 1007 596 1011 542 1007 541 1007 540 1007 529 1012 460 1007 459 1007 458 1007 457 1007 451 1011 442 1008 441 1008 440 1008 440 1008 423 1014 360 1014 361 1034"/></Shape>
            <String CONTENT="nouo teſtimonio extat varijs in locis. Iam inde" HPOS="360.0" VPOS="1003.0" WIDTH="574.0" HEIGHT="40.0" WC="0.9990610429581176"/>
          </TextLine>
          <TextLine ID="line_31" TAGREFS="LT8" BASELINE="359 1067 933 1062" HPOS="358.0" VPOS="1035.0" WIDTH="575.0" HEIGHT="45.0">
            <Shape><Polygon POINTS="359 1067 359 1080 387 1076 604 1077 736 1077 736 1077 932 1071 933 1062 929 1035 923 1040 913 1036 912 1036 911 1036 910 1036 888 1040 788 1037 742 1036 741 1036 740 1036 740 1036 736 1038 730 1043 690 1043 686 1040 683 1036 682 1036 681 1036 680 1036 589 1037 588 1037 580 1041 576 1043 568 1041 551 1038 551 1038 499 1043 484 1044 482 1043 476 1039 475 1039 474 1039 473 1039 454 1044 449 1044 445 1044 432 1040 432 1040 431 1040 430 1040 413 1044 375 1039 374 1039 374 1039 358 1044 359 1067"/></Shape>
            <String CONTENT="ab orbe condito, &amp; ab ipſis mundi initijs excõ¬" HPOS="358.0" VPOS="1035.0" WIDTH="575.0" HEIGHT="45.0" WC="0.9880471043288708"/>
          </TextLine>
          <TextLine ID="line_32" TAGREFS="LT8" BASELINE="358 1099 933 1094" HPOS="358.0" VPOS="1067.0" WIDTH="575.0" HEIGHT="41.0">
            <Shape><Polygon POINTS="358 1099 358 1107 767 1108 768 1108 793 1103 795 1103 800 1103 849 1107 850 1107 932 1102 933 1094 931 1072 869 1067 868 1067 843 1072 836 1073 708 1073 699 1072 683 1069 682 1069 681 1069 674 1072 668 1074 639 1072 609 1069 609 1069 583 1072 566 1073 549 1072 528 1070 527 1070 526 1070 522 1072 514 1076 475 1072 461 1071 460 1071 454 1072 438 1076 426 1072 424 1072 423 1072 423 1072 419 1072 390 1077 358 1073 358 1099"/></Shape>
            <String CONTENT="municationem fuiſſe ex Dei præcepto conſtitu¬" HPOS="358.0" VPOS="1067.0" WIDTH="575.0" HEIGHT="41.0" WC="0.9970310091972351"/>
          </TextLine>
          <TextLine ID="line_33" TAGREFS="LT8" BASELINE="358 1131 933 1126" HPOS="357.0" VPOS="1099.0" WIDTH="576.0" HEIGHT="45.0">
            <Shape><Polygon POINTS="358 1131 358 1139 420 1139 421 1139 427 1144 427 1144 428 1144 429 1144 455 1143 456 1143 456 1143 460 1139 463 1139 473 1139 503 1143 504 1143 526 1139 540 1138 613 1139 685 1142 686 1142 687 1142 693 1139 705 1136 722 1139 729 1141 730 1141 756 1139 806 1137 838 1139 846 1140 847 1140 847 1140 849 1139 860 1135 864 1139 865 1139 866 1139 867 1139 868 1139 887 1135 931 1139 933 1126 930 1102 913 1105 898 1102 880 1099 880 1099 855 1102 825 1106 819 1102 816 1100 815 1100 814 1100 798 1100 797 1100 796 1100 795 1100 791 1102 786 1106 764 1102 756 1102 755 1102 754 1102 749 1102 733 1107 716 1103 715 1103 714 1103 713 1103 677 1108 666 1103 664 1102 663 1102 614 1102 613 1102 613 1102 609 1103 596 1109 553 1104 541 1102 540 1102 539 1102 539 1102 537 1104 530 1109 481 1105 481 1105 480 1105 479 1105 470 1110 432 1110 357 1105 358 1131"/></Shape>
            <String CONTENT="tam apparet ex Geneſ.4.v.14. &amp; 16.17.item Ioſue" HPOS="357.0" VPOS="1099.0" WIDTH="576.0" HEIGHT="45.0" WC="0.9778669083372076"/>
          </TextLine>
          <TextLine ID="line_34" TAGREFS="LT8" BASELINE="357 1163 934 1158" HPOS="356.0" VPOS="1131.0" WIDTH="578.0" HEIGHT="41.0">
            <Shape><Polygon POINTS="357 1163 357 1172 834 1172 834 1172 934 1165 934 1158 932 1137 897 1131 897 1131 839 1137 815 1134 814 1134 814 1134 813 1134 807 1138 806 1138 773 1132 772 1132 771 1132 757 1138 757 1139 725 1139 720 1139 661 1133 660 1133 659 1133 641 1139 633 1134 632 1134 631 1134 630 1134 595 1139 543 1134 543 1134 510 1140 508 1140 507 1140 477 1135 477 1135 476 1135 475 1135 465 1141 460 1141 388 1141 374 1136 373 1136 372 1136 371 1136 356 1141 357 1163"/></Shape>
            <String CONTENT="6.verſ.18. Exod.1o. verſ.8. &amp; alijs locis veteris Te¬" HPOS="356.0" VPOS="1131.0" WIDTH="578.0" HEIGHT="41.0" WC="0.9826533861880032"/>
          </TextLine>
          <TextLine ID="line_35" TAGREFS="LT8" BASELINE="353 1195 933 1189" HPOS="352.0" VPOS="1164.0" WIDTH="581.0" HEIGHT="53.0">
            <Shape><Polygon POINTS="353 1195 353 1209 378 1209 382 1210 393 1216 394 1216 395 1217 427 1217 427 1216 456 1209 469 1205 535 1205 542 1208 556 1213 557 1213 558 1213 559 1213 569 1207 572 1205 587 1207 621 1210 622 1210 623 1210 632 1206 634 1205 637 1206 648 1212 649 1212 650 1212 650 1212 651 1212 658 1206 682 1213 683 1213 683 1213 720 1213 720 1213 731 1207 746 1212 747 1212 748 1212 748 1212 767 1204 776 1212 777 1212 777 1212 778 1213 829 1213 829 1212 830 1212 851 1202 852 1202 853 1202 880 1209 881 1209 882 1209 883 1209 904 1201 933 1201 933 1189 930 1167 894 1169 891 1167 888 1164 887 1164 886 1164 847 1164 847 1164 821 1168 806 1170 780 1168 736 1166 735 1166 695 1170 674 1172 653 1171 596 1167 595 1167 594 1167 578 1172 574 1172 570 1172 549 1168 548 1168 547 1168 547 1168 541 1172 540 1173 509 1173 500 1172 454 1168 453 1168 430 1174 427 1174 420 1174 360 1169 359 1169 358 1169 358 1169 352 1172 353 1195"/></Shape>
            <String CONTENT="ſtamenti. In nouo etiam extat præceptum Chri¬" HPOS="352.0" VPOS="1164.0" WIDTH="581.0" HEIGHT="53.0" WC="0.9970528735054864"/>
          </TextLine>
        </TextBlock>
        <TextBlock HPOS="899" VPOS="1199" WIDTH="37" HEIGHT="34" ID="block_12" TAGREFS="BT17">
          <Shape><Polygon POINTS="936 1199 936 1233 899 1233 899 1199"/></Shape>
          <TextLine ID="line_36" TAGREFS="LT8" BASELINE="898 1223 934 1223" HPOS="898.0" VPOS="1191.0" WIDTH="36.0" HEIGHT="46.0">
            <Shape><Polygon POINTS="898 1223 898 1236 934 1237 934 1223 934 1191 898 1195 898 1223"/></Shape>
            <String CONTENT="ſti" HPOS="898.0" VPOS="1191.0" WIDTH="36.0" HEIGHT="46.0" WC="0.9991425474484762"/>
          </TextLine>
        </TextBlock>
      </PrintSpace>
    </Page>
  </Layout>
</alto>
