1000 1448
374.0 103.0 59.0 28.0 140

485.0 89.0 373.0 38.0 Ap l. PAVL. AD' TIM.

403.0 116.0 551.0 50.0 Quæ tria ſequuntur ſunt trium ſuperiorum vi¬

371.0 153.0 582.0 47.0 elum ex ἀντιSεσιι explicationes. Itaque longiori

371.0 204.0 368.0 31.0 iam intepretatione non égent.

413.0 247.0 543.0 54.0 4 Qui ſuæ domui bene præſit, qui libe¬

373.0 299.0 579.0 40.0 Tos conbineat in juviectiont tum omni hone¬

375.0 337.0 87.0 41.0 Jtate.

407.0 381.0 545.0 46.0 Τάξις cum tranſitione coniuncta. Poſtquam

372.0 418.0 582.0 44.0 enim docuit quæ in Epiſcopo ſpectari debent ex

373.0 450.0 580.0 43.0 ipſius perſona, iam addit quæ aliorum ratione in

373.0 482.0 581.0 43.0 eodem requirantur. Ac primùm quidem Libero¬

373.0 513.0 581.0 42.0 rũ ratione & totius familiæ. 2 Vocationis ipſius

372.0 546.0 582.0 44.0 ad Euangelium. 3 Extraneorum. Nam quædam

373.0 579.0 581.0 44.0 in eo ex tribus his cauſis cnoſyderari oportet,

378.0 609.0 493.0 45.0 quis hîc ordine tradit & tractat Paulus.

405.0 642.0 549.0 46.0 Ergo familiæ & imprimis Liberorum inſtitu¬

372.0 674.0 583.0 45.0 tio ſpectari debet, qualis ab eo facta ſit, qui in E¬

372.0 707.0 584.0 46.0 piſcopatum petitur. Qui enim domui ſuæ rectè

373.0 740.0 584.0 45.0 præeſſe non poteſt, quomodo idem poterit Ec¬

374.0 773.0 552.0 41.0 cleſiam, quæ maioris eſt ponderis, gubernare?

407.0 803.0 548.0 45.0 Simile præceptum eſt Tit. 1.v. 6. Ratio huius

376.0 837.0 580.0 45.0 præceptionis eſt tum ea, quæ à Paulo poſtea ſub¬

375.0 871.0 581.0 42.0 neitur: tum quòd quodammodo ingenium pa¬

375.0 901.0 580.0 41.0 ternum referunt filiorum mores, adeò vt ex illis

376.0 933.0 582.0 46.0 iudicari poſſit, quàm ſit fedulus & diligens pater

376.0 966.0 580.0 45.0 in munere ſuo obeundo: & quàm erga Dei glo¬

376.0 999.0 583.0 42.0 riam vehementer ſit affectus, & ſeriò, maximè.

376.0 1029.0 581.0 46.0 cùm facile imperium habere poſsit pater in libe¬

378.0 1062.0 580.0 43.0 ros, ſi ſemel rectèeos inſtituerit. Nam qui domi

376.0 1094.0 582.0 45.0 ſuæ gloriam Dei ſperni videt, & patitur, ille faci¬

376.0 1127.0 582.0 45.0 lè, idem patietur fieri alibi, vbi tam aſsiduus non

378.0 1160.0 579.0 54.0 eſt, & vbi tã æquũ & facile imperiũ non habebit.

892.0 1188.0 66.0 58.0 Hæc
