1000 1448
224.0 103.0 199.0 23.0 CAnvT III.

589.0 83.0 39.0 40.0 139

57.0 117.0 576.0 49.0 turæ, & vera Chriſtianáque charitate. Nam

57.0 166.0 576.0 33.0 ueberene enempium gregla partor, e totus ex

56.0 188.0 314.0 44.0 Dei prouidentia pendere.

87.0 218.0 546.0 45.0 De acceſſione igitur quæſitum eſt, etiam

57.0 250.0 577.0 43.0 ea, quam ex conſtitutionibus Principum vel ciui¬

55.0 284.0 578.0 43.0 tatis cuiuſque nobis accipere & ſtipulari licet,

57.0 319.0 577.0 40.0 vtrum eam exigere ex pecunia à ſe mutuò data

54.0 347.0 581.0 47.0 poſſit paſtor Eccleſiæ & Epiſcopus? Et quidem

54.0 382.0 579.0 45.0 canone Apoſtolorum 44. Niceni concilij cap.17.

54.0 415.0 580.0 43.0 & Laodiceni cap. 5. omnino vetitum & interdi¬

54.0 447.0 581.0 44.0 ctum prorſus eſt Epiſcopis, vt neque ſuo, neque

54.0 480.0 581.0 43.0 etiam alieno nomine (veluti ſi tutores alicuius

54.0 511.0 578.0 46.0 pupilli eſſent, vel alieni negotij procuratores)

56.0 543.0 577.0 45.0 vſuras etiam aliis conceſſas ipſi exigant, & ſtipu¬

53.0 575.0 580.0 48.0 lentur: quod id præter eorum dignitatem eſſe vi¬

53.0 608.0 579.0 46.0 deatur, sítque hæc ſumma auaritiæ (quæ ab Epi¬

53.0 640.0 578.0 44.0 ſcopis abeſſe debet) ſpecies. Idem tota diſtinct.

54.0 672.0 577.0 47.0 47. eſt conſtitutum & definitum. & Elibertino

54.0 707.0 579.0 41.0 çoncil. cap.2o. Sed tamen duriora illa, vt verum

53.0 738.0 579.0 42.0 dicam, decreta videntur, quòd omnino ſine ex¬

54.0 771.0 577.0 46.0 ceptione perceptio qualiſcunque fructus ex pe¬

53.0 804.0 581.0 43.0 cunia mutuò data paſtori interdicitur, quæ tamẽ

53.0 836.0 579.0 42.0 ſæpe bona conſcientia fieri poteſt. Itaque potius

53.0 868.0 580.0 43.0 amplector D. Caluini conſilium in epiſtola 346.

54.0 902.0 579.0 41.0 vt cenſeam omnino quidem & in genere illud in

53.0 933.0 580.0 42.0 Miniſtro non eſſe damnandum, ſi fructum ali¬

53.0 968.0 580.0 39.0 quem ex ſua pecunia ſentiat, moderationem ta¬

51.0 1000.0 582.0 43.0 men non tantùm ex legibus eius ciuitatis, in qua

53.0 1031.0 580.0 42.0 verſatur, ſed potius ex veræ & Chriſtianæ chari¬

51.0 1061.0 581.0 45.0 tatis ſenſa & præceptis eſſe adhibendam, & qui¬

50.0 1095.0 583.0 43.0 dem eam, vt omne offendiculum iuſtum Paſtores

49.0 1127.0 582.0 45.0 caueant, eámque legẽ adhibeant, quam ipſe Cal¬

49.0 1162.0 578.0 55.0 uinus ibidẽ præſcribit, & neceſſariam eſſe docet
