1000 1448
558.0 90.0 51.0 43.0 461

209.0 107.0 197.0 25.0 CAPVT VI.

29.0 122.0 581.0 50.0 ſtat. Sic enim Athanaſius in ſuo Symbolo appel¬

31.0 164.0 579.0 44.0 lat. Eſt enim verus Deus: & verus homo, atque

32.0 194.0 580.0 44.0 vtrunque quidem vna perſona eſt. Vnde & ab

33.0 226.0 580.0 45.0 Auguſtino, & à Bernardo, HomoDeus vnica

35.0 259.0 578.0 45.0 voce appellatur: & à Græcis Theologis θεάνSpω¬

33.0 290.0 581.0 43.0 πις. Nec enim ſic Deum ſuſcepit homo Chriſtus

36.0 324.0 578.0 45.0 vt reliqui homines ſuſcipiunt. Nam alios homi¬

35.0 362.0 580.0 39.0 nes Deus regit tantum, hunc autem etiam gerit,

37.0 389.0 576.0 42.0 quemadmodum loquitur Auguſtinus de Agone

38.0 425.0 232.0 38.0 Chriſtiano cap.20.

68.0 449.0 551.0 49.0 Sed ſectare ] Αντιθεσις eſt, vt & quibus potiſsimũ

37.0 485.0 583.0 45.0 ſtudijs incumbere: & quas maximè diuitias com¬

39.0 519.0 580.0 41.0 parare debeant fideles omnes, imprimis autem

39.0 551.0 580.0 45.0 Eccleſiæ paſtores, intelligamus. Ex vtrorúmque

39.0 584.0 580.0 43.0 autem ſtudij, auarorum dico & paſtorum, colla¬

40.0 615.0 578.0 46.0 tione facilè iam animaduerti poteſt, quàm lon¬

45.0 649.0 576.0 45.0 gè paſtorum & ſtudia & opes, auarorum &

41.0 680.0 576.0 46.0 ſtudijs & opibus præſtent, & ſint anteferendæ.

45.0 714.0 576.0 42.0 Varias autem virtutes enumerat Paolus, vt vi¬

43.0 744.0 578.0 46.0 deant pij paſtores habere ſe, in quibus ſe ſtrenuè

44.0 778.0 577.0 44.0 exerceant, vt & inſanas omnes occupationes fu¬

45.0 810.0 578.0 47.0 giant, & curioſas eorum quæſtiones, quos antea

45.0 847.0 288.0 38.0 damnauit verſ.4.vitent.

76.0 872.0 549.0 45.0 Dicit autem Αιώκες perſequere, ſectare, id eſt.

45.0 909.0 580.0 40.0 ſummo ſtudio & animi conatu incumbe, quę vox

48.0 941.0 578.0 44.0 tum opponitur ſuperiori το φεῦγε: tum etiam o¬

47.0 972.0 578.0 44.0 ſtendit non eſſe nobis fathiſcendum neque defa¬

49.0 1003.0 580.0 45.0 tigandum, ſed perſeuerandum conſtanter, alacri¬

49.0 1036.0 580.0 46.0 ter & acriter in harum virtutum progreſſu faciẽ¬

50.0 1070.0 579.0 43.0 do. Non omnes autem virtutes recenſet Paulus,

52.0 1101.0 578.0 49.0 quæ ſunt vel paſtori neceſſariæ: vel quæ auaritiæ

50.0 1136.0 582.0 44.0 & curioſitati opponuntur (eſſent enim omnes

54.0 1169.0 579.0 49.0 commemorandæ, cùm ſit omnium vitiorum ra¬
