1000 1448
376.0 98.0 80.0 22.0 J00.

475.0 83.0 379.0 35.0 AD T. PAVL. AD TIM.

370.0 113.0 574.0 45.0 ad cœleſtem vitam traducit. Denique tollit adi¬

370.0 151.0 573.0 38.0 mítque omnem querimoniam, ſi fortaſſe con¬

370.0 182.0 572.0 42.0 queruntur & ægreferant ſe neque in hac vita,

370.0 216.0 573.0 38.0 neque ſtatim has cœleſtes opes & theſauros

370.0 251.0 572.0 38.0 percipere. In futura enim vita promittuntur illis

371.0 283.0 143.0 31.0 non in hac.

401.0 308.0 542.0 46.0 Denique ipſum pulcherrimum beneficentiæ

369.0 346.0 574.0 40.0 noſtræ fructum exponit iam apertè, quem nem¬

371.0 380.0 571.0 40.0 pe vocat apprehenſionem vitæ æternæ. In quo

370.0 411.0 574.0 41.0 duo quęruntur, Primum quomodo eleemoſyna

370.0 444.0 573.0 38.0 & liberalitas dicatur eſſe modus vitæ æternæ cõ¬

370.0 473.0 574.0 45.0 ſequẽdæ. Reſ. Quia ſunt hæ virtutes & hæc opera

370.0 506.0 573.0 42.0 bona, veræ fidei, veræque charitatis in nobis in¬

368.0 537.0 575.0 42.0 habitantis certa teſtimonia, effecta & fructus 2.

369.0 571.0 575.0 41.0 Pet.1.verſ.1o, Iacob.2. Electionem enim noſtram

369.0 603.0 574.0 42.0 confirmant & ratam faciunt. Sunt igitur ſigna

372.0 641.0 574.0 37.0 viæ & itineris illius, per quod in cœlum nos itu¬

368.0 672.0 577.0 38.0 ros eſſe Dominus pronuntiauit: non autem ſunt

369.0 701.0 575.0 37.0 hæc opera cauſa vel pretium vitæ æternæ, quo¬

368.0 732.0 577.0 44.0 niam illa eſt gratuitum Dei donum, vt ait Pau¬

370.0 765.0 286.0 37.0 lus Romanor.6, verſ.23.

401.0 795.0 545.0 44.0 Secundo loco quæritur. Quomodo hoc ſit cõ¬

371.0 830.0 573.0 37.0 ciliandum cum ijs locis ſcripturæ, vbi non ex o¬

371.0 863.0 575.0 39.0 peribus, ſed ex fide nos ſaluos fieri dicimus Ro¬

370.0 895.0 576.0 42.0 manor.3.& 4.1.Pet.1.verſ.9. Reſpond. Quod hæc

370.0 929.0 577.0 39.0 bona opera, quæ ſunt eleemoſinæ, neque hîc cõ¬

370.0 962.0 577.0 37.0 ſtituantur, neque hîc commemorentur tanquam

370.0 991.0 576.0 39.0 cauſa ipſa vitæ æternæ vel per ſeſe, vel in nobis:

371.0 1024.0 575.0 37.0 ſed tantum velut ſigna, teſtimonia, fundamentaz

372.0 1059.0 575.0 37.0 ex quibus intelligimus nos ex eorum numero

371.0 1089.0 579.0 42.0 eſſe, quibus vita æterna à Deo gratis promiſſa

374.0 1124.0 576.0 38.0 eſt: quatenus nimirum cùm bona opera in vni¬

373.0 1155.0 577.0 49.0 uerſum, tum hæc imprimis ſunt adoptionis no¬

868.0 1184.0 84.0 49.0 ſtræ &
