1000 1448
227.0 108.0 186.0 25.0 CARVT VI.

56.0 123.0 579.0 46.0 ſtræ, & gratuitæ Dei de nobis electionis ſigna &

57.0 160.0 580.0 44.0 conſequentia, itémque fidei noſtræ certiſſimi

56.0 192.0 578.0 45.0 fructus, vt docet Iacob.2. Per ſe enim Eleemoſi¬

56.0 226.0 581.0 44.0 næ, quantumuis magnæ non poſſunt eſſe pretiũ

57.0 258.0 579.0 42.0 vitæ æternæ, imò nullo modo vllius coram Deo,

57.0 288.0 579.0 45.0 niſi in Chriſto, ſunt pretij. Sunt enim res nimiũ

57.0 322.0 579.0 44.0 exiguæ & nullo modo cum regno Dei compa¬

58.0 353.0 579.0 43.0 randæ, quin etiã extra Chriſtum Deo diſplicẽt.

57.0 386.0 579.0 42.0 In nobis autem eſſe ſalutis cauſæ non poſſunt,

58.0 422.0 579.0 41.0 quia fiutiqualir eus qu'antum ad communis chari¬

58.0 451.0 581.0 43.0 tatis officium præſtandum tenemur, facimus, vt

58.0 485.0 580.0 42.0 malè ex hoc loco Papiſtæ merita operum con¬

59.0 521.0 225.0 37.0 firmare conentur.

95.0 557.0 543.0 51.0 20 Timothee, depoſitum ſerua, & a¬

58.0 599.0 580.0 45.0 uerſare profanos de rebus inanibus clamores

60.0 633.0 536.0 51.0 & oppoſitiones falſo nominatæ ſcientiæ.

92.0 676.0 547.0 44.0 Concluſio totius Epiſtolæ, in qua quid maxi¬

60.0 711.0 580.0 42.0 mè ſit Paſtori fideli & amanti Dei gloriæ, gre¬

62.0 743.0 579.0 44.0 gíſque ſui ædificationis fugiendum inculcat.

61.0 777.0 581.0 44.0 Non fruſtra id quidem, neque temerè: ſed quod

60.0 809.0 581.0 43.0 hoc inanis metæologiæ vitium fore tãquam fon¬

61.0 843.0 581.0 41.0 tem omnis corruptelæ, quæ in vera Theologia

62.0 875.0 579.0 45.0 poſtea inducta eſt, iam tunc præuideret, atque

62.0 907.0 580.0 43.0 prædiceret Spiritus ſanctus. Ergo & maturè &

61.0 938.0 580.0 44.0 ſeriò huic malo proſpici & caueri voluit. Atque

61.0 973.0 580.0 40.0 hæc cauſa eſt, cur hanc admonitionem repetat,

62.0 1002.0 581.0 47.0 quæ ſup.verſ.5. & cap.1.verſ.6. tam diligenter po¬

61.0 1036.0 581.0 42.0 ſita erat. Primum autem breuiter Timotheo,

63.0 1065.0 579.0 45.0 id eſt, cuilibet legitimo paſtori ſuum munus cõ¬

63.0 1100.0 579.0 43.0 mendat, atque ad illud ſtrenuè obeundum ex¬

62.0 1133.0 579.0 43.0 hortatur, cùm ait, ſerua depoſitum. vti Coloſſ.4.v.

63.0 1165.0 578.0 56.0 17. Archippum quoque de ſuo officio breuiter

588 80 41 56 507
