1000 1448
505.0 90.0 371.0 36.0 AD I. PAVL.-AD TIM.

392.0 102.0 59.0 26.0 124

389.0 117.0 581.0 50.0 morbo, vti ſæpe integra membra ſint reſcinden¬

390.0 156.0 581.0 40.0 da, ne totum corpus putreſcat.item propter no¬

387.0 185.0 582.0 45.0 men Chriſti, vt in perfecutionibus eruti ſunt

388.0 218.0 581.0 42.0 multis oculi, præciſæ aures, præciſa mẽbra, ij ne¬

388.0 251.0 583.0 41.0 que dignitatem Eccleſiaſticam nanciſci prohi¬

390.0 283.0 580.0 45.0 beantur, neque adepti deponantur. Sic Paphnu¬

388.0 320.0 582.0 37.0 tius altero oculo vi afflictionum amiſſo manſit

389.0 348.0 580.0 45.0 Epiſcopus, eóque laudabilior. Sic cano.21. Apo¬

386.0 383.0 583.0 42.0 ſtolo. & in concilio Martini ſiue Braccarenſi cap

385.0 416.0 583.0 40.0 21.quo d refertur cano. Eunuchus & cap.ſeq. &

386.0 449.0 478.0 39.0 cano. Lator diſtinct. 55. conſtitutum fuit.

416.0 477.0 552.0 43.0 Aliâs, & his caſibus & cauſis exceptis, ſancitũ

386.0 510.0 581.0 43.0 eſt, ne mutilati vitiatíque corpore in Epiſcopos

386.0 545.0 582.0 40.0 vel clericos ordinentur, quales cæci, ſurdi, clau¬

384.0 575.0 582.0 44.0 di, Eunuchi, exſecti, lippi etiam, & gibboſi cano.

386.0 608.0 581.0 42.0 Hinc etenim diſtinct. 49. quia ſummus noſter Sa¬

386.0 640.0 581.0 38.0 cerdos Dominus noſter Ieſus Chriſtus, cuius, vt

383.0 672.0 585.0 43.0 iſti aiunt, imaginem Epiſcopi gerunt, fuit inte¬

384.0 706.0 585.0 43.0 ger: & ſummus olim Sacerdos lege Dei vetaba¬

383.0 738.0 584.0 44.0 tur eſſe vel vitiatus corpore vel mutilatus Leuit.

384.0 771.0 583.0 44.0 21.Heb.7.v 26. Reſpondeo verò iam totum hoc

383.0 803.0 584.0 44.0 planè eſſe ſuperſtitiofum, nos ad illas veteres cæ¬

383.0 836.0 586.0 41.0 remonias reuocare: & dignitatem miniſterii ex

383.0 869.0 584.0 39.0 iſtis rebus metiri, non ex doctrina potius & mo¬

383.0 901.0 584.0 38.0 rum ſanctitate. Itaque vetus Eccleſia aliud ob¬

383.0 933.0 584.0 41.0 feruauit & probauit, & Eunuchos paſtores ha¬

383.0 965.0 584.0 44.0 buit, vt & de Origene ſcriptum eſt & de Doro¬

382.0 996.0 585.0 43.0 theo Euſeb.lib. 7. Hiſt. cap.32. Ergo modo ne ſit

382.0 1030.0 595.0 40.0 in eligendo vel electo ea infirmitas, quæ muneri

384.0 1062.0 583.0 40.0 ipſius obeundo & præſtando obſtet, veluti cæci¬

384.0 1094.0 584.0 41.0 tas & ἀλαλία, poteſt quis, & eligi & ordinari:

383.0 1127.0 584.0 43.0 nec electus deponendus eſt propter corporis

384.0 1162.0 453.0 51.0 mutilationem aut vitia membrorum.

809.0 1188.0 155.0 53.0 De nobilita¬
