1000 1448
473.0 101.0 379.0 38.0 ADII. PAVL. AD TIM.

366.0 116.0 59.0 32.0 228

362.0 128.0 580.0 60.0 nenda ac illi ipſi ſit in omni miniſterii Euangeli¬

364.0 168.0 578.0 52.0 ci quod obibat ratione conuerſandum & agen¬

365.0 201.0 579.0 49.0 dum. Adeo vt etiam hæc præcepta ad reliquos

366.0 231.0 578.0 55.0 paſtores pertineant, qui nobis in Timotheo, tan¬

368.0 262.0 579.0 55.0 quam in perfecti miniſtri idea, à Paulo depicti

369.0 296.0 578.0 53.0 proponuntur. Eſt verò hic locus etiam tacita re¬

371.0 328.0 578.0 52.0 greſſio ad ſuperiùs inſtitutam diſputationem de

370.0 361.0 579.0 53.0 officio veri & Euangelici paſtoris, quam & hoc,

371.0 394.0 577.0 53.0 & ſequenti capite perſequitur. Hæc eſt igitur ra¬

371.0 425.0 580.0 52.0 tio ordinis, ne putemus hoc ſcriptum Pauli eſſe

372.0 458.0 581.0 53.0 ſcopas diſſolutas. Quod Athei obiiciunt. Summa

374.0 493.0 579.0 48.0 verò huius doctrinæ eò pertinet, vt doceantur

374.0 526.0 579.0 49.0 paſtores ſuperiorem doctrinam reuerenter &

377.0 555.0 576.0 51.0 grauiter tractandam eſſe: & in reliquis miniſterij

375.0 587.0 578.0 50.0 & muneris ſuipartibus ita illis eſſe cõuerſandum,

377.0 619.0 578.0 50.0 vt nemo eos, quantunuis ætate iuuenes, deſpi¬

378.0 654.0 580.0 49.0 ciat vel contemnat: ſed ſint totius gregis exem¬

380.0 684.0 578.0 48.0 plar in Verbis, & factis, & in Doctrina, & in vita,

382.0 717.0 577.0 52.0 Videri autem poteſt non ad omnes in vniuerſum

381.0 750.0 577.0 47.0 verbi Dei miniſtros pertinere hęc Pauli exhorta¬

381.0 781.0 580.0 52.0 tio: ſed ad eos tantùm, qui adhuc iuuenes ſunt:

381.0 812.0 580.0 53.0 neque dum ſibi per ætatem eam authoritatem

384.0 847.0 578.0 53.0 compararunt, per quam ſint populo commenda¬

383.0 878.0 580.0 49.0 biles & venerandi, quales ſunt adoleſcentes ad¬

384.0 909.0 579.0 54.0 Auc paſtores, & nondũ prouectæ ætatis. Sed cùm

384.0 945.0 579.0 43.0 etia iiilius fionorentur, qui, quanuis ætate grãdæ¬

384.0 974.0 580.0 51.0 ui, moribus tamẽ ſunt iuuenes, certè ad ſenes etiã

386.0 1007.0 577.0 53.0 hæc præcepta pertinẽt, ne hi ipſi in ea ætate pro¬

386.0 1040.0 580.0 50.0 pter morum diſſolutionem contemnantur, ſi idẽ

384.0 1071.0 581.0 52.0 agant, quod homines moribus iuuenes & proter¬

384.0 1102.0 583.0 54.0 ui, & laſciui & leues. Quæ certè vitia adoleſcentiã

385.0 1142.0 291.0 45.0 ſequi & comitari ſolent.

407.0 1164.0 560.0 69.0 Dicit Paulus reóreroe, id eſt, Iuuentutis. Differt

908.0 1201.0 59.0 45.0 hæc
