<?xml version='1.0' encoding='UTF-8'?>
<alto xmlns:xsi="http://www.w3.org/2001/XMLSchema-instance" xmlns="http://www.loc.gov/standards/alto/ns-v4#" xsi:schemaLocation="http://www.loc.gov/standards/alto/ns-v4# http://www.loc.gov/standards/alto/v4/alto-4-2.xsd">
  <Description>
    <MeasurementUnit>pixel</MeasurementUnit>
    <sourceImageInformation>
      <fileName>2013282.jpeg</fileName>
    </sourceImageInformation>
  </Description>
  <Tags>
    <OtherTag ID="BT7" LABEL="CustomZone" DESCRIPTION="block type CustomZone"/><OtherTag ID="BT8" LABEL="DamageZone" DESCRIPTION="block type DamageZone"/><OtherTag ID="BT9" LABEL="DigitizationArtefactZone" DESCRIPTION="block type DigitizationArtefactZone"/><OtherTag ID="BT10" LABEL="DropCapitalZone" DESCRIPTION="block type DropCapitalZone"/><OtherTag ID="BT11" LABEL="GraphicZone" DESCRIPTION="block type GraphicZone"/><OtherTag ID="BT12" LABEL="MainZone" DESCRIPTION="block type MainZone"/><OtherTag ID="BT13" LABEL="MarginTextZone" DESCRIPTION="block type MarginTextZone"/><OtherTag ID="BT14" LABEL="MusicZone" DESCRIPTION="block type MusicZone"/><OtherTag ID="BT15" LABEL="NumberingZone" DESCRIPTION="block type NumberingZone"/><OtherTag ID="BT17" LABEL="QuireMarksZone" DESCRIPTION="block type QuireMarksZone"/><OtherTag ID="BT18" LABEL="RunningTitleZone" DESCRIPTION="block type RunningTitleZone"/><OtherTag ID="BT19" LABEL="SealZone" DESCRIPTION="block type SealZone"/><OtherTag ID="BT20" LABEL="StampZone" DESCRIPTION="block type StampZone"/><OtherTag ID="BT21" LABEL="TableZone" DESCRIPTION="block type TableZone"/><OtherTag ID="BT22" LABEL="TitlePageZone" DESCRIPTION="block type TitlePageZone"/><OtherTag ID="BT3407" LABEL="MainZone-Continued" DESCRIPTION="block type MainZone-Continued"/><OtherTag ID="BT3408" LABEL="MainZone-P" DESCRIPTION="block type MainZone-P"/><OtherTag ID="BT3409" LABEL="MainZone-Head" DESCRIPTION="block type MainZone-Head"/><OtherTag ID="BT3410" LABEL="MainZone-Other" DESCRIPTION="block type MainZone-Other"/><OtherTag ID="BT3411" LABEL="MainZone-Sp" DESCRIPTION="block type MainZone-Sp"/><OtherTag ID="BT3417" LABEL="MainZone-Sp-Continued" DESCRIPTION="block type MainZone-Sp-Continued"/><OtherTag ID="BT3418" LABEL="GraphicZone-Decoration" DESCRIPTION="block type GraphicZone-Decoration"/><OtherTag ID="BT3419" LABEL="MainZone-Entry" DESCRIPTION="block type MainZone-Entry"/><OtherTag ID="BT3420" LABEL="MainZone-Lg" DESCRIPTION="block type MainZone-Lg"/><OtherTag ID="BT3421" LABEL="MainZone-Entry-Continued" DESCRIPTION="block type MainZone-Entry-Continued"/><OtherTag ID="BT3422" LABEL="MarginTextZone-ManuscriptAddendum" DESCRIPTION="block type MarginTextZone-ManuscriptAddendum"/><OtherTag ID="BT3423" LABEL="MainZone-List" DESCRIPTION="block type MainZone-List"/>
    <OtherTag ID="LT7" LABEL="CustomLine" DESCRIPTION="line type CustomLine"/><OtherTag ID="LT8" LABEL="DefaultLine" DESCRIPTION="line type DefaultLine"/><OtherTag ID="LT9" LABEL="DropCapitalLine" DESCRIPTION="line type DropCapitalLine"/><OtherTag ID="LT10" LABEL="HeadingLine" DESCRIPTION="line type HeadingLine"/><OtherTag ID="LT11" LABEL="InterlinearLine" DESCRIPTION="line type InterlinearLine"/><OtherTag ID="LT12" LABEL="MusicLine" DESCRIPTION="line type MusicLine"/>
  </Tags>
  <Layout>
    <Page WIDTH="1000" HEIGHT="1448" PHYSICAL_IMG_NR="278" ID="eSc_dummypage_">
      <PrintSpace HPOS="0" VPOS="0" WIDTH="1000" HEIGHT="1448">
        <TextBlock HPOS="482.697509765625" VPOS="77.8590316772461" WIDTH="370.36688232421875" HEIGHT="36.527671813964844" ID="block_1" TAGREFS="BT18">
          <Shape><Polygon POINTS="482.698 77.859 853.064 77.859 853.064 114.387 482.698 114.387 482.698 77.859"/></Shape>
          <TextLine ID="line_1" TAGREFS="LT8" BASELINE="478 111 852 99" HPOS="477.0" VPOS="75.0" WIDTH="375.0" HEIGHT="48.0">
            <Shape><Polygon POINTS="767 96 759 96 751 96 743 96 735 96 727 96 719 96 711 96 703 96 695 96 687 96 679 96 670 96 662 96 654 96 646 96 638 96 630 96 622 96 615 96 614 97 583 97 579 96 574 96 566 96 558 96 550 96 542 96 534 96 526 96 518 96 510 96 502 96 493 96 485 96 477 96 478 111 478 123 527 116 551 120 552 120 586 115 592 119 594 120 595 120 596 120 596 120 609 118 637 113 646 116 650 119 651 119 652 119 653 119 654 119 658 115 660 115 663 115 672 118 673 118 674 118 674 118 681 115 687 111 714 113 751 115 752 115 753 115 753 115 759 111 762 109 772 110 800 114 801 114 802 114 802 114 810 108 852 106 852 99 850 75 777 77 777 77 776 77 776 78 773 79 767 85 767 96"/></Shape>
            <String CONTENT="AD I. PAVL. AD TIM." HPOS="477.0" VPOS="75.0" WIDTH="375.0" HEIGHT="48.0" WC="0.9863554302014803"/>
          </TextLine>
        </TextBlock>
        <TextBlock HPOS="371.8083801269531" VPOS="119.18758392333984" WIDTH="584.5310974121094" HEIGHT="230.9596939086914" ID="block_2" TAGREFS="BT3407">
          <Shape><Polygon POINTS="371.808 119.188 956.339 119.188 956.339 350.147 371.808 350.147 371.808 119.188"/></Shape>
          <TextLine ID="line_2" TAGREFS="LT8" BASELINE="374 148 954 135" HPOS="373.0" VPOS="105.0" WIDTH="581.0" HEIGHT="55.0">
            <Shape><Polygon POINTS="374 148 374 155 409 160 410 160 474 154 483 153 490 153 534 157 534 157 535 157 536 157 543 153 605 155 606 155 607 155 619 152 628 150 639 152 662 155 663 155 686 151 701 148 716 151 735 153 736 153 756 150 774 147 790 149 803 152 804 152 805 152 812 149 821 146 855 146 859 148 860 150 861 150 862 150 863 150 864 150 870 148 883 145 954 147 954 135 952 105 881 108 880 108 880 108 871 115 837 109 831 108 831 108 769 111 769 111 768 111 767 111 759 118 735 119 714 119 708 114 703 110 703 110 702 110 701 110 700 110 686 115 675 118 670 115 665 113 664 113 663 113 662 113 657 115 649 120 626 120 619 117 609 112 609 112 608 112 555 113 554 113 553 113 553 114 546 119 544 121 537 120 526 119 525 119 524 119 519 121 515 123 508 121 496 119 495 119 477 123 470 123 468 123 456 118 456 118 455 118 454 118 453 118 445 123 444 125 424 125 423 124 409 118 408 118 407 118 407 118 406 118 395 125 395 126 373 126 374 148"/></Shape>
            <String CONTENT="odio &amp; auerſatione ipſius guſtus &amp; odoris," HPOS="373.0" VPOS="105.0" WIDTH="581.0" HEIGHT="55.0" WC="0.9995360800198146"/>
          </TextLine>
          <TextLine ID="line_3" TAGREFS="LT8" BASELINE="373 183 956 167" HPOS="372.0" VPOS="141.0" WIDTH="584.0" HEIGHT="56.0">
            <Shape><Polygon POINTS="373 183 373 197 399 197 399 197 400 197 402 196 415 191 427 195 429 196 430 196 431 196 437 195 461 189 518 192 543 193 544 193 545 193 551 191 561 187 569 190 575 192 576 192 576 192 601 189 636 185 663 186 691 189 692 189 748 187 748 187 749 187 753 183 757 181 773 183 809 185 810 185 839 185 839 185 840 185 840 184 844 180 845 180 846 180 855 183 856 183 857 183 858 183 866 179 869 178 885 179 930 181 930 181 955 176 956 167 954 141 895 146 887 143 883 142 882 142 881 142 880 142 876 143 864 150 807 151 795 147 788 144 787 144 786 144 786 144 777 148 769 150 764 148 756 145 755 145 754 145 753 145 753 145 748 148 742 153 714 153 703 150 692 147 691 147 691 147 690 147 679 151 670 154 651 152 638 151 637 151 637 151 629 153 620 156 609 153 590 150 589 150 559 156 543 158 532 156 504 152 503 152 468 158 460 153 459 153 458 153 457 153 432 154 431 154 430 154 430 155 423 160 423 161 372 162 373 183"/></Shape>
            <String CONTENT="quod faciunt ij, qui natura ſunt abſtemij, &amp; vinũ" HPOS="372.0" VPOS="141.0" WIDTH="584.0" HEIGHT="56.0" WC="0.9986874794960022"/>
          </TextLine>
          <TextLine ID="line_4" TAGREFS="LT8" BASELINE="374 215 955 199" HPOS="373.0" VPOS="173.0" WIDTH="582.0" HEIGHT="55.0">
            <Shape><Polygon POINTS="768 192 764 185 750 185 713 183 663 181 662 181 629 185 624 185 622 185 610 182 609 182 609 182 608 182 607 182 602 185 599 189 576 189 566 187 556 184 555 184 555 184 554 184 547 187 539 190 532 188 529 186 528 186 527 186 526 186 521 188 508 192 373 192 374 215 374 228 433 222 486 225 487 225 488 225 489 225 511 220 516 224 517 225 518 225 518 225 519 225 525 224 549 218 588 222 594 222 595 222 596 222 597 221 609 217 650 219 655 219 656 219 660 219 685 215 704 218 722 219 723 219 751 216 774 213 789 214 809 217 810 217 848 215 849 215 850 215 854 212 856 210 867 211 893 214 893 214 954 208 955 199 954 177 925 173 925 173 868 179 837 182 828 180 817 177 816 177 815 177 814 177 808 181 803 183 796 181 785 177 784 177 783 177 782 177 775 181 770 184 768 192"/></Shape>
            <String CONTENT="guſtare non poſſunt: ſed certo animi propoſito" HPOS="373.0" VPOS="173.0" WIDTH="582.0" HEIGHT="55.0" WC="0.9925951892914979"/>
          </TextLine>
          <TextLine ID="line_5" TAGREFS="LT8" BASELINE="374 248 955 230" HPOS="373.0" VPOS="207.0" WIDTH="582.0" HEIGHT="53.0">
            <Shape><Polygon POINTS="374 248 374 260 455 254 549 255 580 255 580 255 581 255 584 253 592 250 603 252 608 254 609 254 609 254 655 250 718 246 738 247 760 249 761 249 782 246 787 245 789 245 795 248 796 248 797 248 798 248 805 245 808 243 843 243 938 243 938 243 939 243 955 238 955 230 953 209 872 211 851 207 851 207 850 207 849 207 849 208 844 213 843 213 712 217 707 217 661 213 660 213 566 221 563 221 563 221 543 217 542 217 541 217 526 222 525 222 523 222 502 218 501 218 500 218 477 224 474 224 472 224 449 219 448 219 373 226 374 248"/></Shape>
            <String CONTENT="&amp; inſtituto, vt carnis libidinem in tam feruente" HPOS="373.0" VPOS="207.0" WIDTH="582.0" HEIGHT="53.0" WC="0.9969262679417928"/>
          </TextLine>
          <TextLine ID="line_6" TAGREFS="LT8" BASELINE="374 279 956 264" HPOS="373.0" VPOS="238.0" WIDTH="583.0" HEIGHT="56.0">
            <Shape><Polygon POINTS="374 279 375 294 382 290 446 292 465 292 465 292 466 292 469 291 480 286 501 289 506 290 506 290 507 290 510 289 527 283 624 282 637 284 648 287 649 287 698 283 718 281 740 281 831 282 831 282 832 282 833 282 839 278 843 275 864 275 868 276 881 280 882 280 883 280 884 280 897 275 901 275 903 275 917 279 918 279 919 279 920 279 921 279 929 275 930 274 956 274 956 264 954 238 917 243 869 241 860 241 860 241 855 242 828 246 729 246 680 246 679 246 679 246 672 248 665 250 660 248 657 246 656 246 655 246 615 247 513 253 460 257 413 257 412 257 407 253 406 253 405 253 404 253 373 258 374 279"/></Shape>
            <String CONTENT="ætate, tanquam æſtate, reprimeret, atque compeſ" HPOS="373.0" VPOS="238.0" WIDTH="583.0" HEIGHT="56.0" WC="0.9955761293147473"/>
          </TextLine>
          <TextLine ID="line_7" TAGREFS="LT8" BASELINE="375 311 956 296" HPOS="374.0" VPOS="271.0" WIDTH="582.0" HEIGHT="53.0">
            <Shape><Polygon POINTS="769 279 761 279 753 279 744 279 736 279 736 279 727 283 717 279 714 279 712 279 704 279 698 279 685 281 664 284 653 282 643 279 642 279 641 279 625 283 614 285 601 283 573 280 572 280 572 280 555 285 553 286 551 286 537 281 536 281 535 281 509 287 502 288 497 287 474 283 473 283 473 283 472 283 464 288 463 289 459 289 435 286 434 286 374 292 375 311 375 324 448 318 497 320 503 320 504 320 508 320 542 316 563 319 567 319 568 319 576 318 610 314 674 316 697 316 698 316 956 307 956 296 954 271 933 271 932 271 931 271 930 272 917 278 897 273 892 272 891 272 890 272 888 273 876 279 826 280 812 276 807 275 806 275 806 275 805 275 801 276 791 281 769 278 769 279"/></Shape>
            <String CONTENT="ceret: vti qui equis, ne nimium ferociant, pabuli" HPOS="374.0" VPOS="271.0" WIDTH="582.0" HEIGHT="53.0" WC="0.997753944932198"/>
          </TextLine>
          <TextLine ID="line_8" TAGREFS="LT8" BASELINE="376 344 891 331" HPOS="374.0" VPOS="308.0" WIDTH="517.0" HEIGHT="50.0">
            <Shape><Polygon POINTS="376 344 376 358 402 358 402 357 403 357 404 357 417 350 424 356 425 356 426 356 427 357 469 357 469 356 504 353 505 353 506 353 506 353 511 348 520 351 521 351 522 351 543 347 551 352 552 352 553 352 554 352 555 352 556 351 572 346 650 348 686 349 687 349 687 349 695 346 704 344 707 346 711 349 712 349 713 349 714 349 762 349 800 347 801 347 812 342 816 341 823 342 841 345 842 345 843 345 857 341 863 339 890 339 891 331 888 311 825 312 823 312 809 308 808 308 807 308 765 314 754 315 749 314 730 310 729 310 728 310 728 310 721 315 720 316 711 315 665 312 664 312 663 312 662 312 662 312 662 312 658 316 658 317 654 316 632 312 631 312 604 318 598 320 534 320 529 320 503 316 502 316 475 321 470 322 465 322 444 319 443 319 423 323 421 323 420 323 410 318 409 318 408 318 374 324 376 344"/></Shape>
            <String CONTENT="partem adimunt, ne nimium impinguentur." HPOS="374.0" VPOS="308.0" WIDTH="517.0" HEIGHT="50.0" WC="0.9985087743172278"/>
          </TextLine>
        </TextBlock>
        <TextBlock HPOS="374.7293395996094" VPOS="346.1452941894531" WIDTH="587.1859436035156" HEIGHT="164.31231689453125" ID="block_3" TAGREFS="BT3408">
          <Shape><Polygon POINTS="374.729 346.145 961.915 346.145 961.915 510.458 374.729 510.458 374.729 346.145"/></Shape>
          <TextLine ID="line_9" TAGREFS="LT8" BASELINE="409 375 957 362" HPOS="407.0" VPOS="335.0" WIDTH="550.0" HEIGHT="53.0">
            <Shape><Polygon POINTS="409 375 409 384 461 388 462 388 463 388 475 383 477 382 478 382 495 387 496 387 497 387 529 382 531 382 533 382 565 386 566 386 567 386 567 386 573 381 575 379 625 379 625 379 629 383 630 383 631 383 632 383 633 383 647 379 649 378 651 378 665 383 666 383 666 383 693 378 699 377 704 378 729 382 730 382 731 382 742 377 751 381 752 381 753 381 802 376 827 379 827 379 857 374 865 372 957 371 957 362 954 335 921 336 920 336 919 336 913 341 901 337 899 336 898 336 897 336 897 336 894 337 886 340 872 337 864 337 864 337 863 337 862 337 862 337 861 338 855 343 835 343 810 340 803 339 802 339 802 339 801 339 799 340 792 345 773 341 770 341 769 341 769 341 768 341 767 341 760 346 729 346 711 343 699 341 699 341 686 344 672 347 645 345 601 343 600 343 579 348 567 350 550 349 512 345 511 345 510 345 498 351 497 351 438 353 435 353 413 348 412 348 411 348 411 348 411 349 407 351 409 375"/></Shape>
            <String CONTENT="Ergo qui ſuperſtitione aliqua ducti, qui hæreſi" HPOS="407.0" VPOS="335.0" WIDTH="550.0" HEIGHT="53.0" WC="0.9792900123494737"/>
          </TextLine>
          <TextLine ID="line_10" TAGREFS="LT8" BASELINE="376 408 958 394" HPOS="375.0" VPOS="368.0" WIDTH="583.0" HEIGHT="49.0">
            <Shape><Polygon POINTS="376 408 376 417 958 404 958 394 955 368 921 374 879 370 859 369 858 369 846 371 823 376 806 373 798 371 798 371 797 371 796 371 794 373 789 377 757 374 739 373 738 373 737 373 731 375 723 378 716 375 710 373 709 373 708 373 707 373 699 376 694 378 663 378 629 376 629 376 628 376 622 378 618 381 603 379 579 377 578 377 577 377 565 381 559 382 535 382 472 378 471 378 470 378 469 378 469 379 464 384 462 386 438 386 432 385 405 380 404 380 375 386 376 408"/></Shape>
            <String CONTENT="alicui addicti, qui voto conſtricti, vino abſtinent" HPOS="375.0" VPOS="368.0" WIDTH="583.0" HEIGHT="49.0" WC="0.9993800380650688"/>
          </TextLine>
          <TextLine ID="line_11" TAGREFS="LT8" BASELINE="376 441 958 427" HPOS="375.0" VPOS="401.0" WIDTH="583.0" HEIGHT="52.0">
            <Shape><Polygon POINTS="769 411 765 411 759 412 728 411 721 411 713 411 705 411 697 411 695 411 689 415 651 415 645 411 643 411 641 411 633 411 631 411 630 411 624 415 611 411 607 411 606 411 605 411 604 411 600 412 588 416 577 413 576 413 576 413 539 417 526 414 517 411 516 411 515 411 514 411 508 414 500 418 481 415 467 412 466 412 375 416 376 441 376 449 394 453 395 453 435 448 436 448 472 452 473 452 502 447 506 446 509 446 534 450 534 450 535 450 550 445 551 444 611 444 613 444 631 448 632 448 662 443 667 442 692 442 860 442 861 442 889 437 894 436 898 436 925 440 926 440 958 435 958 427 956 405 917 408 909 406 894 401 893 401 893 401 835 403 834 403 833 403 827 407 825 410 821 407 814 404 814 404 813 404 812 404 801 408 799 408 798 408 794 404 793 404 792 404 791 404 790 404 774 408 770 409 769 411"/></Shape>
            <String CONTENT="hoc Timothei exemplo iuuari vel deffendi non" HPOS="375.0" VPOS="401.0" WIDTH="583.0" HEIGHT="52.0" WC="0.9854146851734682"/>
          </TextLine>
          <TextLine ID="line_12" TAGREFS="LT8" BASELINE="377 473 957 459" HPOS="376.0" VPOS="436.0" WIDTH="581.0" HEIGHT="50.0">
            <Shape><Polygon POINTS="377 473 377 486 616 476 680 477 751 477 752 477 851 475 851 475 852 475 857 471 888 474 888 474 957 467 957 459 955 440 907 436 906 436 905 436 887 440 823 438 822 438 821 438 820 438 813 443 765 443 757 438 757 438 756 438 755 438 754 438 739 442 717 439 716 439 716 439 698 444 687 440 686 440 685 440 632 441 631 441 613 447 581 442 580 442 438 451 414 446 413 446 376 452 377 473"/></Shape>
            <String CONTENT="poſſunt, cuius factum hîc à Paulo commemora¬" HPOS="376.0" VPOS="436.0" WIDTH="581.0" HEIGHT="50.0" WC="0.9994614189085753"/>
          </TextLine>
          <TextLine ID="line_13" TAGREFS="LT8" BASELINE="378 507 621 499 735 499" HPOS="376.0" VPOS="470.0" WIDTH="359.0" HEIGHT="46.0">
            <Shape><Polygon POINTS="378 507 378 516 680 506 681 506 697 510 698 510 699 510 734 504 735 499 733 477 679 478 648 470 647 470 646 470 646 470 616 480 604 472 603 472 602 472 601 472 554 473 553 473 543 477 537 473 536 473 535 473 534 473 487 475 486 475 470 481 456 476 455 476 454 476 453 476 433 485 432 486 376 486 378 507"/></Shape>
            <String CONTENT="tum eſt ab illis diſſimillimum." HPOS="376.0" VPOS="470.0" WIDTH="359.0" HEIGHT="46.0" WC="0.9985260271256969"/>
          </TextLine>
        </TextBlock>
        <TextBlock HPOS="378.35516357421875" VPOS="510.22137451171875" WIDTH="586.6710815429688" HEIGHT="388.723388671875" ID="block_4" TAGREFS="BT3408">
          <Shape><Polygon POINTS="378.355 510.221 965.026 510.221 965.026 898.945 378.355 898.945 378.355 510.221"/></Shape>
          <TextLine ID="line_14" TAGREFS="LT8" BASELINE="408 538 957 525" HPOS="407.0" VPOS="498.0" WIDTH="550.0" HEIGHT="49.0">
            <Shape><Polygon POINTS="408 538 408 547 957 534 957 525 955 503 905 498 904 498 866 504 855 499 854 499 853 499 821 505 818 505 814 505 751 501 750 501 679 509 672 509 670 509 650 504 649 504 618 505 617 505 617 505 617 505 611 510 610 510 604 510 573 506 572 506 572 506 571 506 565 510 563 512 484 513 482 513 473 509 473 509 472 509 471 509 470 509 464 513 463 514 407 514 408 538"/></Shape>
            <String CONTENT="Denique ratio addita eſt à Paulo, &amp; modus," HPOS="407.0" VPOS="498.0" WIDTH="550.0" HEIGHT="49.0" WC="0.9917798776959263"/>
          </TextLine>
          <TextLine ID="line_15" TAGREFS="LT8" BASELINE="378 570 960 557" HPOS="378.0" VPOS="531.0" WIDTH="582.0" HEIGHT="49.0">
            <Shape><Polygon POINTS="378 570 378 580 741 570 745 571 753 574 754 574 755 574 835 572 864 568 868 567 871 567 884 571 885 571 886 571 887 571 888 571 894 567 896 566 959 565 960 557 959 537 941 531 940 531 939 531 938 531 921 537 831 534 830 534 790 538 778 534 777 534 777 534 776 534 760 540 722 536 721 536 683 542 670 537 669 537 668 537 579 544 561 539 560 539 559 539 559 539 540 545 499 541 498 541 440 547 433 543 432 543 432 543 431 543 430 543 429 543 420 548 378 549 378 570"/></Shape>
            <String CONTENT="ex quo Timotheum æſtimare vult, quatenus &amp;" HPOS="378.0" VPOS="531.0" WIDTH="582.0" HEIGHT="49.0" WC="0.9960139365423293"/>
          </TextLine>
          <TextLine ID="line_16" TAGREFS="LT8" BASELINE="380 602 960 588" HPOS="379.0" VPOS="564.0" WIDTH="581.0" HEIGHT="48.0">
            <Shape><Polygon POINTS="380 602 380 612 514 612 514 612 526 608 534 607 551 608 576 610 577 610 578 610 584 607 588 605 606 607 629 608 630 608 669 605 693 603 748 603 876 603 877 603 878 603 890 599 893 598 895 599 905 602 905 602 906 602 907 602 908 602 912 598 913 597 960 596 960 588 958 567 879 570 876 569 866 564 865 564 864 564 832 570 822 571 806 571 762 567 761 567 723 572 710 574 696 573 653 569 652 569 591 574 586 571 585 571 584 571 584 571 583 571 572 575 567 577 533 576 452 575 451 575 450 575 449 575 449 575 446 579 444 580 431 579 404 575 403 575 379 580 380 602"/></Shape>
            <String CONTENT="vino &amp; cęteris cibis abſtinere debeat. Nimirum" HPOS="379.0" VPOS="564.0" WIDTH="581.0" HEIGHT="48.0" WC="0.9908769688707717"/>
          </TextLine>
          <TextLine ID="line_17" TAGREFS="LT8" BASELINE="381 633 961 620" HPOS="380.0" VPOS="595.0" WIDTH="581.0" HEIGHT="51.0">
            <Shape><Polygon POINTS="381 633 381 646 552 637 600 637 605 640 608 641 609 641 609 641 610 641 633 638 662 635 668 637 673 640 674 640 674 640 718 636 747 633 752 635 759 637 760 637 761 637 816 633 831 632 835 632 858 636 859 636 860 636 860 636 860 635 864 631 866 630 878 631 925 634 926 634 927 634 928 634 934 629 936 629 961 629 961 620 959 600 931 596 930 596 901 600 894 595 893 595 893 595 892 595 891 595 868 601 847 597 846 597 845 597 823 603 811 598 810 598 810 598 809 598 789 603 757 598 756 598 687 600 636 601 635 601 634 601 625 607 615 602 614 602 613 602 574 608 547 604 547 604 513 610 449 605 448 605 380 613 381 633"/></Shape>
            <String CONTENT="quatenus ratio valetudinis &amp; corporis ſanitas" HPOS="380.0" VPOS="595.0" WIDTH="581.0" HEIGHT="51.0" WC="0.998262714015113"/>
          </TextLine>
          <TextLine ID="line_18" TAGREFS="LT8" BASELINE="379 667 961 653" HPOS="378.0" VPOS="629.0" WIDTH="583.0" HEIGHT="51.0">
            <Shape><Polygon POINTS="379 667 379 680 422 674 511 676 539 676 539 676 549 674 573 670 603 673 618 674 619 674 620 674 621 674 622 672 625 670 649 671 666 672 666 672 667 672 668 672 670 670 673 668 697 670 726 671 727 671 728 671 736 668 741 666 748 668 762 670 763 670 764 670 765 670 765 670 768 667 769 666 775 666 790 670 791 670 896 667 961 660 961 653 959 633 871 629 870 629 869 629 857 634 790 631 790 631 768 636 748 632 748 632 747 632 746 632 738 637 738 638 698 639 695 639 666 633 666 633 665 633 664 633 657 639 561 638 560 638 559 638 559 638 555 642 548 637 547 637 547 637 546 637 545 637 534 641 524 637 523 637 522 637 471 638 470 638 469 638 459 645 444 639 444 639 443 639 442 639 441 639 433 645 432 646 378 646 379 667"/></Shape>
            <String CONTENT="patitur id fieri: non vt longæui tantum fiamus:" HPOS="378.0" VPOS="629.0" WIDTH="583.0" HEIGHT="51.0" WC="0.9823512739323556"/>
          </TextLine>
          <TextLine ID="line_19" TAGREFS="LT8" BASELINE="379 700 958 686" HPOS="378.0" VPOS="660.0" WIDTH="580.0" HEIGHT="51.0">
            <Shape><Polygon POINTS="379 700 380 711 395 707 490 709 505 709 506 709 510 709 538 704 571 707 572 707 572 707 573 707 579 703 601 707 604 707 604 707 621 706 769 698 781 702 781 702 782 702 783 702 798 697 817 701 818 701 835 701 893 699 894 699 926 694 958 698 958 686 957 664 926 660 925 660 925 660 910 665 909 666 837 666 835 666 797 662 796 662 795 662 784 667 773 663 772 663 771 663 770 663 754 669 753 669 753 669 744 666 744 666 743 666 717 670 715 670 712 670 665 666 664 666 663 666 649 671 641 666 641 666 640 666 639 666 638 666 618 671 567 668 567 668 452 676 438 677 436 677 419 672 418 672 417 672 416 672 415 672 410 677 410 678 378 678 379 700"/></Shape>
            <String CONTENT="ſed vt cõmodiùs &amp; faciliùs Deo inſeruiamus. At" HPOS="378.0" VPOS="660.0" WIDTH="580.0" HEIGHT="51.0" WC="0.9905424118041992"/>
          </TextLine>
          <TextLine ID="line_20" TAGREFS="LT8" BASELINE="379 732 958 717" HPOS="378.0" VPOS="698.0" WIDTH="580.0" HEIGHT="47.0">
            <Shape><Polygon POINTS="724 723 716 723 708 723 700 723 692 723 684 723 676 723 668 723 660 724 652 724 644 724 636 724 628 724 620 724 612 724 604 724 596 724 588 724 580 724 572 724 563 724 555 724 547 724 539 724 531 724 523 724 515 724 507 724 499 724 491 724 483 724 475 724 467 724 459 724 451 724 443 724 435 724 427 724 419 724 411 724 403 724 395 724 386 724 378 724 379 732 379 740 408 745 409 745 452 740 500 743 501 743 537 737 540 737 543 737 591 740 592 740 629 736 634 735 655 735 768 736 769 736 804 732 818 730 841 731 897 732 897 732 898 732 905 729 908 728 957 728 958 717 956 698 783 699 782 699 773 704 760 700 759 700 758 700 757 700 739 706 727 709 724 723"/></Shape>
            <String CONTENT="que fiae quidem partieularieer pertinent ad Ti¬" HPOS="378.0" VPOS="698.0" WIDTH="580.0" HEIGHT="47.0" WC="0.9526977285425714"/>
          </TextLine>
          <TextLine ID="line_21" TAGREFS="LT8" BASELINE="380 765 963 751" HPOS="379.0" VPOS="724.0" WIDTH="584.0" HEIGHT="49.0">
            <Shape><Polygon POINTS="380 765 380 773 584 773 585 773 609 773 610 773 611 773 620 767 621 767 637 772 638 772 639 772 640 772 654 766 655 766 659 766 722 770 723 770 724 770 738 764 866 761 893 766 894 766 963 758 963 751 962 732 930 724 929 724 893 731 886 726 885 726 884 726 860 726 860 726 859 726 839 733 798 728 797 728 796 728 795 728 786 735 732 732 732 732 682 737 655 731 654 731 654 731 653 731 634 737 627 734 626 734 625 734 583 739 552 733 551 733 481 742 481 742 480 742 434 736 433 736 432 736 432 736 423 743 386 740 385 740 384 740 383 740 379 742 380 765"/></Shape>
            <String CONTENT="motheum: Videamus iam quæ ex his colligi de¬" HPOS="379.0" VPOS="724.0" WIDTH="584.0" HEIGHT="49.0" WC="0.9961268468336626"/>
          </TextLine>
          <TextLine ID="line_22" TAGREFS="LT8" BASELINE="380 797 962 783" HPOS="379.0" VPOS="760.0" WIDTH="583.0" HEIGHT="49.0">
            <Shape><Polygon POINTS="380 797 380 809 416 804 442 808 444 808 445 808 448 808 483 802 558 804 584 805 585 805 613 802 661 798 675 801 687 802 687 802 703 800 722 796 800 795 806 797 817 799 818 799 818 799 962 791 962 783 959 760 379 771 380 797"/></Shape>
            <String CONTENT="beant, &amp; ad omnes Presbyteros &amp; Eccleſiæ præ¬" HPOS="379.0" VPOS="760.0" WIDTH="583.0" HEIGHT="49.0" WC="0.9973992811308967"/>
          </TextLine>
          <TextLine ID="line_23" TAGREFS="LT8" BASELINE="382 829 961 816" HPOS="382.0" VPOS="791.0" WIDTH="579.0" HEIGHT="49.0">
            <Shape><Polygon POINTS="461 826 453 826 445 826 437 826 429 826 421 826 413 826 405 826 397 826 389 828 385 828 382 829 382 840 961 826 961 816 959 794 910 791 909 791 880 797 868 799 864 798 856 794 855 794 855 794 831 798 809 802 797 800 786 798 786 798 785 798 776 801 773 802 771 801 759 794 758 794 757 794 757 794 736 802 736 802 735 802 730 798 729 798 728 798 728 798 681 802 646 797 646 797 645 797 644 797 630 806 608 802 607 802 581 806 565 798 564 798 563 798 563 798 548 804 490 800 489 800 489 800 465 810 461 826"/></Shape>
            <String CONTENT="pontos diffundantur. Duo verò canones ex hoc" HPOS="382.0" VPOS="791.0" WIDTH="579.0" HEIGHT="49.0" WC="0.9851129266950819"/>
          </TextLine>
          <TextLine ID="line_24" TAGREFS="LT8" BASELINE="382 860 961 847" HPOS="382.0" VPOS="822.0" WIDTH="579.0" HEIGHT="54.0">
            <Shape><Polygon POINTS="776 826 775 826 766 831 765 832 748 831 686 829 685 829 684 829 672 834 670 835 669 834 662 830 662 830 661 830 629 835 622 835 617 835 563 830 562 830 544 830 543 830 543 830 534 837 514 831 513 831 512 831 485 836 431 833 430 833 429 833 428 833 417 840 416 841 382 841 382 860 382 871 399 875 399 875 450 870 457 869 458 869 466 875 467 875 468 875 469 876 490 876 490 875 525 870 553 873 554 873 555 873 564 868 597 872 598 872 599 872 600 872 600 872 605 867 670 871 671 871 703 864 708 863 712 864 730 869 731 869 732 869 732 869 733 869 740 863 747 863 780 862 782 863 793 867 794 867 794 867 795 867 814 863 849 867 850 867 851 867 851 867 860 861 861 859 893 859 898 860 924 865 925 865 925 865 926 865 933 860 943 863 944 863 945 863 946 863 961 859 961 847 959 826 925 822 924 822 823 830 800 831 797 830 781 825 780 825 779 825 778 825 777 825 776 826"/></Shape>
            <String CONTENT="verſiculo à nobis excerpentur, iique generales" HPOS="382.0" VPOS="822.0" WIDTH="579.0" HEIGHT="54.0" WC="0.993312602347516"/>
          </TextLine>
          <TextLine ID="line_25" TAGREFS="LT8" BASELINE="383 895 501 892" HPOS="382.0" VPOS="865.0" WIDTH="119.0" HEIGHT="44.0">
            <Shape><Polygon POINTS="383 909 405 909 405 908 406 908 407 908 409 906 418 900 437 904 440 904 441 904 442 904 443 904 443 903 444 903 445 900 451 902 457 905 458 905 459 905 478 900 485 905 485 905 486 905 487 905 488 905 501 898 501 892 498 872 469 872 467 871 462 866 462 865 461 865 460 865 447 865 446 865 445 865 444 865 439 869 433 873 422 868 419 867 419 867 418 867 417 867 416 867 416 868 407 875 382 867 383 895 383 909"/></Shape>
            <String CONTENT="&amp; vtiles." HPOS="382.0" VPOS="865.0" WIDTH="119.0" HEIGHT="44.0" WC="0.9998959435356988"/>
          </TextLine>
        </TextBlock>
        <TextBlock HPOS="382.9685363769531" VPOS="900.5438842773438" WIDTH="584.5707092285156" HEIGHT="129.11383056640625" ID="block_5" TAGREFS="BT3408">
          <Shape><Polygon POINTS="382.969 900.544 967.539 900.544 967.539 1029.66 382.969 1029.66 382.969 900.544"/></Shape>
          <TextLine ID="line_26" TAGREFS="LT8" BASELINE="412 925 963 912" HPOS="411.0" VPOS="884.0" WIDTH="552.0" HEIGHT="51.0">
            <Shape><Polygon POINTS="412 925 412 932 474 935 475 935 496 931 514 935 514 935 515 935 516 935 531 931 578 933 579 933 580 933 594 929 617 933 618 933 963 920 963 912 962 892 930 884 930 884 929 884 880 885 879 885 857 895 778 896 757 888 757 888 756 888 755 888 754 888 740 896 654 890 653 890 652 890 651 890 640 899 626 894 625 894 625 894 573 898 535 894 534 894 534 894 522 898 493 894 493 894 492 894 472 903 448 895 448 895 447 895 446 895 429 905 411 905 412 925"/></Shape>
            <String CONTENT="I Presbyteri eam victus rationem ac ſobrie¬" HPOS="411.0" VPOS="884.0" WIDTH="552.0" HEIGHT="51.0" WC="0.9989468288976092"/>
          </TextLine>
          <TextLine ID="line_27" TAGREFS="LT8" BASELINE="380 958 964 945" HPOS="379.0" VPOS="920.0" WIDTH="585.0" HEIGHT="50.0">
            <Shape><Polygon POINTS="773 930 765 930 757 930 749 930 744 930 741 930 733 930 725 930 717 930 709 930 701 930 693 930 685 930 675 932 659 930 653 930 645 930 637 930 629 930 629 931 628 933 560 935 551 933 534 931 534 931 533 931 532 931 526 934 524 936 522 935 510 930 508 930 500 930 492 930 484 930 476 930 468 930 462 930 431 938 399 938 392 934 391 934 390 934 390 934 389 934 379 938 380 958 380 968 439 970 440 970 460 966 468 965 470 966 476 970 477 970 477 970 478 970 510 966 518 969 518 969 519 969 559 964 575 962 587 963 621 966 621 966 622 966 640 962 645 961 649 962 658 965 658 965 659 965 744 964 744 964 759 959 761 958 762 959 773 963 773 963 774 963 775 963 788 958 790 957 834 957 836 957 851 962 852 962 853 962 854 962 855 962 855 961 860 957 861 956 871 956 922 959 923 959 964 954 964 945 962 920 866 921 865 921 864 921 863 923 853 929 836 925 835 925 786 929 779 925 777 925 776 925 773 930"/></Shape>
            <String CONTENT="tatem inſtituunto, quæ &amp; ipſorum muneri facile" HPOS="379.0" VPOS="920.0" WIDTH="585.0" HEIGHT="50.0" WC="0.9863897626814635"/>
          </TextLine>
          <TextLine ID="line_28" TAGREFS="LT8" BASELINE="382 989 964 978" HPOS="382.0" VPOS="954.0" WIDTH="582.0" HEIGHT="49.0">
            <Shape><Polygon POINTS="382 989 382 1003 423 1003 423 1002 424 1002 426 1001 435 996 525 995 537 998 543 999 543 999 544 999 559 998 582 995 627 995 672 997 673 997 720 993 756 991 771 992 796 995 797 995 963 987 964 978 962 958 921 954 921 954 884 959 880 960 876 959 854 955 853 955 852 955 839 960 837 961 826 961 758 957 757 957 710 962 702 964 641 964 640 964 633 959 632 959 631 959 630 959 629 959 621 964 618 966 574 966 571 965 551 961 551 961 550 961 549 961 549 962 544 966 543 967 485 967 482 966 470 962 469 962 469 962 468 962 467 962 460 967 458 968 446 967 398 964 397 964 396 964 382 968 382 989"/></Shape>
            <String CONTENT="obeundo conducat, &amp; cæteris ad exemplum tem" HPOS="382.0" VPOS="954.0" WIDTH="582.0" HEIGHT="49.0" WC="0.9883907021478165"/>
          </TextLine>
          <TextLine ID="line_29" TAGREFS="LT8" BASELINE="384 1021 777 1014" HPOS="383.0" VPOS="989.0" WIDTH="394.0" HEIGHT="47.0">
            <Shape><Polygon POINTS="384 1021 384 1036 474 1028 508 1032 509 1032 533 1028 539 1032 543 1034 544 1034 545 1034 546 1034 547 1034 553 1031 559 1028 571 1030 588 1033 588 1033 589 1033 600 1029 609 1027 620 1028 645 1032 646 1032 777 1022 777 1014 776 995 733 989 732 989 732 989 716 995 703 991 703 991 702 991 664 995 654 991 654 991 653 991 652 991 651 991 643 996 604 991 604 991 564 997 517 993 516 993 515 993 514 993 506 999 471 995 470 995 469 995 469 995 463 1000 383 1001 384 1021"/></Shape>
            <String CONTENT="perantiæ eſſe &amp; prælucere poſſit." HPOS="383.0" VPOS="989.0" WIDTH="394.0" HEIGHT="47.0" WC="0.9866160479458895"/>
          </TextLine>
        </TextBlock>
        <TextBlock HPOS="382.45623779296875" VPOS="1027.924072265625" WIDTH="586.854248046875" HEIGHT="130.2408447265625" ID="block_6" TAGREFS="BT3408">
          <Shape><Polygon POINTS="382.456 1027.92 969.31 1027.92 969.31 1158.16 382.456 1158.16 382.456 1027.92"/></Shape>
          <TextLine ID="line_30" TAGREFS="LT8" BASELINE="417 1053 966 1043" HPOS="416.0" VPOS="1016.0" WIDTH="550.0" HEIGHT="50.0">
            <Shape><Polygon POINTS="417 1053 417 1062 425 1066 426 1066 427 1066 486 1061 501 1060 506 1061 525 1065 526 1065 526 1065 540 1061 546 1059 555 1061 579 1064 580 1064 621 1063 622 1063 623 1063 629 1060 631 1058 643 1060 666 1062 666 1062 667 1062 668 1062 671 1059 674 1057 690 1059 711 1061 711 1061 748 1061 749 1061 753 1058 761 1055 784 1058 795 1060 796 1060 819 1058 882 1053 950 1053 963 1057 966 1043 963 1016 911 1016 910 1016 909 1016 909 1017 902 1024 885 1017 882 1016 881 1016 880 1016 880 1016 876 1018 866 1023 856 1018 854 1017 853 1017 852 1017 809 1018 808 1018 807 1018 805 1020 794 1026 786 1020 784 1019 783 1019 782 1019 755 1019 754 1019 753 1019 753 1019 749 1021 746 1024 737 1022 725 1020 724 1020 724 1020 723 1020 719 1022 710 1028 666 1024 666 1024 516 1031 512 1028 506 1024 506 1024 505 1024 504 1024 503 1024 493 1029 487 1032 471 1032 468 1030 461 1025 460 1025 460 1025 459 1025 458 1025 445 1030 440 1032 416 1032 417 1053"/></Shape>
            <String CONTENT="2 Presbyteri atque præpoſiti Eccleſiæ in ea vi" HPOS="416.0" VPOS="1016.0" WIDTH="550.0" HEIGHT="50.0" WC="0.9895969927310944"/>
          </TextLine>
          <TextLine ID="line_31" TAGREFS="LT8" BASELINE="381 1086 965 1074" HPOS="380.0" VPOS="1048.0" WIDTH="585.0" HEIGHT="50.0">
            <Shape><Polygon POINTS="381 1086 381 1098 503 1091 518 1094 525 1095 526 1095 526 1095 530 1094 539 1090 553 1094 564 1095 565 1095 566 1095 567 1095 570 1093 576 1090 584 1093 590 1094 591 1094 592 1094 691 1093 692 1093 699 1090 703 1087 710 1089 721 1092 722 1092 723 1092 724 1092 732 1088 737 1086 747 1088 766 1091 767 1091 826 1086 847 1084 857 1085 886 1089 887 1089 888 1089 903 1084 905 1082 964 1081 965 1074 962 1054 933 1054 932 1054 923 1048 922 1048 921 1048 921 1048 859 1053 849 1049 848 1049 847 1049 847 1049 846 1049 835 1057 835 1057 831 1057 758 1051 757 1051 710 1059 709 1059 681 1053 680 1053 679 1053 679 1053 668 1060 668 1061 602 1061 596 1061 572 1061 563 1056 563 1056 562 1056 561 1056 515 1061 487 1057 486 1057 441 1058 440 1058 440 1058 432 1065 390 1059 390 1059 389 1059 388 1059 380 1064 381 1086"/></Shape>
            <String CONTENT="ctus ſui ſobrietate ac ratione inſtituenda, &amp; bo¬" HPOS="380.0" VPOS="1048.0" WIDTH="585.0" HEIGHT="50.0" WC="0.9904284696189725"/>
          </TextLine>
          <TextLine ID="line_32" TAGREFS="LT8" BASELINE="380 1119 964 1106" HPOS="379.0" VPOS="1080.0" WIDTH="585.0" HEIGHT="50.0">
            <Shape><Polygon POINTS="380 1119 380 1130 964 1118 964 1106 962 1086 932 1080 931 1080 930 1080 914 1086 912 1087 826 1088 823 1087 812 1083 811 1083 810 1083 810 1083 809 1083 809 1084 805 1087 803 1090 749 1090 744 1088 733 1084 732 1084 732 1084 731 1084 715 1088 708 1090 694 1089 659 1086 658 1086 609 1087 608 1087 599 1090 585 1094 578 1090 574 1088 573 1088 572 1088 572 1088 563 1090 552 1093 522 1090 504 1090 503 1090 496 1091 475 1096 456 1091 449 1090 448 1090 448 1090 447 1090 445 1092 438 1097 401 1098 379 1093 380 1119"/></Shape>
            <String CONTENT="næ valetudinis ſuæ, &amp; virium ſtomachi atque to¬" HPOS="379.0" VPOS="1080.0" WIDTH="585.0" HEIGHT="50.0" WC="0.9978285812317057"/>
          </TextLine>
          <TextLine ID="line_33" TAGREFS="LT8" BASELINE="380 1151 810 1143" HPOS="379.0" VPOS="1118.0" WIDTH="431.0" HEIGHT="46.0">
            <Shape><Polygon POINTS="380 1151 380 1164 485 1164 485 1163 485 1163 486 1163 486 1162 489 1160 493 1156 510 1156 526 1156 530 1159 533 1162 534 1162 534 1162 535 1162 536 1162 545 1159 552 1155 597 1157 637 1158 637 1158 638 1158 644 1155 647 1154 664 1155 720 1159 721 1159 722 1159 744 1152 746 1152 747 1152 760 1157 761 1157 761 1158 801 1158 801 1157 802 1157 802 1157 810 1151 810 1143 810 1125 787 1118 786 1118 786 1118 785 1118 765 1125 724 1119 723 1119 694 1120 693 1120 679 1127 664 1122 663 1122 662 1122 662 1122 661 1122 654 1127 594 1128 551 1123 551 1123 465 1131 460 1127 460 1127 459 1127 458 1127 406 1130 396 1126 395 1126 395 1126 394 1126 379 1131 380 1151"/></Shape>
            <String CONTENT="tius corporis ſui rationem habeuto." HPOS="379.0" VPOS="1118.0" WIDTH="431.0" HEIGHT="46.0" WC="0.9817677736282349"/>
          </TextLine>
        </TextBlock>
        <TextBlock HPOS="388.75054931640625" VPOS="1156.85205078125" WIDTH="577.0668334960938" HEIGHT="38.246337890625" ID="block_7" TAGREFS="BT3408">
          <Shape><Polygon POINTS="388.751 1156.85 965.817 1156.85 965.817 1195.1 388.751 1195.1 388.751 1156.85"/></Shape>
          <TextLine ID="line_34" TAGREFS="LT8" BASELINE="401 1184 926 1173" HPOS="400.0" VPOS="1147.0" WIDTH="526.0" HEIGHT="58.0">
            <Shape><Polygon POINTS="401 1184 401 1196 425 1205 426 1205 427 1205 522 1195 542 1199 543 1199 563 1195 601 1203 602 1203 603 1203 621 1195 643 1195 652 1201 653 1201 654 1201 654 1201 655 1201 683 1191 684 1191 695 1191 721 1191 764 1200 765 1200 804 1199 805 1199 823 1188 831 1193 832 1193 833 1193 834 1194 877 1194 877 1193 878 1193 893 1187 905 1193 905 1193 906 1193 907 1193 926 1186 926 1173 925 1154 885 1147 884 1147 848 1154 840 1149 839 1149 839 1149 805 1149 804 1149 803 1149 802 1149 796 1154 765 1150 764 1150 726 1156 725 1156 724 1156 660 1153 659 1153 658 1153 645 1158 641 1160 526 1160 521 1160 496 1155 495 1155 494 1155 481 1160 477 1162 464 1160 436 1157 435 1157 400 1161 401 1184"/></Shape>
            <String CONTENT="Atque hic vterque canon eſt exp licandus." HPOS="400.0" VPOS="1147.0" WIDTH="526.0" HEIGHT="58.0" WC="0.9986877964764107"/>
          </TextLine>
        </TextBlock>
        <TextBlock HPOS="916.559814453125" VPOS="1183.1376953125" WIDTH="43.07769775390625" HEIGHT="30.427490234375" ID="block_8" TAGREFS="BT17">
          <Shape><Polygon POINTS="916.56 1183.14 959.638 1183.14 959.638 1213.57 916.56 1213.57 916.56 1183.14"/></Shape>
          <TextLine ID="line_35" TAGREFS="LT8" BASELINE="913 1206 961 1205" HPOS="912.0" VPOS="1178.0" WIDTH="49.0" HEIGHT="41.0">
            <Shape><Polygon POINTS="913 1206 913 1219 961 1219 961 1205 959 1182 912 1178 913 1206"/></Shape>
            <String CONTENT="Ac" HPOS="912.0" VPOS="1178.0" WIDTH="49.0" HEIGHT="41.0" WC="0.9998662173748016"/>
          </TextLine>
        </TextBlock>
      </PrintSpace>
    </Page>
  </Layout>
</alto>
