1000 1448
228.0 110.0 200.0 21.0 CANVT III.

592.0 88.0 47.0 44.0 14t

88.0 123.0 550.0 49.0 Hæc autem cura familiæ, quæ in Epiſcopo

58.0 164.0 580.0 38.0 laudatur, non eſt in eo, vt attentus ſit ad rem,

57.0 194.0 582.0 41.0 ditet & locupletet ſuos liberos: & vt optimum ſe

57.0 228.0 580.0 39.0 œconomum rerum, quę ad alimenta familię per¬

57.0 259.0 579.0 41.0 tinent (quanquam & hæc curanda ſunt) oſten¬

57.0 290.0 582.0 44.0 dat, ſpreta morum in ſua familia cura. Denique

56.0 321.0 582.0 44.0 non eò pertinent, vt aſtutum, vel callidum, vel

56.0 353.0 581.0 45.0 addictum bonis opibúſque terrenis familiæ ſuæ

56.0 388.0 581.0 42.0 acquirendis Epiſcopum eſſe debere doceat Pau¬

56.0 419.0 581.0 44.0 lus. Auaritiæ enim iſta ſunt præcepta potiùs &

56.0 453.0 582.0 40.0 effecta, quàm pietatis. Itaque vt ait hoc loco

57.0 484.0 581.0 43.0 Chryſoſtom. non eò pertinet mens huius præce¬

57.0 517.0 580.0 42.0 pti Pauli:ſed ad curam pietatis & morum, quos

56.0 549.0 580.0 40.0 ſanctos & honeſtos à patre Epiſcopo futuro &

55.0 581.0 583.0 40.0 tradi & traditos eſſe liberis vult Paulus. Id quõd

56.0 613.0 581.0 42.0 etiam ipſa eius verba ſatis probant. Vult enim

55.0 644.0 581.0 45.0 liberos Epiſcopi inſtitutos eſſe, in omni Reue¬

54.0 678.0 582.0 42.0 rentia & ſubiectione præſtanda patri ipſi, & in o¬

55.0 710.0 580.0 41.0 mni Honeſtate & ſanctitate. Addit Paulus in E¬

56.0 749.0 581.0 36.0 piſtola ad Iitum. In fde éttam Chriſtiana eos à

57.0 776.0 580.0 44.0 patre edoctos, & informatos eſſe oportere. Nec

55.0 806.0 581.0 45.0 enim is eligendus eſt Epiſcopus, cuius familia i¬

56.0 840.0 579.0 42.0 dololatra eſt: vel à quo liberi ipſi non ſunt in fide

57.0 873.0 579.0 44.0 & doctrina veræ pietatis & Chriſtianæ imbuti

56.0 908.0 149.0 42.0 & inſtructi.

87.0 937.0 549.0 39.0 Ex hoc autem loco confirmatur noſtra ſenten¬

56.0 969.0 580.0 45.0 tia, qui negamus cœlibatum Epiſcopis futuris

56.0 1003.0 578.0 38.0 imponendum, cuius ipſam familiæ & liberorum

56.0 1035.0 577.0 45.0 gubernationem certiſsimum argumentum eſſe

55.0 1068.0 579.0 42.0 indolis epiſcopalis, ingeniíque ad maius munus

55.0 1101.0 578.0 42.0 ſtrenuè capeſſendum idonei demonſtrat Paulus

56.0 1137.0 120.0 43.0 hoc loco.

90.0 1163.0 544.0 58.0 Item nominatim meminit, liberorum futurs
