1000 1448
265.0 79.0 176.0 37.0 CAPVT V.

98.0 120.0 347.0 37.0 Ac primùm quidem primus.

604.0 74.0 41.0 53.0 371

99.0 145.0 544.0 45.0 Iam inde à primis Apoſtolorum temporibus

68.0 180.0 575.0 44.0 propter & Muneris eminentiam, & functionum

67.0 211.0 576.0 46.0 ipſarum Eccleſiaſticarum finem receptum eſt,

67.0 244.0 578.0 44.0 vt maior quędam ſanctitas à præpoſitis Eccleſiæ

65.0 275.0 577.0 45.0 requireretur, quàm à reliquo populo Chriſtiano.

69.0 309.0 573.0 44.0 Qui enim in eo gradu collocantur, vitæ exẽplo

66.0 340.0 577.0 45.0 cæteris prælucere debent, quemadmodum docet

65.0 372.0 578.0 46.0 Petrus. 1.Epiſt.5.verſ.3. Vnde à Chriſto appellan¬

65.0 406.0 576.0 44.0 tur & Lux & ſal terræ, in quo cæteri ſaliuntur.

64.0 437.0 576.0 45.0 Math.5. Neque modò in iis, quæ ad cultum Dei,

66.0 470.0 575.0 45.0 verámque vitæ reformationẽ & ſanctimoniam

64.0 505.0 577.0 40.0 pertinent, quale eſt vt ſcortatione abſtineant, fur

62.0 537.0 579.0 41.0 to, cæde, idololatria, hæc ſeuerior vitæ ratio in

64.0 567.0 577.0 44.0 præpoſitis Eccleſiæ requirebatur: ſed etiam in re

62.0 601.0 578.0 43.0 bus ἀδιαφόροις & mediis: & quæ etiam licent reli¬

64.0 633.0 577.0 45.0 quis Chriſtianis, nempe propter muneris ipſius

62.0 664.0 579.0 44.0 Eccleſiaſtici dignitatem & ſanctitatem, maio¬

60.0 698.0 581.0 44.0 rémque commendationem. Vnde Paulus 1. Co¬

59.0 728.0 577.0 48.0 rinth. 9. verſ. 27. ait ſe contundere corpus ſuum,

61.0 762.0 576.0 43.0 & ſubiicere, ne cum aliis prædicauerit, ipſe re¬

61.0 795.0 576.0 44.0 probus fiat, cedatque illiin exitium, quod

58.0 826.0 582.0 46.0 ab aliis requirit. Et quæ ſecuta ſunt Apoſto¬

57.0 858.0 580.0 47.0 los tempora auſteriorem, rigidiorem, ſeueriorém

61.0 892.0 576.0 45.0 que ſemper præpoſitis Eccleſiæ, quàm reli¬

58.0 925.0 579.0 43.0 quo populo, diſciplinam indixerunt, quemadmo

57.0 957.0 580.0 42.0 dum & ex canonibus Apoſtolorum, qui dicuntur

57.0 988.0 578.0 44.0 & decretis ſynodorum apparet, maximéque ex

58.0 1020.0 576.0 45.0 eo, quòd Theleſphorus Epiſcopus Roma. ieiu¬

57.0 1053.0 577.0 44.0 nium Quadrageſimale primùm ſolis clericis in¬

57.0 1084.0 577.0 46.0 dixerat, à quibus ſeruabatur, non etiam à reliquo

57.0 1116.0 577.0 56.0 Eccleſiæ populo, vt apparet etiam ex ipſo decre¬

486.0 1181.0 65.0 51.0 A.ij.

57.0 1150.0 41.0 44.0 to.
