1000 1448
489.0 87.0 369.0 44.0 AD I. PAVL. AD TIM.

378.0 101.0 58.0 38.0 168

382.0 119.0 572.0 51.0 Ex hoc autem locoapertiſſimè demonſtratur,

376.0 156.0 578.0 48.0 quis ſit eorum præceptorum, quæ hîc de admini¬

376.0 186.0 578.0 50.0 ſtrandæ Eccleſiæ ratione traduntur, vſus. Quidã

377.0 221.0 576.0 46.0 enim exiſtimant (quos ipſe aliquando audiui) quę

377.0 250.0 577.0 52.0 hîc de diſciplina Eccleſiaſtica præſcribuntur à

378.0 287.0 578.0 46.0 Paulo, veluti de Epiſcoporum, & Diaconorum

379.0 316.0 577.0 50.0 electione, & munere: de cenſura morum quæ fit

378.0 349.0 577.0 51.0 à paſtoribus, denique quæ regulæ politiæ Eccle¬

379.0 381.0 576.0 49.0 ſiaſticæ cap.5. & tota hac Epiſtola traduntur, eſſe

379.0 415.0 577.0 48.0 tantùm ſingulares quaſdam præceptiones & par¬

379.0 449.0 578.0 44.0 ticulares, quæ tunc temporis vſum ſuum haberẽt,

382.0 478.0 576.0 49.0 ſed quæ generalem & perpetuã politiæ Eccleſiæ

380.0 510.0 576.0 46.0 normam & regulam minimè continent, minimé¬

383.0 544.0 576.0 46.0 que præſcribant. Itaque non debere hodie ad

380.0 575.0 577.0 47.0 hanc formam à Paulo deſcriptam politiam & ra¬

382.0 605.0 577.0 47.0 tionem Eccleſiæ Chriſtianæ adminiſtrandæ vel

380.0 637.0 578.0 49.0 reuocari, vel examinari. At contrà hoc loco do¬

382.0 670.0 577.0 52.0 cet, affirmátque diſertè Paulus, ſe Timotheo ea

382.0 705.0 577.0 48.0 præſcribere, quæ in domo Dei obtinere, & in¬

381.0 736.0 578.0 50.0 ſtitui debeant, vt pulchrè illa & regatur, & admi¬

383.0 769.0 575.0 49.0 niſtretur. Neque verò tempus certum, aut etiam

380.0 801.0 578.0 51.0 locum aliquem deſignat Paulus, cuius ratione v¬

381.0 835.0 577.0 46.0 tiles ſint hæ præceptiones, & neceſſariæ: ſed ge¬

381.0 867.0 578.0 46.0 neralis eſt affirmatio Pauli, vt ſcias, ait, quomo¬

381.0 896.0 576.0 48.0 do te regere debeas in domo Dei, id eſt, Eccleſia,

381.0 929.0 577.0 45.0 non dixit Epheſi tamtùm, aut in Aſia: non dixit,

382.0 962.0 576.0 47.0 hoc tempore nẽpe, quo ſunt Magiſtratus infide¬

383.0 995.0 576.0 49.0 les & idololatræ: ſed doceo (ait Paulus) quomo¬

384.0 1028.0 575.0 48.0 do te, id eſt, omnes veros Epiſcopos (eſt enim in

381.0 1059.0 577.0 45.0 perſona vnius Timothei omnium bonorum Epi¬

382.0 1093.0 577.0 46.0 ſcoporum officium deſcriptum) ſe gerere opor¬

380.0 1123.0 577.0 49.0 teat in Dei Eccleſia, qualis illa Dei domus eſt,

380.0 1157.0 578.0 60.0 & ex Deivoluntate rectè adminiſtrar i debet, in

902.0 1192.0 50.0 61.0 qua
