1000 1448
209.0 104.0 198.0 15.0 CAPVT. VI.

580.0 78.0 49.0 42.0 423

56.0 117.0 579.0 53.0 que accedit ſanis ſermonibus Domini noſtri

57.0 158.0 577.0 57.0 eſu Chriſti, & ei quæ ſecundum pietatem

56.0 202.0 180.0 49.0 eſt doctrinæ.

98.0 225.0 534.0 62.0 4 Is turget, nihil ſciens, ſed inſaniens

57.0 277.0 579.0 45.0 circa quæſtiones ac verborum pugnas: ex

58.0 311.0 578.0 49.0 quibus naſcitur inuidia, lis, maledicentiæ,

60.0 350.0 240.0 54.0 ſuſpiciones malæ,

152 381 487 54 5 Peruerſæ exercitationes hominum

57.0 433.0 583.0 43.0 mente corruptorum, & qui prinati ſunt ve¬

57.0 465.0 582.0 49.0 ritate, & quæſtui habent pietatem, ſecede

62.0 503.0 372.0 49.0 ab ijs qui eiuſmodi ſunt.

93.0 539.0 550.0 48.0 Confirmatio eſt ſuperioris doctrinæ ex ἀντι¬

60.0 575.0 580.0 40.0 Sέσηι & collatione doctrinæ illi contrariæ. Atque

59.0 609.0 579.0 42.0 hac ratione non tantùm illuſtrat ſuperiora præ¬

60.0 643.0 583.0 39.0 cepta Paulus: ſed etiam commendat, & veriſſima

61.0 674.0 579.0 41.0 eſſe oſtendit, cùm quæ illis aduerſantur, quæque

61.0 705.0 579.0 43.0 doctrina illis contraria eſt, huiuſmodi deprehẽ¬

61.0 737.0 580.0 45.0 datur, qualem hîc deſcribit Paulus, vel potius

62.0 771.0 435.0 43.0 Spiritus ſanctus, nimirum ſit impia.

91.0 802.0 551.0 45.0 Primùm autem quæritur vtrum hic colophon,

63.0 836.0 582.0 44.0 qui à Paulo nunc epiſtolę imponitur, ad vniuer¬

61.0 868.0 583.0 44.0 ſam ſuperiorem doctrinam pertineat, an tantùm

62.0 900.0 581.0 42.0 ad proximas pręceptiones de ſeruorum officio

64.0 930.0 581.0 43.0 erga dominos ſuos? quidam exiſtimant ad ſupe¬

63.0 965.0 583.0 45.0 riores tantùm verſiculos duos, qui proximè præ¬

65.0 997.0 581.0 43.0 ceſſerunt, referri, quia magni momenti ſit ſupe¬

65.0 1028.0 582.0 45.0 rior præceptio de ſeruorum & ſubditorum offi¬

67.0 1061.0 579.0 45.0 cio atque obſequio erga dominos & magi¬

66.0 1093.0 585.0 42.0 ſtratus. Adducor tamen vt ſentiam ad vni¬

65.0 1125.0 581.0 45.0 uerſam doctrinam, quæ totis quinque ſuperio¬

68.0 1159.0 584.0 53.0 ribus capitibus tradita eſt, pertinere hanc con¬

451.0 1191.0 85.0 51.0 D.iiij.
