1000 1448
245.0 107.0 201.0 24.0 CAPVT III.

600.0 88.0 42.0 35.0 121

93.0 122.0 550.0 47.0 Κέσμιον, id eſt, Compoſitum, alij, vt Canoniſtæ

65.0 159.0 577.0 40.0 Ornatum, mens Pauli eſt, vt omnis vitæ ratio

64.0 190.0 579.0 46.0 ab Epiſcopo recte ſit, ſanctéque inſtituta & cõ¬

65.0 226.0 578.0 44.0 poſita, vt neque leuitas in eo appareat: neque mo

63.0 257.0 580.0 46.0 roſitas quædam. Itaque grauem Epiſcopum eſſe

64.0 290.0 579.0 42.0 oportet, non quidem, vt non ſe affabilem & cui¬

63.0 319.0 578.0 44.0 libet acceſsibilem prębeat (eſt enim iſta toruitas

63.0 353.0 580.0 46.0 potius & inhumanitas, quàm grauitas) ſed ne ſe

63.0 386.0 579.0 44.0 contemptibilem cuiquam oſtendat & præbeat.

67.0 418.0 577.0 42.0 Vnde rectè ij explicant, qui concludunt ex hoc

64.0 452.0 580.0 42.0 loco. Neque ſcurram, ne que adulatorem, neque

63.0 482.0 579.0 44.0 leuem eſſe debere Epiſcopum Epheſ.4. verſ.5.

65.0 517.0 580.0 43.0 Bernard.ſermo 46. Cantic. cant. Cypreſſus item

66.0 548.0 580.0 44.0 boni æquè odoris & imputribile lignum incor¬

65.0 580.0 579.0 48.0 ruptæ vitæ, & fidei, etiam quemuis de clero de¬

65.0 615.0 265.0 41.0 bere eſſe demonſtrat.

96.0 643.0 549.0 47.0 Papiſtæ tamen & Canoniſtæ quædam argumẽ¬

65.0 679.0 580.0 44.0 to huius vocis afferunt, quæ non videntur omni¬

65.0 712.0 578.0 42.0 no prætermittenda, quædam etiam quæ ſunt re¬

65.0 744.0 580.0 42.0 futanda & prætermittenda. Ornatum igitur hũc,

65.0 775.0 579.0 46.0 quem ab Epiſcopo requiri putant, faciunt dupli¬

66.0 809.0 580.0 42.0 cem, nimirum alium Externum, & alium Internũ

66.0 840.0 578.0 45.0 Externum ornatum collocant, in Cultu, & In¬

65.0 875.0 581.0 42.0 ceſſu, quem vtrunque requirunt in Epiſcopo, ho¬

65.0 907.0 581.0 42.0 neſtum, & modeſtum, & rectè quidem. Itaque

67.0 938.0 579.0 44.0 quòd ad cultum & veſtitum priuatum Epiſcopo¬

66.0 970.0 579.0 43.0 rum, conſtitutum eſt, vt neque ſordidus ſit, neq;

65.0 1002.0 580.0 42.0 ſplendidus & fulgidus, ſed ſit illorum perſonæ &

68.0 1037.0 578.0 41.0 ordini congruens, & decens & accommodatus,

66.0 1069.0 582.0 42.0 cõcilio Agathenſi cap.2o. & Gangrenſi cap.21. &

66.0 1102.0 580.0 41.0 eſt in can. Clerici qui diſt.23.itémque 21. quæſt.4.

66.0 1133.0 580.0 45.0 per totum. Quod ad inceſſum etiam eſt ſancitũ,

65.0 1167.0 580.0 54.0 ne ſit mollis ſiue fractus: néue militaris can. Dar¬
