1000 1448
238.0 115.0 208.0 20.0 CABVT III.

586.0 79.0 42.0 53.0 125

81.0 127.0 549.0 51.0 De nobilitate generis etiã quæſitum eſt, cùm

49.0 165.0 580.0 47.0 in ea ſit apud homines dignitas quædã & cõmen¬

50.0 198.0 578.0 44.0 datio magna, Vtrum nobiles in electione ſint a¬

49.0 229.0 580.0 46.0 liis non nobilibus præferendi. Reſpondent Au¬

51.0 260.0 577.0 48.0 guſt. epiſt.148. & Ambroſius lib.4. de paradiſo,

51.0 297.0 578.0 44.0 virtute vnuſquiſque gratiam ſibi comparet: non

49.0 329.0 580.0 45.0 loci, nomgeneris nobilitate, quãquam in Papatu

49.0 357.0 582.0 49.0 aliter obtinuit, ídq; peſſimo exemplo. Nam apud

49.0 394.0 581.0 42.0 iſtos generoſi & nobiles aliis præferuntur, etiam

49.0 423.0 581.0 47.0 in Eccleſiaſtis muneribus adipiſcendis, vbi mini¬

51.0 455.0 577.0 50.0 mè omnium gratiæ & fauori locus eſſe debebat.

81.0 489.0 550.0 46.0 Pauperi verò diuitem præferre in adminiſtrã¬

50.0 518.0 580.0 46.0 da Eccleſia, & munere Eccleſiaſtico deferendo

50.0 558.0 579.0 41.0 noi taritam mutn en, leu cuum contra Pauli &

49.0 584.0 581.0 49.0 Dei præceptum, non multi nobiles eſtis, ait, non

49.0 617.0 581.0 46.0 multi diuites 1.Corinth.1.verſ.27. Nam quæ ſunt

49.0 649.0 581.0 50.0 ſtulta & infirma in mundo, elegit Deus, vt mundi

49.0 689.0 271.0 40.0 ſuperbiam contundat.

82.0 711.0 547.0 46.0 Sextam conditionem addit Paulus ſit hoſpita¬

49.0 746.0 580.0 50.0 lis, οιλόξινος, plus eſt, quàm quòd Latini dicũt eſſe

50.0 781.0 577.0 45.0 hoſpitalem. Exigit enim promptum ad hanc i¬

50.0 813.0 578.0 47.0 pſam liberalitatem exercendã & hilarem animũ.

50.0 845.0 579.0 48.0 Hæc autem liberalitatis ſpecies omnibus Chri¬

50.0 879.0 579.0 46.0 ſtianis præcipitur Heb.13.verſ.2. imprimis autem

51.0 910.0 576.0 48.0 verbi Dei miniſtris, vt ſint cæteris exemplo.

52.0 945.0 578.0 44.0 Coniungit autem Paulus hanc cum ſuperioré

49.0 974.0 580.0 46.0 conditionem, vt ſit ρηάγ ἀθος, id eſt, bonorum vi¬

50.0 1005.0 578.0 51.0 rorum amans Epiſcopus, quia ſimiles ferè iis ſu¬

50.0 1038.0 578.0 48.0 mus, quibuſcum ver ſamur. Nam illam Chryſoſt.

49.0 1073.0 580.0 45.0 ſententiam, quæ eſt Homil 43. in Matth. 23. ma¬

49.0 1106.0 580.0 45.0 ximè probamus, vt ſit omnis Sacerdos ſanctus.

51.0 1142.0 575.0 43.0 Nec eò pertinet quòd vtranque vocem coniun¬

49.0 1168.0 578.0 63.0 xit Paulus ριλόξνον, & φηάγεθον, vt excipiendorũ
