1000 1448
362.0 94.0 58.0 24.0 470

481.0 78.0 358.0 37.0 AD I. TAVL. AD TIM

354.0 107.0 576.0 46.0 ſtianæ veritate tuenda, & muneris ſui conſcientia

354.0 143.0 573.0 43.0 retinenda Paſtores opponant hanc Dei maieſta¬

355.0 178.0 574.0 39.0 tem, robur, & potentiam omnibus hominum

354.0 209.0 575.0 38.0 etiam regum, minis, viribus, & conatibus. Nam

354.0 242.0 575.0 37.0 hominum ipſorum Dei Euangelio inimicorum

357.0 274.0 572.0 39.0 vires ab vnius Dei poteſtate dependent, vt eſt

354.0 304.0 576.0 45.0 Pſalm.59. verſ. Io. Itaque non ſunt nobis ij metuẽ

355.0 341.0 480.0 41.0 di, ne que propterea expaueſcendum eſt.

384.0 376.0 544.0 35.0 Duo autem quæruntur hoc loco. Primum ex

354.0 403.0 572.0 41.0 eo, quod dixit Paulus, Omnia viuificat. Vtrum o¬

353.0 436.0 574.0 41.0 mniarerum genera, quæ Deus creauit, viuant, id

352.0 469.0 577.0 43.0 eſt, vitam habeant. Ac quidẽ earum rerum quas

353.0 500.0 574.0 42.0 condidit, aliæ ſunt Spirituales, vt Angeli, & Ani¬

350.0 534.0 577.0 38.0 nimæ humanæ: aliæ corporeæ, & eæ vel Cæleſtes,

353.0 565.0 572.0 40.0 vel terrenæ. De Angelis ſiue bonis ſiue malis: i¬

352.0 596.0 575.0 44.0 témque de hominũ animabus dubitari nõ poteſt

351.0 629.0 574.0 40.0 quin vtrunq; hoc ſpiritualiũ creaturarum genus

354.0 663.0 572.0 40.0 viuat. De rebus autem corporeis maior quæſtio

351.0 695.0 574.0 38.0 eſt, inter quas aliæ ſunt Cæleſtes, vt cœlum i¬

350.0 728.0 575.0 41.0 pſum: aliæ terrenæ, vti Elementa quatuor, Cõ¬

350.0 762.0 575.0 39.0 poſita ex elementis corpora, quæ dicuntur, vt

349.0 793.0 571.0 42.0 Mineralia, vt Plantæ, vt Animalia, atq; ex ijs quę¬

349.0 826.0 573.0 40.0 dam perfecta, qualia quæ quinque ſenſus natu¬

348.0 858.0 573.0 39.0 rales habent ex ſuæ ſpeciei ratione & cõſtitu¬

348.0 891.0 573.0 39.0 tione. Alia imperfecta animalia dicuntur, vt po¬

349.0 923.0 572.0 41.0 lypus, oſtreorum genus quoddã, & muſcarum.

348.0 954.0 573.0 43.0 De Plantis & Animalibus nemo dubitat, quin

347.0 987.0 573.0 36.0 hoc vtrunque genus rerum viuat. De Minerali¬

348.0 1020.0 572.0 41.0 bus, de Cœlo ipſo, de Terra elemento, de Aqua

346.0 1052.0 571.0 42.0 & reliquis ſimilibus, maior & magis perplexa

346.0 1084.0 571.0 41.0 quæſtio eſt. Nam ſi hæc viuere dixeris, & animã

345.0 1116.0 572.0 43.0 quoque habere concedas neceſſe eſt: & ſibi ſi¬

343.0 1150.0 572.0 52.0 mile procreare poſſe. Quod rerum veritati repu¬

851.0 1188.0 63.0 38.0 gnat
