1000 1448
368 108 54 28 262

366 125 580 52 cultui intereſſe aſsiduè, quod hîc deſcribitur: &

366 162 578 49 pauperum curam habere, ac ea, quæ prodeſſe illis

366 202 578 41 ponunt, parare, quou laelebut Dorcas. Vnum c¬

366 230 285 45 nim alterius comes eſt.

407 275 538 43 o At quain tuxu viuit, ca viuens mor¬

366 311 106 49 tua eſt.

403 356 542 48 Ἀντίθεσις eſt, eáque duplex, Vna quidem, quæ

366 392 579 44 ſuperiorem ſententiam illuſtrat ex contraria vi¬

366 422 580 46 duæ deſcriptione. Altera, quæ in ipſius verſiculi

367 460 578 40 ſententia, quanquam breunisiſia, ſatet, habétque

369 487 577 47 magnam emphaſin, pulchrámque inſolentis vi¬

369 518 577 49 duæ picturã, quam inf. verſ. 13. copioſiùs poſtea

369 556 240 44 perſequitur Paulus.

399 580 547 49 Primum igitur laſciuientem & luxu diffluen¬

367 615 579 47 tem viduam opponit veræ viduæ Paulus. Neque

366 647 580 45 enim huiuſmodi ab Eccleſia ali vult, imò potius

367 680 579 50 ſeriò admoneri, vt exitium ſuum intelligat & ap¬

369 716 577 45 prehendat. Vocat autem eam παταλῶσαν, qua

370 744 576 45 voce idem ſignificare videntur Græci quod vo¬

370 777 577 45 cabulo ἐντρυφαν, vt apparet ex Iac.5. verſ.5. Eæ

370 810 579 46 verò ſunt huiuſmodi omnes, quæ cùm viris ſunt

370 841 576 45 orbatæ, delitiis, corporis voluptatibus, laſciuiæ

371 873 575 49 indulgent, item ſumptuoſis veſtimnentis, magnis

371 906 573 48 virotum cœtibus inuiſendis delectantur, ſéque

370 938 577 46 ſtude corpore & vultu & cultu componunt, co¬

372 972 575 46 munt, & comparant, vt viris placeant, arrideant,

371 1002 577 47 ac allubeſcant, quales penè ſunt hoc noſtro ſecu¬

371 1034 576 47 lo infinita. Itaque illę etiam ipſo Dei flagello

371 1069 575 46 miſerrimæ gaudent, & lętantur, quòd viros ſuos,

371 1100 576 44 id eſt, optimum vitæ ſuæ ſubſidium amiſerint.

374 1133 572 47 Nam hac ratione ſe ad omnem laſciuiam perpe¬

371 1164 577 57 trandam liberiores eſſe iam putant. Certum eſt

859 1203 87 35 autem

483 94 376 41 AD I. PAVL. AV TIM.
