1000 1448
361.0 97.0 38.0 26.0 552

456.0 78.0 371.0 38.0 AD l. IACL. ADTIM.

384.0 105.0 546.0 53.0 Neque tamen propter tumultum popularem,

352.0 142.0 577.0 48.0 aut votum populi temerarium in vnum aliquem,

353.0 172.0 577.0 53.0 qui erit indignus, debet ille à Preſbyterio deſi¬

353.0 205.0 578.0 50.0 gnari & eligi. Oſtendit enim hoc loco Paulus

351.0 238.0 579.0 50.0 nullo modo eſſe cum alienis peccatis communi¬

350.0 271.0 584.0 47.0 candum. Quod etiam à Leone Epiſcopo Roma.

350.0 302.0 580.0 50.0 reſponſum eſt, & refertur in cano. Miramur. di¬

351.0 333.0 581.0 49.0 ſtinctione 61. Sed aliud eſt denegare plebi iuſtũ

351.0 369.0 580.0 49.0 ſuúmque ſuffragium: aliud autem illius temerita¬

353.0 402.0 577.0 49.0 ti obſequi, & obtemperare. Ac quidem hæc ſunt

352.0 438.0 361.0 44.0 iura totius populi & Eccleſiæ.

386.0 463.0 546.0 50.0 Presbyterorum autem eſt, primùm perſonam

350.0 497.0 578.0 50.0 ipſam, quæ idonea ad munus vacuum videri po¬

350.0 530.0 581.0 50.0 teſt, inquirere ex toto populo, eamque deſigna¬

349.0 562.0 579.0 48.0 re oculis, & de ea inter ſe agere atque conferre.

349.0 592.0 585.0 48.0 Præire enim debent toti Eccleſiæ Presbyteri. I¬

349.0 625.0 582.0 52.0 taque non tantùm eum agnoſcere de vultu vel

349.0 658.0 587.0 49.0 facie debent, quem deſignant: ſed etiam de qua¬

348.0 691.0 582.0 49.0 litate. Vnde fit vt primum examen ipſius eligen¬

350.0 722.0 582.0 53.0 di ad eoſdem Presbyteros pertineat, ne indignũ

349.0 756.0 579.0 51.0 proponant populo. Nam parum eſt perſonam i¬

349.0 788.0 581.0 51.0 pſam noſſe, niſi ingenij vires noueris. It aque do¬

348.0 822.0 586.0 47.0 ctrinam ordinandi debent Presbyteri tentare, tũ

348.0 858.0 579.0 46.0 quæſtionibus iln propontis, tun periculum fa¬

346.0 886.0 580.0 48.0 cientes de illius dexteritate in tractanda propo¬

347.0 918.0 531.0 48.0 heirdáque & interpretanda Sacra ſcriptura.

380.0 950.0 547.0 48.0 Cur autem hoc primum ſuffragium ad Pres¬

348.0 982.0 590.0 49.0 byteros pertineat, non autem ad vniuerſam Ec.

348.0 1011.0 595.0 53.0 cleſiam & populum, quemadmodum tamen qui¬

349.0 1045.0 590.0 47.0 dam cenſent, & contentioſè diſputant, ratio eſt:

379.0 1078.0 551.0 47.0 Prima, Quòd Presbyteri & Paſtores dicuntur

349.0 1110.0 581.0 50.0 ποιμένες & ηγέμενοι Eccleſiæ. Hebr.13.verſ.7.id eſt,

351.0 1143.0 576.0 60.0 Præpoſiti (vt loquitur Tertull. in Apolog cap.

877.0 1176.0 41.0 49.0 89.
