1000 1448
389.0 111.0 63.0 24.0 302

492.0 95.0 376.0 36.0 AD I. TAVL. AD TIM.

386.0 126.0 572.0 46.0 voxiſta πιςις non addatur, tamen ex mente Pau¬

385.0 160.0 572.0 45.0 li intelligitur. Nihil enim hîc de viris præceptum

385.0 192.0 571.0 47.0 eſt, qui propinquas & cognatas viduas alere poſ¬

385.0 224.0 573.0 48.0 ſunt, quod idem ad fœminas non pertineat. Nam

385.0 258.0 573.0 44.0 etiam illæ ſi ſunt diuites, pauperes cõſanguineos

385.0 290.0 572.0 43.0 ſuis opibus ſuſtentare & ſubleuare certè debent,

386.0 322.0 572.0 46.0 exemplo illius Tabithę de qua eſt facta mentio

379.0 355.0 575.0 46.0 Actor.9. & Electę, de qua Ioannes 2.epiſtola, quę

388.0 388.0 566.0 44.0 vtraque ſuis opibus alienos fouit, nedum cog¬

386.0 421.0 571.0 44.0 natos fideles egentes, ſi quos habuit, Item &

386.0 451.0 572.0 47.0 Ioannę mulieris, & aliarum de quibus eſt Luc.8.

387.0 484.0 569.0 46.0 verſ. 3. Quæſitum eſt autem. Quid ſi illę viduę

387.0 518.0 570.0 43.0 quę ſe à piis propinquis ali poſtulant, ipſæ non

385.0 548.0 569.0 42.0 ſunt pię. Reſp. Etſi omnibus eſt benefaciendum,

387.0 588.0 571.0 36.0 Vt dotet iuem l'auius Galat. o. imprimis tamen

386.0 611.0 571.0 49.0 de domeſticis fidei hoc Pauli pręceptũ intelligẽ¬

385.0 646.0 573.0 42.0 dum eſſe, & de Viduis piis, quę nomen dederunt

386.0 677.0 571.0 44.0 Chriſto, quarum maxima & potiſsima ratio ſem

386.0 710.0 551.0 45.0 per haberi debet à cognatis piis & Chriſtianis.

428.0 742.0 530.0 43.0 Dicit autem Paulus Επαρκεῖτο id eſt, abunde

385.0 775.0 574.0 46.0 & copioſè ſumminiſtret. Αρκεῖν enim eſt copioſe,

386.0 808.0 572.0 46.0 & quantum ſatis eſt atque neceſſarium, ſuppedi¬

386.0 840.0 572.0 44.0 tare. In quo tamen præclarè Chryſoſto. annota¬

386.0 872.0 572.0 46.0 uit, nõ pręcipi à Paulo, vt delicię illis Viduis vel

386.0 907.0 574.0 43.0 à cognatis vel ab eccleſia, à qua aluntur, præ¬

386.0 937.0 575.0 45.0 beantur: ſed quod ad victum modeſtum, ſobriũ

387.0 971.0 576.0 43.0 ac earum conditioni aptum ſit ſatis & conue¬

386.0 1003.0 573.0 42.0 niat. Neque tamen ſic, vt Viduæ illæ alantur

386.0 1034.0 572.0 44.0 otioſæ & inertes: ſed vt illæ ipſæ victum ſibi,

386.0 1066.0 573.0 44.0 quãtum arte vel manibus ſuis vel labore poſſunt,

386.0 1098.0 576.0 45.0 comparent etiã, veluri lanificio, ſerificio, ſuendo,

386.0 1131.0 573.0 45.0 nendo, aliíſque rationibus honeſtis. Quòd ſi iſtę

389.0 1164.0 573.0 55.0 viduæ & pauperes laborent, iam cognati vel ec¬

890.0 1196.0 72.0 46.0 cleſia
