1000 1448
221.0 107.0 211.0 26.0 CAPVT IIII.

595.0 90.0 34.0 49.0 233

47.0 128.0 582.0 44.0 membranas, in quibus aliquid deſcripſerat priua¬

51.0 164.0 580.0 41.0 tæ memorię cauſa, ſibi Troade afferri vult Similis

50.0 194.0 579.0 40.0 locus 2. Pet.1.V.19. Diſſimilis Mat. 10.v19. Reſpo.

51.0 227.0 579.0 43.0 Chriſtũ quidẽ nolle paſtores eſſe in legendo Dei

52.0 263.0 578.0 38.0 verbo negligentes: terreri tamen nos non vult

52.0 293.0 577.0 36.0 vel conſpectu vel doctrina vel fama noſtrorum

49.0 333.0 581.0 33.0 aduerfariorum, cum ipſe nobis ſit ſuo ſpiritu po¬

49.0 357.0 580.0 39.0 tentiſſimè affuturus, & quæ ad conuincendos ve¬

49.0 390.0 536.0 40.0 ritatis Dei hoſtes neceſſaria ſunt ſuggeſturus.

81.0 423.0 548.0 40.0 Addit Paulus, donec venio. Quæ limitatio non

47.0 454.0 581.0 41.0 excludit tamen reliquum tempus, quaſi præſen¬

47.0 486.0 582.0 36.0 te Paulo Dei verbum contemnere Timotheus

46.0 518.0 583.0 41.0 debuerit. Nec facit paſtorum, & præceptorum

45.0 551.0 584.0 37.0 noſtrorum magna & excellens doctrina, vt in

44.0 581.0 585.0 40.0 Dei ſcriptura euoluẽda fiamus deſidioſiores: ſed

45.0 622.0 581.0 35.0 contra nos magis illorum egregiæ dotes debent

44.0 646.0 581.0 42.0 excitare, vt quæ illi proponũt doctiſſimè, ad ex¬

45.0 679.0 581.0 40.0 emplum Theſſalonicenſium, cum ſcripto Dei

46.0 709.0 579.0 47.0 verbo conferamus, diligentiúſque & lubentius

45.0 743.0 306.0 38.0 à tantis viris ediſcamus.

75.0 777.0 550.0 42.0 Denique quod nullũ tempus præſcribit Pau¬

43.0 809.0 580.0 42.0 lus, ac ne longiſsimum quidem, poſt quod ceſſa¬

40.0 842.0 581.0 42.0 re debeat à ſtudiis Timotheus, oſtendit nos per

41.0 876.0 582.0 41.0 totum vitæ tempus proficere poſſe: tamen non

42.0 907.0 579.0 41.0 facit, vt videatur inepta çertorum annorum cer¬

41.0 937.0 580.0 44.0 tíque ſpatij definitio, intra quod tum Theologię:

41.0 971.0 582.0 41.0 tum alijs artibus & facultatibus ſit ſtudendum, o¬

42.0 1005.0 579.0 39.0 peráque ponenda, quanquam potius ex ipſo cu¬

39.0 1035.0 583.0 42.0 iúſque profectu id diiudicandum eſt, qui apti ſint

40.0 1068.0 581.0 42.0 ad miniſterium vel gradum adipiſcendum, quiq;

39.0 1102.0 581.0 40.0 plurimùm profecerint, quàm ex ipſo temporis

37.0 1133.0 577.0 40.0 curriculo & ſpatio, quo verſantur in Academijs.

40.0 1165.0 575.0 52.0 Quod autem quidam putant, & ex hoc loco col¬

534.0 1201.0 86.0 47.0 ligunt
