1000 1448
253.0 86.0 187.0 25.0 CAPVT VI..

61.0 117.0 473.0 34.0 quis ſeruiat, quàm aſperis, & immitibus

588.0 77.0 42.0 52.0 419

87.0 139.0 543.0 44.0 Æquius eſt, vt ijs, qui nobis ſunt tanquam fra¬

59.0 185.0 572.0 35.0 tres, nos fummtainus, quai ijs, qui nobis ſunt

58.0 205.0 149.0 40.0 velut alieni.

90.0 232.0 539.0 51.0 Æquius denique eſt, vt ijs ſubiiciamur, quos

57.0 271.0 572.0 37.0 Dominus ipſe Deus tanto honore affecit, vt ſint

56.0 302.0 573.0 46.0 fideles & Chriſtiani, quàm ijs, quos tanta & pari

56.0 337.0 573.0 43.0 gratia Deus ipſe non eſt dignatus. Quæ omnia

54.0 375.0 575.0 35.0 argumenta breuiter continentur verbis Pauli.

54.0 402.0 575.0 42.0 Horum autem argumentorum locus eſt duplex:

55.0 434.0 573.0 40.0 Partim enim ducũtur à minori ad maius, partim

53.0 464.0 575.0 50.0 à perſonarum ipſarum, quibus ſubiiciuntur ſerui,

53.0 501.0 305.0 40.0 conditione & differentia.

84.0 528.0 545.0 43.0 Ne ſpernant igitur ſerui dominos ſuos fideles

50.0 561.0 577.0 46.0 id eſt, Chriſtianos, quòd ipſi ſint fratres in Chri¬

49.0 606.0 576.0 32.0 ito Pideles Domi appellantur, non qui pacta

49.0 627.0 573.0 46.0 ſeruis ſuis aut hominibus facta ſeruant: ſed quia

49.0 659.0 572.0 45.0 fidem Euangelij profitentur. Hîc enim fideles

48.0 691.0 575.0 50.0 appellantur à fide in Chriſtum: nõ à fidelitate &

49.0 727.0 332.0 42.0 promiſſionum præſtarione.

74.0 760.0 549.0 42.0 Seruos autem fideles vocat dominorum ſuo¬

45.0 790.0 577.0 48.0 rum fidelium fratres, non tam propter eiuſdem

45.0 824.0 575.0 42.0 naturæ humanæ ſimilitudinem, quæ eſt inter o¬

44.0 858.0 577.0 41.0 mnes homines ſiue ſeruos, ſiue dominos: omnes

44.0 892.0 576.0 41.0 enim homines Dominus creauit ex vno ſangui¬

43.0 923.0 578.0 43.0 ne Actor.17.verſ.26. quàm propter eiuſdem ado¬

45.0 955.0 575.0 40.0 ptionis & fidei participationem. Qui enim per

45.0 985.0 575.0 44.0 Chriſtum à Deo ſunt adoptati, illi ſunt inter ſe

44.0 1017.0 571.0 45.0 fratres, eiuſdem baptiſmatis, eiuſdem paris, e¬

45.0 1049.0 571.0 44.0 iuſdem hæreditatis & earundem primiſſionum

44.0 1083.0 576.0 42.0 conſortes & κοινωνοὶ vt docet Paulus Ephe.4 verſ.

46.0 1113.0 570.0 51.0 45.6. ſiue illi ſtatu ſerui ſint, ſiue liberi: ſiue Do¬

45.0 1148.0 389.0 53.0 mini,ſiue non Galat.3.verſ.28.

599.0 1144.0 13.0 24.0 1-

353.0 1186.0 158.0 48.0 11D.ij

578.0 1166.0 12.0 37.0 1

558.0 1192.0 60.0 46.0 1110
