1000 1448
244.0 94.0 196.0 18.0 enrela va.

599.0 69.0 47.0 46.0 471

77.0 106.0 574.0 48.0 gnat. Neque enim cœlum, aliud cœlum ſibi ſi¬

76.0 144.0 575.0 39.0 mile procreare aut producere poteſt, vel ex ſe¬

74.0 176.0 580.0 42.0 mine vt herba: vel ex ſuæ eſſentiæ profluxu, vt

74.0 207.0 579.0 43.0 homines & bruta creant. Varro in libris de lin¬

75.0 241.0 578.0 42.0 gua Latina ſentit & ſcribit, quædam viuere, quæ

74.0 274.0 577.0 42.0 tamen animam non habeant. Alijs viſum eſt &

75.0 308.0 577.0 41.0 cœlum & terram, ſuo modo &genere viuere.

76.0 338.0 577.0 44.0 Alijs contrà hæc rerum genera ſubſiſtere qui¬

77.0 370.0 576.0 42.0 dem, ſed ſine vita & anima, quæ in illis internè

76.0 401.0 576.0 45.0 inſit. Vnde ea vitam propriè non habere ſentiũt.

76.0 435.0 574.0 44.0 Reſpond. Locum hunc Pauli, in quo verſamur,

76.0 467.0 576.0 40.0 eſſe ita explicandum, vt vocem Omnia ad ea tan¬

75.0 498.0 579.0 44.0 tùm referamꝰ, quæ vitã habẽt, quia illa Dominus

78.0 533.0 576.0 38.0 viuificauit. Sic dicit Paulus, vult Deus omnes

75.0 564.0 575.0 43.0 homines ſaluos fieri, id eſt, (vt ait Auguſtinus)

77.0 596.0 576.0 41.0 vult Deus omnes homines, qui ſalui fiunt, ſaluos

76.0 629.0 578.0 41.0 fieri. Ergo nihil nobis neceſſe eſt in curioſam il¬

76.0 663.0 575.0 37.0 lam quęſtionẽ, Vtrũ omnes creaturæ, quæ à Deo

77.0 694.0 577.0 38.0 ſunt cõditæ, viuant, ingredi, etſi eas omnes cuiuſ¬

77.0 728.0 576.0 38.0 cunque ſint generis viuere, & vi quidẽ illis à Deo

77.0 760.0 577.0 40.0 internè iniecta quidam putant, cùm & ſuſtenten¬

77.0 792.0 579.0 42.0 tur vi formæ ſuæ, & motus actionéſque ſuas pul¬

77.0 826.0 579.0 39.0 cherrimas habeãt, & quemadmodum terra facit

78.0 858.0 576.0 42.0 multa ex ſe pariant. Nam volunt ſpiritum Dei,

78.0 892.0 576.0 41.0 qui in prima rerum creatione terram, & cœlum,

78.0 923.0 577.0 40.0 & aquas fouebat, & terræ, & aquæ, & cœlo eam

80.0 954.0 579.0 44.0 vim internam infudiſſe, per quam hodie ſubſiſtãt

78.0 990.0 583.0 38.0 & durent in ſua natura, vti herbæ vim internam

79.0 1020.0 579.0 41.0 habẽt, qua viuere dicuntur, & in genere ſuo per¬

81.0 1052.0 577.0 42.0 manent, etſi ſibi ſimile neque cœlum, neque

82.0 1087.0 578.0 40.0 elementa generent, vti neque homines, qui

81.0 1118.0 579.0 40.0 ſunt ſteriles ex ſe vllos procreant, nemo tamen

473.0 1148.0 78.0 48.0 G.iiij.
