1000 1448
370.0 95.0 69.0 22.0 304.

476.0 78.0 377.0 38.0 AD I PAVL. AB TIM.

365.0 111.0 575.0 41.0 miſſum. Cur autem cùm tria quædam à diuitibus

363.0 147.0 575.0 39.0 exegerit, in vna præſertim beneficentia commẽ¬

362.0 179.0 576.0 38.0 danda immoretur, hæc ratio eſt, quòd cùm na¬

362.0 210.0 574.0 40.0 tura ſint homines & tenaces, & auari, difficillimè

363.0 245.0 575.0 39.0 ad exercendam munificentiam erga alios addu¬

362.0 276.0 574.0 40.0 cuntur, & de ea virtute perſuadentur, adeò vt fa¬

361.0 306.0 573.0 43.0 cilius diuites, & fiduciam in Deum: & erga ho¬

361.0 341.0 575.0 40.0 mines comitatem quandam ſimulent, quam be¬

360.0 372.0 575.0 42.0 neficentiam, quoniam niſi opere ipſo & eleemo¬

361.0 405.0 574.0 42.0 ſynæ præſtatione appareat, ſolo ore, ſoláque ani¬

361.0 437.0 572.0 39.0 mi compatientis & miſerantis proteſtatione nõ

360.0 468.0 573.0 42.0 poteſt fingi, aut cuiquam à diuitibus perſuaderi.

362.0 501.0 569.0 42.0 Quantò igitur maior tenacitas cum diteſcendi,

358.0 532.0 573.0 39.0 aut diuitias retinendi animo coniuncta eſt:tantò

358.0 564.0 574.0 44.0 magis fuerunt ad liberalitatem & benignitatem

357.0 596.0 574.0 41.0 diuites exhortandi. Itaque- conſultò & de indu¬

356.0 631.0 575.0 36.0 ſtria in hac virtute præcipuè commendanda &

356.0 660.0 317.0 43.0 prædicanda inſiſtit Paulus.

390.0 692.0 540.0 44.0 Vtitur autem ea dicendi ratione, ex qua non

353.0 725.0 577.0 44.0 tantùm optimum & præſtantiſſimum beneficen¬

351.0 758.0 579.0 44.0 tiæ præconium auditur: ſed aculeus quidam ad

353.0 790.0 574.0 43.0 eam animis iniicitur etiam auariſſimis, cùm nẽpe

353.0 824.0 575.0 41.0 ait, eos qui benefaciunt, theſaurum ſibi reconde¬

350.0 857.0 578.0 40.0 re, eúmque & firmum, & bonum. Itaq; accõmo¬

349.0 888.0 577.0 41.0 dat Paulus ſuam orationem ad diuitum affectũ,

353.0 918.0 575.0 46.0 qui in eo toti ſunt, vt theſaurizent ſibi. Id quod

352.0 951.0 572.0 46.0 eos facturos eſſe pronuntiat, & longè vberius,

351.0 984.0 574.0 44.0 vtilius, certius, meliúſqs opes ſuas largiendo pau¬

349.0 1017.0 576.0 44.0 peribus quàm opes congerendo. Nam & in vita

347.0 1048.0 572.0 45.0 æterna theſaurizant ſtabilem aceruum. Itaq;

348.0 1080.0 574.0 43.0 præcla ra eſt hæc Auguſtini ſententia & obſerua¬

343.0 1112.0 576.0 42.0 tio ex hoc loco in ſerm.de Verb. Euangel.5 Non

342.0 1143.0 567.0 54.0 enim quia dico, vt facilè tribuant, eos ſpoliar

852.0 1183.0 65.0 40.0 volo
