1000 1448
499.0 106.0 371.0 34.0 AD I. PAVL. AD TIM.

387.0 115.0 61.0 27.0 126

414.0 593.0 550.0 44.0 Αιδακπκὸν Septima conditio. Hoc autẽ ipſum

381.0 625.0 582.0 45.0 quid ſit Paulus explicat Tit.1.verſ.9. nempe eſſe

380.0 659.0 584.0 43.0 huiuſmodi, qui poſsit, Sanam doctrinam appo¬

383.0 693.0 581.0 38.0 ſitè tradere, & contradicentes conuincere. Sunt

379.0 725.0 583.0 42.0 autem tria contradicentium genera, Hæretici, Iu¬

380.0 756.0 582.0 44.0 dæi, & Pagani, imprimíſque ipſi Philoſophi.

380.0 789.0 582.0 41.0 Planè hæc virtus & conditio ad Epiſcopum per¬

378.0 823.0 585.0 41.0 tinet, quoniam is debet eſſe doctor in Dei Eccle¬

378.0 855.0 584.0 38.0 ſia, & quidem vocalis: non autem canis mutus &

378.0 884.0 584.0 46.0 idolum, quales Epiſcopi Papiſtici Iſai.56.verſ.11.

378.0 921.0 584.0 40.0 nõ item ſolum præceptor mutus & ἀφωνος, quales

377.0 951.0 583.0 44.0 ſunt qui ſcriptis tantùm erudire nos poſſunt, non

378.0 984.0 583.0 44.0 autem viua voce, quòd aut muti ſint omnino na¬

378.0 1016.0 580.0 43.0 tura vel lingua exciſa: aut prorſus inepti ad do¬

378.0 1049.0 584.0 42.0 cendum. Itaque mittit Chriſtus diſcipulos vt

378.0 1081.0 583.0 44.0 prædicent, id eſt, quemadmodum explicat Pau¬

378.0 1112.0 584.0 45.0 lus, vt denuntient & doceant, inf. cap.4.verſ.11. Id

380.0 1146.0 579.0 45.0 quod etiam apparet ex dicto Petri in 1. cap.5.v.

380.0 1177.0 582.0 52.0 2. Paſcite, & ex Ezech.22.v.26, 830.cap.33. Quod

386.0 132.0 582.0 50.0 hoſpitum delectum diligentiſsimè faciat Epi¬

385.0 171.0 583.0 42.0 ſcopus, & ſolùm veros, cordatos, pios, bonóſque

387.0 205.0 581.0 42.0 Chriſtianos excipiat: alios autem negligat, mini¬

386.0 238.0 581.0 41.0 méq; excipiat, quia non tantùm omnibus eſt be¬

383.0 270.0 584.0 42.0 nefaciendũ, etiam iis, qui ſunt hypocritæ: ſed

385.0 302.0 579.0 40.0 etiã mali & ſegnes homines ſæpe ſunt beneficiis

384.0 335.0 583.0 38.0 & huiuſmodi liberalitate alliciẽdi, vel ad meliorẽ

383.0 367.0 584.0 42.0 frugem reuocandi. Quædam tamen cõuiuia, quæ

383.0 401.0 582.0 40.0 fiebant olim in baſilicis propter veteres agapas,

384.0 431.0 581.0 44.0 quæ fuerunt in vſu, fieri hodie ad hoſpites iſtos

382.0 473.0 584.0 34.0 caeipleiidos, & benigne tractandos non probat

382.0 496.0 582.0 46.0 Auguſt. epiſt. 1o9. Quarta pars redituum Eccleſię

382.0 534.0 582.0 37.0 olim excipiendis hoſpitibus pauperibus deſtina¬

382.0 561.0 581.0 43.0 ta & Epiſcopo commiſſa erat, vide diſtinct. 42.

903.0 1216.0 59.0 40.0 non
