1000 1448
358.0 96.0 49.0 21.0 92

458.0 82.0 381.0 36.0 AD I. PAVL. AD TIM.

352.0 111.0 577.0 46.0 ficio diſſeruit, de eorundem electione, qualis eſ¬

350.0 148.0 581.0 42.0 ſe debeat, agit, vt in ea parte regimen Eccleſiæ

352.0 181.0 579.0 40.0 & ratio illius inſtituendæ & conſeruandæ eſſet

351.0 214.0 580.0 41.0 nobis certa, Deíque verbo pręſcripta. Commo¬

349.0 246.0 581.0 39.0 dè tamen & molli tranſitione ad hunc locum &

352.0 277.0 578.0 43.0 argumentum deſcendit Paulus, quaſi per hypo¬

350.0 312.0 582.0 42.0 phoram, quæ ex ſuperiori diſputatione, per quam

352.0 345.0 578.0 37.0 mulieres à docendi munere & Epiſcopatu ſemo¬

349.0 374.0 581.0 41.0 tæ ſunt, oriri videbatur. Cùm enim ſit officium &

349.0 410.0 581.0 38.0 munus virile Epiſcopatus, videbantur omnes viri

349.0 440.0 581.0 40.0 huius tantæ dignitatis & muneris capaces: quod

349.0 475.0 578.0 40.0 tamẽ negat eſſe verum Paulus, cùm certas quaſ¬

349.0 506.0 580.0 40.0 dam conditiones in ijs requirat, qui ſunt ad hoc

349.0 539.0 581.0 41.0 munus vocandi, vt ſint idonei:propter quas cæ¬

348.0 572.0 581.0 35.0 teri ab eo munere arcentur. Ergo vt nullius mu¬

349.0 604.0 579.0 39.0 lieris proprium munus eſt, Epiſcopatus: ita non

348.0 635.0 582.0 41.0 cuiuſlibet viri opus eſt. Eſt autem vtiliſſima hæc

349.0 668.0 581.0 39.0 diſputatio, tum vt interdictæ mulieribus huius

350.0 700.0 580.0 41.0 adminiſtrationis ratio intelligatur, quæ ſumitur

348.0 733.0 581.0 40.0 propter ipſius difficilem & arduam curam, cuius

348.0 765.0 580.0 39.0 non ſunt illæ capaces:tum vt hoc ipſum munus

349.0 797.0 581.0 38.0 in ſeſe quantũ ſit, quámque excellens & eximium

350.0 830.0 579.0 38.0 demonſtretur, ne ad illud quiſquam temerè coo¬

350.0 863.0 582.0 38.0 ptetur: aut ne iam cooptati & vocati perfunctoriè

349.0 893.0 577.0 41.0 & leuiter eo defungantur, ſed intelligant, quæ ab

349.0 925.0 581.0 43.0 ipſis requirantur. Denique vt eſſet certa quædã

349.0 960.0 581.0 40.0 regula ab ipſo Dei ſpiritu, nõ ab hominibus præ¬

349.0 991.0 581.0 41.0 ſcripta, ad quam legitimæ vocationes in Eccleſia

348.0 1024.0 580.0 40.0 renocarentur, & examinarentur. Itaque non li¬

349.0 1060.0 582.0 35.0 cet hominibus priuatis vel Magiſtratibus: ſed ne

348.0 1089.0 582.0 42.0 ſynodis quidem ipſis aliquid de electione perſo¬

349.0 1121.0 580.0 36.0 narum Eccleſiaſticarum ab his præceptis diſſen¬

349.0 1155.0 582.0 49.0 tiens vel contrarium ſtatuere. Nam hos canonas

862.0 1184.0 76.0 45.0 Paul.
