1000 1448
372.0 102.0 51.0 21.0 492

497.0 87.0 364.0 39.0 AD I. PAVL. AD TIM¬

364.0 117.0 578.0 45.0 defunctos & iam in cœlũ receptos quia de An¬

365.0 154.0 577.0 43.0 gelis ſcriptũ eſt, Matt.17.eos videre faciem Patris,

364.0 185.0 578.0 43.0 id eſt, Dei: & de pijs beatis Matth.5.verſ.8. Mun¬

363.0 219.0 579.0 42.0 dos corde viſuros eſſe Deum. Hîc prætermitto va¬

364.0 254.0 576.0 39.0 nas & curioſas Scholaſticorum quæſtiones, quæ

365.0 283.0 578.0 41.0 de Dei viſione fiunt in lib.4. Sentent. Lombard.

364.0 316.0 578.0 41.0 diſtinct. 49. Item non afferam ea, quæ prolixa e¬

366.0 348.0 576.0 42.0 piſtola ad Paulinam & ad Dardanum de Viden¬

365.0 380.0 577.0 42.0 do Deo diſſerit Auguſtinus, itémque lib.1. de

369.0 414.0 573.0 40.0 Trinitate cap.6. Sunt enim ex ijs quædam ἀδηλα,

366.0 448.0 576.0 36.0 quædam etiam curioſa, quod tanti viri pace di¬

364.0 478.0 578.0 40.0 ctum ſit. Neque item dicam quod Anſel. Ho¬

365.0 513.0 578.0 34.0 minum nomine hîc carnales duntaxat compre¬

363.0 542.0 580.0 38.0 hendi, non etiam pios, renatos, & in Dei obſe¬

365.0 576.0 577.0 36.0 quium iam formatos homines. Hæc enim inter¬

363.0 607.0 580.0 41.0 pretatio minimè vera eſt. Reſpondeo igitur ſu¬

364.0 641.0 578.0 37.0 periori quæſtioni breuiſsimè ex Theodorito in

364.0 673.0 578.0 35.0 Polymorpho, itémque ex Bernardo ſerm. 81. in

364.0 703.0 578.0 37.0 Cant. Ne ab Angelis quidem ipſis beatis Dei

362.0 736.0 579.0 41.0 eſſentiam cerni poſſe, niſi per quandam συγκτά¬

365.0 770.0 578.0 39.0 Βασν, & quaſi ſui demiſsionẽ, vt loquitur Theo¬

363.0 801.0 581.0 42.0 dorit. Soli enim ſibi Deus eſt & viſibilis & com¬

362.0 834.0 582.0 43.0 prehenſibilis. Ergo multò minus à pijs in cœlum

362.0 872.0 582.0 37.0 traductis ipla Deι οσια, qualis quataque eſt, & ipſa

363.0 899.0 582.0 43.0 per ſe videri poteſt, ſi nequit ab Angelis. Neque

362.0 933.0 583.0 40.0 certè tam de hoc nobis eſt quærẽdum, quàm via

363.0 965.0 580.0 41.0 ipſa per quam peruenire ad eum poſſimus, &

363.0 995.0 579.0 42.0 ſcrutanda & tenenda nobis. Eſt autemilla via ve¬

364.0 1030.0 580.0 39.0 ra in Chriſtum fides, Vitæ puritas & ſanctificatio

365.0 1061.0 389.0 41.0 item pietas charitáſque ſyncera.

399.0 1092.0 545.0 41.0 Addidit autem hoc epitheton Paulus tum vt

366.0 1126.0 580.0 40.0 eſſet ſuperioris tanquam explicatio quædam, tũ

366.0 1157.0 580.0 50.0 etiam ne ex harum rerum, in quibus aliqua Dei

822.0 1193.0 123.0 41.0 præſentia
