1000 1448
350.0 101.0 61.0 20.0 Io

457.0 84.0 387.0 32.0 AD E TAVL. AD TIM.

350.0 115.0 580.0 45.0 ſtimanda. Quoad finem vero, ideo ſumi vult, tã¬

350.0 161.0 581.0 33.0 quani a luu iplruo manunoo cidos ſumamus, ve

352.0 185.0 512.0 42.0 ipſe eorum author agnoſcatur & laudetur.

379.0 215.0 551.0 43.0 Similis locus Pſal. 16. & Pſal. 5o. Huius autem

347.0 253.0 582.0 41.0 totius reirationem reddit lequeti verſiculo Pau¬

346.0 281.0 54.0 53.0 fus.

393.0 336.0 20.0 34.0 5

435.0 324.0 495.0 52.0 Sanctificatur enim per verbum Dei

349.0 366.0 131.0 47.0 & preces

379.0 404.0 550.0 43.0 Α’ιτηλογία eſt ducta à cauſa inſtrumẽtali (quæ

347.0 441.0 583.0 44.0 refertur ad genus cauſarum efficientium) per

349.0 475.0 581.0 41.0 quam ciborum vſus fit nobis purus, ſanctus, &

347.0 506.0 581.0 42.0 legitimus. conſcientiæ noſtræ ratione. Ergo ſan¬

346.0 538.0 584.0 43.0 ctificatio hoc loco opponitur non tantùm profa¬

346.0 571.0 584.0 38.0 nationi ciborum:ſed etiam malæ conſcientiæ, &

346.0 602.0 584.0 43.0 ei vſui, qui nobis in exitium & condemnationem

345.0 634.0 585.0 44.0 apud Deum cedit. Sanctificatur cibus cùm eum

345.0 667.0 583.0 41.0 ſalua conſcientia ſumimus, & eo vtimur, quia no¬

346.0 699.0 582.0 42.0 bis Dominus ipſe eum largitur ad finem huiuſ¬

346.0 732.0 581.0 41.0 modi. Neque verò ſic ſanctificarl cibus dicitur,

349.0 767.0 579.0 40.0 quemadmodum homo. Nam qui à ſpiritu Dei

347.0 798.0 579.0 39.0 ſanctificatur homo, is immutatur, & nouam tan¬

348.0 830.0 580.0 38.0 quam naturam induit. At qui cibus ſanctificatur

349.0 862.0 578.0 43.0 in noſtrum vſum, totam integrámque naturam

345.0 894.0 580.0 42.0 ſuam retinet, fit tamen Deo gratus ex eo, quod

345.0 926.0 581.0 39.0 Deus noſtra inuocatione illius author eſſe à no¬

345.0 959.0 581.0 41.0 bis agnoſcitur & prædicatur. Ex hoc autem loco

345.0 992.0 578.0 42.0 perperã explicato natæ ſunt magicæ illæ ciborũ,

345.0 1026.0 580.0 41.0 velut ouorũ, vini, pernarũ, aquæ execrationes &

341.0 1057.0 584.0 41.0 incantationes, quas Pontificij faciunt, quóſque

341.0 1089.0 584.0 42.0 D. Martinus Chemnitius prolixè in Examinis

349.0 1122.0 578.0 41.0 Trident. concilij poſtrema parte perſequitur &

340.0 1151.0 584.0 52.0 refutat doctiſsimé. Duplex autem huius cibi ſan¬

796.0 1185.0 126.0 50.0 ctificandi
