1000 1448
188.0 101.0 197.0 19.0 CARVTVI.

564.0 83.0 50.0 41.0 409

80.0 117.0 538.0 47.0 Quod autem ad dictum Pauli, ſanè & ciuili¬

42.0 155.0 575.0 41.0 ter intelligendum eſt. Ex charitate enim dictum

41.0 189.0 575.0 40.0 eſt:non autem ex vera, exacta, & propria fratris,

42.0 220.0 575.0 41.0 id eſt, Chriſtiani hominis definitione. Sed quã¬

42.0 252.0 576.0 37.0 do illud verum eſt, Nemo deſperet meliora lapſis

41.0 285.0 577.0 38.0 & poteſt reſipiſcere qui hodie deſipit. Præterea

42.0 316.0 575.0 41.0 quos excommunicat Eccleſia, non odio perſona¬

41.0 349.0 577.0 37.0 rum ipſarum, ſed eorum tantùm ſceleris & con¬

41.0 382.0 577.0 36.0 tumaciæ ratione eiicit, fit, vt qui excommunica¬

41.0 414.0 577.0 37.0 ti ſunt, quatenus & homines ſunt, & aliquando

41.0 447.0 576.0 36.0 nobiſcum in Dei Ecceſia verſati ſunt, eorum de¬

40.0 477.0 577.0 41.0 ſyderio, amore, zelo, affectúque ſalutis ipſorm,

40.0 511.0 576.0 38.0 moueri debeamus, neque ſint prorſus à nobis

40.0 543.0 577.0 39.0 abiiciendi, ſed vt fratres agnoſcendi, admonendi

41.0 577.0 574.0 38.0 atque etiam, vt in viam reducantur, vti oues per¬

39.0 608.0 576.0 36.0 ditæ, ſedulò à nobis conquirendi. Ergo etiam ex¬

38.0 642.0 577.0 36.0 communicati χτ τι fratres noſtri ſunt, non tamen

37.0 672.0 576.0 37.0 omnino & abſolutè, nec pares ijs habendi, qui in

37.0 715.0 576.0 30.0 Derinetu peritaerut. La quipus omiibus expli¬

37.0 736.0 577.0 43.0 catus videtur vberrimus & vtiliſſimus ille de ex¬

36.0 772.0 427.0 39.0 communicatione locus. Sequitur,

49 1037 82 34 Q

237.0 902.0 180.0 40.0 CAP. VI.

155.0 952.0 457.0 48.0 VICVNQVE ſub iugo ſunt

152.0 994.0 457.0 38.0 ſerui, ſuos dominos ouni honore

33.0 1062.0 318.0 56.0 doctrina blaſphemetur.

154 1028 441 47 dignos ducunto, ne nomen Dei et

69.0 1115.0 541.0 43.0 Videri poteſt abrupta huius capitis & loci ſe¬

31.0 1151.0 577.0 49.0 ries, & minimè conſentiens cum toto ſuperio¬
