1000 1448
222.0 96.0 201.0 17.0 CAPVT VI.

606.0 74.0 45.0 41.0 435

105.0 110.0 546.0 47.0 Inde quæritur, vtrum liceat homini pio &

74.0 144.0 576.0 45.0 Chriſtiano opes ſuas honeſtis iuſtiſque rationi¬

75.0 175.0 575.0 48.0 bus augere ſed ijs ipſis quas habet cõtentus eſſe

77.0 209.0 576.0 43.0 debeat, neque in id incumbere moderato quodã

76.0 242.0 578.0 44.0 ſtudio, non auaro, non etiam inſatiabili habendi

78.0 275.0 576.0 43.0 ardore nec ea animi attentione, per quam vitæ

78.0 307.0 575.0 45.0 æternæ curam & meditationem deſerat. Reſpon.

78.0 339.0 576.0 45.0 Licere, quia modò auaritiæ affectus, & animus

79.0 371.0 577.0 47.0 abſit, quod honeſto labore & moderata cura

80.0 403.0 576.0 46.0 comparatur acquiritúrque, Dei donuſn eſt, be¬

80.0 436.0 578.0 47.0 neficium, atque ipſius innos amoris & benedi¬

79.0 473.0 580.0 41.0 ctionis ſignum, vt eſt Pſalm.127. Sed hanc curam

80.0 504.0 578.0 43.0 ſollicitudinémque animi moderatiſſimam eſſe

81.0 532.0 578.0 45.0 oportet, ne à melioribus & ſalutaribus ſtudijs

81.0 565.0 578.0 47.0 auocemur & abducamur, dum toti in re facienda

82.0 596.0 576.0 49.0 ſumus Matth. 7.verſ.34. Ergo ſi neque Dei cul¬

82.0 638.0 578.0 39.0 tum, neque Chrimlanl nomis endritatem &

83.0 662.0 578.0 48.0 officium negligimus, rei familiari augendæ rectè

85.0 694.0 575.0 49.0 quidem proſpicere & licet, & honeſtum eſt, quo¬

84.0 728.0 578.0 48.0 niam cura familiæ noſtríque ipſius eſt habenda

84.0 769.0 178.0 37.0 ſupra 5.verſ.8.

174.0 808.0 488.0 48.0 Nihil enim intulimus in mundum,

89.0 847.0 539.0 49.0 videlicet nec efferre quicquam poſſumus.

123.0 894.0 539.0 56.0 8 Sed habentes alimenta, & quibus te¬

90.0 942.0 372.0 49.0 gamur, his contenti erimus.

117.0 979.0 553.0 46.0 Νυθέτοης, quæ modum præſcribit, qui nobis

90.0 1013.0 580.0 40.0 in terrenorum bonorum vſu & comparatione

92.0 1045.0 578.0 47.0 ſeruandus eſt, quem modum qui excedit, is planè

93.0 1078.0 578.0 40.0 & ſtultus eſt, & fruſtrà ſeſe cruciat. Fuit autem

94.0 1110.0 580.0 45.0 hæc præſcriptio valde neceſſaria, & cùm in hunc

95.0 1145.0 579.0 47.0 locum ſemel ingreſſus eſſet Paulus, aducienda

475.0 1180.0 77.0 45.0 Eaiij.
