1000 1448
271.0 119.0 201.0 25.0 CAPVT ILI.

617.0 86.0 38.0 61.0 131

76.0 136.0 582.0 44.0 rentibus, non vtantur. Cappas manicatas ad di¬

76.0 176.0 582.0 39.0 uinum officium intra Eccleſiam non gerant, ſed

76.0 205.0 579.0 40.0 nec alibi, qui ſunt in Sacerdotio & perſonatibus

77.0 240.0 578.0 39.0 conſtituti: niſi iuſta cauſa rimoris exegerit habi¬

76.0 273.0 578.0 38.0 tum transformari. Fibulas omnino non ferant,

75.0 307.0 581.0 38.0 neque corrigias auri vel argenti ornatum haben¬

76.0 337.0 582.0 40.0 tes, ſed nec annulos: niſi quibus competit ex offi¬

76.0 370.0 580.0 41.0 cio dignitatis. Pontifices autem in publico, & in

75.0 403.0 582.0 37.0 Eccleſia ſuperindumentis lineis omnes vtantur:

75.0 433.0 584.0 39.0 niſi Monachi fuerint, quos oportet ferre habitũ

74.0 467.0 584.0 41.0 monachalem. Palliis diffibulatis non vtantur in

76.0 500.0 583.0 41.0 publico, ſed vel poſt collum, vel ante pectus hinc

75.0 531.0 583.0 44.0 inde connexis. Videtur etiam in his ipſis paucis

78.0 574.0 580.0 30.0 eniuinoranuio, a uun nanuille rucronem gentis, in

78.0 596.0 580.0 41.0 qua verſabatur Timotheus. Erant enim Græci

78.0 629.0 578.0 41.0 & Aſiani, quanquam hîc eſt doctrina generalis,

79.0 663.0 577.0 38.0 quæ ad omnes pertinet. Ergo vetat Epiſcopum

78.0 695.0 54.0 37.0 eſſe

109.0 723.0 548.0 40.0 Vinoſum) Non damnat quidem vſum vini aut

78.0 759.0 578.0 41.0 aliorum ciborum Paulus, id quod & Manichæi,

76.0 791.0 580.0 36.0 & alij hæretici faciunt: ſed modum in ijs adhibẽ¬

76.0 823.0 582.0 44.0 dum eſſe oſtendit præſertim à paſtore, à quo Tẽ¬

77.0 859.0 581.0 40.0 perantiam ſupra requirebat. Quæſitum autem

78.0 888.0 581.0 43.0 qui ſint πάροινοι appellãdi, vtrum ebrij vel ebrio¬

76.0 922.0 581.0 42.0 ſi homines tantùm: an etiam qui nimia vini vo¬

77.0 953.0 581.0 42.0 raplate titillantur, illíque ſunt nimium addicti

78.0 986.0 580.0 43.0 Gall. frians de vin. Chryſoſtom. πάροινον accipit

76.0 1017.0 580.0 45.0 pro ferocis ingenij homine, quales eſſe ſolẽt qui

76.0 1051.0 581.0 43.0 nimium ſe vino ingurgirant. Canoniſtæ ca.1. di¬

78.0 1086.0 578.0 40.0 ſtinct.35. exponunt definiunt que eum, qui ſe non

78.0 1120.0 579.0 39.0 ſemel, ſed ſæpius vino repleuit, & ingurgitauit &

78.0 1149.0 580.0 41.0 ebrius factus eſt. Vtraque interpretatio non ſa¬

78.0 1184.0 582.0 44.0 tis quadrat. Ratio enim huius præcepti eſt ex ef¬

485.0 1215.0 57.0 43.0 i. ij.
