1000 1448
370.0 106.0 89.0 25.0 42o

467.0 95.0 384.0 30.0 AD I. FAVL. AD TIM.

367.0 123.0 575.0 45.0 ſimplicium oculos, vt ſola cenſeatur eſſe & ve¬

366.0 158.0 577.0 44.0 ra & luculenta Theologia. Quam tamen hoc lo¬

368.0 191.0 574.0 42.0 co prorſus de gradu deiicit, & proſternit Spirit

366.0 224.0 578.0 41.0 ſanctus, vt impiam vt falſam atque omnino

367.0 257.0 576.0 42.0 profanam, & eos etiam ipſos, qui illam docent,

370.0 290.0 574.0 43.0 vti peſſimos atque pernitioſiſſimos Chriſti ho¬

368.0 324.0 185.0 39.0 ſtes execratur.

401.0 352.0 544.0 44.0 Sed ſingula iam videamus. Sanos ſermones

368.0 386.0 578.0 43.0 vocat puram Euangelij doctrinam, tum quòd illi

366.0 419.0 579.0 42.0 in ſeſe ſunt ſani & puriſsimi, tum quòd animas

366.0 450.0 578.0 43.0 noſtras ſanas & valentes efficiant, vti dicitur Pſ.

367.0 484.0 579.0 39.0 19 Præceptum & verbum Domini lucidum, illumi¬

366.0 517.0 579.0 41.0 nans oculos. Sanitas animæ eſt vera Dei agnitio,

366.0 548.0 579.0 41.0 atque cum eo reconciliatio Pſal.41.verſ.4.Pſ.32.

369.0 580.0 576.0 43.0 quod vtrunque beneficium affert ſyncera prædi¬

369.0 612.0 580.0 42.0 catio Euangelij in nobis efficax. Hoc epitheton

366.0 644.0 582.0 42.0 ſæpe tribuit Paulus Euangelio, vt illius vtilitatẽ

366.0 676.0 584.0 42.0 commendet præ cæteris artibus, vt hæreſibus eã

369.0 710.0 581.0 38.0 opponat. Sic 2. Timoth. 1. verſ.13. ſup.1.verſ.11.

371.0 741.0 579.0 40.0 Tit.2.V.1. Huic autem laudi Euangelij & ſuæ do¬

369.0 774.0 580.0 44.0 ctrinæ opponit diuerſæ doctrinæ νόζον quam alij

370.0 808.0 580.0 43.0 languorem, alij inſaniam vertunt. Certè ad ani¬

370.0 842.0 581.0 41.0 mum hæc vox pertinet, non autem ad corpus. Eſt

369.0 872.0 582.0 43.0 autẽ non tantùm hæreſis: ſed omnino matæolo¬

371.0 907.0 580.0 43.0 gia animi languor. qualis Sorbonica Theologia

369.0 940.0 581.0 42.0 magna ex parte, mentis ægrotatio & morbus, pe¬

370.0 970.0 582.0 41.0 ſtiſque certiſsima animorum, ne ſibi in vanis

372.0 999.0 579.0 46.0 ſuis philoſophamentis placeant inſani iſti, & mẽ¬

373.0 1033.0 579.0 44.0 te capti homines néue aliò pertinere & ſpectare

373.0 1068.0 580.0 41.0 cenſeatur vera Theologia, quàm ad animorum

373.0 1099.0 519.0 39.0 ſalutem & conſcientiarum conſolationem.

407.0 1131.0 546.0 44.0 Appellatur autem ſecundo loco idem Euan¬

374.0 1164.0 578.0 49.0 gelium Doctrina pietatis, vti & Tit.1. verſ.1. &

855.0 1194.0 97.0 51.0 Coloſſ.
