1000 1448
232.0 118.0 222.0 24.0 CAPVT IIII.

584.0 97.0 51.0 55.0 227

53.0 135.0 581.0 50.0 edocendi & commonefaciendi ſumus. Quò mi¬

52.0 173.0 581.0 45.0 nus nobis moleſtum aut faſtidioſum eſſe opor¬

53.0 205.0 579.0 43.0 tet, ſi ſæpe ſæpius in Eccleſia hanc eandem do¬

53.0 238.0 579.0 43.0 ctrinam à paſtoribus audiamus, quia maximè no¬

53.0 268.0 579.0 47.0 bis eſt ſalutaris. Paulus Philip.3.verſ.1. dicit tutũ

52.0 304.0 581.0 41.0 & vtile eſſe, vt eadem nobis ſæpius répetantur.

51.0 333.0 579.0 46.0 Idem docet & affirmat Petrus in 2. Epiſt. cap.1.

53.0 375.0 578.0 36.0 verſ.13. Vnde væ delicatis hominum auribus, qui

52.0 399.0 580.0 45.0 abuſus doctrinæ & ſuperſtitiones Papiſticas nun¬

52.0 433.0 577.0 44.0 quam à concionatoribus Euangelij taxari vellẽt.

80.0 473.0 549.0 35.0 Denique ex hoc ſplo apparet, eam maximè à

49.0 497.0 580.0 44.0 paſtoribus doctrinàm proponendam, quæ neceſ¬

47.0 530.0 582.0 44.0 ſaria eſt, & vtilis: non autem quæ inutiles & vanas

49.0 563.0 243.0 38.0 quæſtiones habeat.

77.0 591.0 549.0 45.0 Colligit verò ex hoc Pauli dicto Chryſo. du¬

48.0 626.0 579.0 44.0 plex eſſe paſtoris munus in proponẽdo Dei ver¬

48.0 662.0 577.0 42.0 bo pro rerum, quas tractat, & perſonarum, apud

46.0 692.0 578.0 44.0 quas agit, ratione, nimirum vt Doceat, & Ea quæ

45.0 724.0 578.0 45.0 ſunt obſcura, & Eos, qui ſunt obſequentiores. Itẽ

44.0 757.0 578.0 45.0 Denuntiet, propoteſtate & imperio ſibi à Deo

44.0 794.0 578.0 40.0 dato, Ea, quæ omnes concedunt eſſe vera, Eis, qui

41.0 822.0 580.0 44.0 ſunt contumaciores & magis rebelles. Quod cer¬

42.0 856.0 579.0 42.0 tè verum eſt. Debet enim paſtor nonnunquam

43.0 887.0 577.0 44.0 increpare & virga.i. ſeuetitate vti, ve ait Paulus

41.0 922.0 423.0 44.0 1. Corinth 4.verſ.21. & 2. Timoth.4.

75.0 982.0 543.0 50.0 12 Nemo tuam iuuentutem deſpiciat,

41.0 1022.0 577.0 48.0 ſed esto exemplar fidelium in ſermone, in cõ¬

40.0 1061.0 579.0 57.0 uerſatione, in charitate, in ſpiritu, in fide, in

42.0 1099.0 125.0 47.0 puritate.

73.0 1142.0 546.0 50.0 Νοθέτησις. Admonet enim qua ratione & gra¬

41.0 1178.0 576.0 51.0 uitate ſuperior doctrina ſit à Timotheo propo¬

457.0 1218.0 50.0 50.0 p.ij.
