1000 1448
213.0 95.0 195.0 18.0 CAnv vis

625.0 61.0 15.0 55.0 2

69.0 106.0 576.0 49.0 bet, vim & naturam, quæ in eo eſt, vt non tantùm

70.0 145.0 575.0 44.0 velint benefacere: ſed reipſa benefaciant, quia

70.0 177.0 576.0 45.0 dare poſſunt. Nam in ijs, qui poſſunt præſtare a¬

70.0 209.0 577.0 45.0 liquid, vera charitas non eſt in lingua, neq; tãtùm

71.0 242.0 572.0 43.0 in affectu ipſo largiendi:ſed in ipſo opere & prę¬

70.0 274.0 573.0 42.0 ſtatione, quemadmodum Ioannes & Iacobus

72.0 304.0 575.0 46.0 docent I. Ioan.3.verſ.18. Iac.2.verſ.15.16. Qui ni¬

72.0 339.0 575.0 44.0 hil habent, quod donent, propter rerum omniũ

73.0 371.0 574.0 44.0 inopiam, qua premuntur, in ijs ſyncerus benè fa¬

74.0 403.0 572.0 43.0 ciendi & largiendi affectus & commiſerationis

75.0 435.0 575.0 46.0 plenus, eſt ſanè laudabilis, vti in Petro & Ioanne

74.0 470.0 239.0 42.0 fuit Actor.3.verſ.6.

105.0 495.0 543.0 46.0 Denique ſequitur tertia virtus, cùm Chriſtia¬

77.0 533.0 573.0 42.0 nis omnibus, tum verò diuitibus imprimis con¬

76.0 563.0 577.0 42.0 ſectanda & digna, Nempe comitas, communica¬

79.0 595.0 575.0 42.0 bilitáſque ſiue affabilitas. Hanc enim deſcripſit

79.0 627.0 573.0 43.0 Paulus voce κοιρωνικές. Hæc benignitas noſtra eſt

80.0 665.0 572.0 39.0 velut condimentum & lepos quidam: & omnis

79.0 694.0 571.0 43.0 vitæ noſtræ commendatio, atque conuerſationis

78.0 727.0 574.0 43.0 iucunditas, quæ álios homines ad nos allicit, fa¬

78.0 762.0 575.0 40.0 ſtúmque omnem animi & ſuperbiam deiicit,

82.0 793.0 387.0 46.0 qua plurimum diuites laborant.

119.0 826.0 537.0 58.0 19 Recondentes ſibijpſis fundamentum

82.0 872.0 575.0 52.0 bonum in poſterum, vt apprehendant æter¬

82.0 920.0 159.0 38.0 nam vitam.

118.0 948.0 542.0 47.0 Α'ιτιολογίά eſt & commendatio vſus dluitiarũ

84.0 983.0 577.0 47.0 imprimis autem Beneficentiæ, quæ maximè, vti

87.0 1016.0 574.0 46.0 ſuprà docuit, diuites decet. Eſt autem ducta

87.0 1048.0 574.0 45.0 hæc ſiue ratio, ſiue commendatio à fructu ſiue

87.0 1081.0 575.0 44.0 effecto. Nimirum, quod illa ſit vitæ̃ æternæ con¬

88.0 1114.0 574.0 46.0 ſequendæ certiſſimum teſtimonium, & tanquam

87.0 1148.0 574.0 52.0 arrhabo, & pignus quoddam à Dei ſpiritu im¬

492.0 1176.0 67.0 51.0 Iaiij.
