1000 1448
248.0 109.0 201.0 19.0 CAPVT III.

600.0 95.0 36.0 37.0 105

68.0 128.0 574.0 43.0 eos verè pœnitere, & vtiles Eccleſiæ eſſe poſſe.

67.0 160.0 574.0 43.0 Reſpond. in eo variã fuiſſe veteris Eccleſiæ ſen¬

67.0 196.0 577.0 40.0 tentiam. Primùm enim fuit ſeuerior Eccleſia:

68.0 227.0 574.0 42.0 & erat moribus receptum, vt lapſi ſiue in hæ¬

67.0 259.0 575.0 41.0 reſin, ſiue in apoſtaſiam, ſiue in aliud aliquod cri¬

65.0 292.0 578.0 41.0 men, & vitium, & depoſiti proptereà, non admit¬

66.0 325.0 577.0 40.0 terentur vnquam poſtea in gradum vllum Eccle¬

65.0 355.0 577.0 43.0 ſiaſticum, propter ædificationẽ Eccleſiæ. Dein¬

67.0 390.0 575.0 40.0 de aliud receptum & conſtitutum fuit, nempe

67.0 419.0 576.0 44.0 vt etiam recipi poſſent, ſi pœnituiſſent. Quam ſe¬

65.0 452.0 579.0 40.0 cundam ſententiã cùm Luciferiani damnarent &

65.0 484.0 579.0 42.0 improbarent, hæretici ſunt habiti. Denique tan¬

65.0 518.0 578.0 39.0 dem res tota in concilio Agathẽſi compoſita &

65.0 559.0 580.0 33.0 conſeieutu eneyte ſapiimmrumce reſtitui & reti¬

63.0 582.0 580.0 43.0 neri in gradu poſſent: ad maiores tamen non poſ¬

63.0 614.0 579.0 40.0 ſent prouehi. Excepti tamen ſunt ex eo numero

64.0 646.0 577.0 39.0 apoſtatæ. canon. Contumaces & cano. Domino

63.0 677.0 233.0 42.0 ſancto diſtinct. 50.

95.0 709.0 546.0 44.0 Vnius vxoris virum. Secunda Epiſcopi futuri

62.0 744.0 578.0 36.0 conditio. Primùm autem huius loci explicatio

62.0 777.0 577.0 41.0 vera videnda eſt. Deinde ratio præcepti. Deniq;

64.0 809.0 577.0 44.0 quæ huius loci poſtea corruptela ſiue deprauatio

61.0 839.0 147.0 41.0 facta fuerit.

94.0 871.0 547.0 42.0 Ac quidem primùm hic locus à patribus verè

60.0 906.0 581.0 43.0 & purè & ſyncerè explicatus eſt, veluti à Iuſtino

59.0 938.0 582.0 41.0 & hîc à Chryſoſtom. Atque etiam à Hieronymo,

61.0 973.0 579.0 40.0 quanquam infeſtiſſimo nuptiarum hoſte:item ab

59.0 1004.0 582.0 41.0 Ambroſio, epiſt. 82. & Theodorito (etſi poſtea

61.0 1036.0 578.0 41.0 Græca Eccleſia cum Latina de huius loci expli¬

61.0 1068.0 580.0 41.0 catione diſputauit & diſſenſit.) Ne is nimirum

59.0 1102.0 579.0 41.0 in Epiſcopum eligeretur, qui vno eodémque tẽ¬

59.0 1134.0 579.0 40.0 pore duas apud ſe haberet vxores. Tales enim

58.0 1166.0 579.0 55.0 tunc multi etiam Iudæi erant, qui exemplo Daui¬
