1000 1448
617.0 98.0 36.0 44.0 165

254.0 112.0 208.0 23.0 CAPVT III.

79.0 131.0 580.0 50.0 da conſequuntur, vbi ſemel à verbo Dei diſceſ¬

79.0 166.0 109.0 39.0 ſum eſt.

110.0 198.0 546.0 45.0 Longè autẽ peſſimè & verbo Dei & munere

78.0 234.0 580.0 37.0 Diaconi abutuntur, qui Diaconos tantùm titu¬

79.0 265.0 578.0 42.0 larios hodie habẽt, nulli rei, niſi pompæ, & ſuper¬

78.0 297.0 518.0 45.0 ſtitioni inſeruientes. Id quod fit in Papatu.

115.0 367.0 539.0 44.0 10 Atque hi etiam probentur priùs,

77.0 399.0 482.0 49.0 deinde ministrent, ſi ſint inculpati.

108.0 451.0 548.0 45.0 Τάξις Ordine perſequitur Paulus ſingula, quæ

76.0 486.0 580.0 41.0 ad legitimam Diaconorum electionem pertinẽt:

77.0 519.0 577.0 40.0 & ordinem ipſum, qui ſeruandus eſt, præſcribit.

78.0 551.0 576.0 41.0 Ergo priùs eos examinari vult: poſtea verò eligi

77.0 582.0 576.0 36.0 & ad officium admitti. Vnde qui ſine examine:

77.0 614.0 576.0 41.0 vel luſorio quodam examinis genere eliguntur,

78.0 647.0 576.0 42.0 vti in Papatu, ſunt omnino abdicandi, & reiicien¬

77.0 680.0 576.0 40.0 di. Ad quos verò hoc examẽ pertineat ad vniuer¬

78.0 711.0 575.0 44.0 ſumne populum, an ad ſenatum, an ad vtroſque

78.0 743.0 168.0 52.0 infra dicetur.

111 793 540 44 11 Vxores itidem honeſtas, non calum¬

74 824 428 53 nioſas, ſobrias, fidas in omnibus.

107 879 543 41 12 Diaconi ſint vnius vxoris mariti,

74 910 576 51 qui liberis rectè praſint, & proprijs domi¬

74 964 74 24 Dux.

100.0 978.0 549.0 48.0 Iſta ſunt ſuperius explicata partim hoc ipſo

73.0 1016.0 577.0 41.0 capite: partim cap.2. vbi de mulieribus Chriſtia¬

73.0 1047.0 224.0 42.0 nis diſputauimus.

109.0 1093.0 539.0 48.0 13 Nam qui bene miniſtrauerint, gra¬

73.0 1130.0 575.0 49.0 dum ſibi bonum acquirunt, & multam liber¬

75.0 1167.0 542.0 58.0 tatem per fidem quæ eſt in Chriſto Ieſu.

469.0 1212.0 57.0 44.0 l.iij.
