1000 1448
251.0 106.0 201.0 25.0 CAPVT III.

602.0 82.0 35.0 52.0 152

59.0 123.0 580.0 45.0 aurea: ipſi verò facti ſunt plumbei. Bernard.epi¬

57.0 161.0 578.0 39.0 ſtola 78. deteſtatur quendam ſui ſeculi clericum,

58.0 193.0 580.0 43.0 qui & Diaconus eſſet, & Decanus, & regius dapi¬

57.0 230.0 584.0 41.0 fer, quod intolerandum eſſe docet in Dei Eccle¬

56.0 259.0 48.0 37.0 ſia.

90.0 287.0 547.0 47.0 Cæterum qui id Epiſcopis licere putant, ſecu¬

57.0 324.0 580.0 41.0 laribus ſe negotiis nimirum immiſcere & impli¬

58.0 357.0 582.0 40.0 care, aliquot rationes afferunt, quas operæpretiũ

57.0 394.0 579.0 34.0 eſt examinaſſe, vt intra ſuos fines & à Deo præ¬

57.0 421.0 581.0 39.0 ſcriptos, tandem verus Epiſcopatus, & verbi Dei

58.0 455.0 459.0 38.0 miniſterium reuocetur & coerceatur.

89.0 485.0 548.0 39.0 Prima eſt ex Deuteron.17. verſ.9. vbi Sacer¬

57.0 518.0 581.0 38.0 dos Magnus & Leuitæ conſtituuntur iudices cau¬

56.0 549.0 581.0 40.0 ſarum, & litium. Ergo ſecularibus negotiis ſeſe

56.0 582.0 581.0 40.0 immiſcebant. Reſpon. Cùm Dominus politiam

55.0 618.0 581.0 39.0 ipſam, quam in ſuo populo vigere volebat, ſuo

57.0 649.0 577.0 37.0 verbo comprehendiſſet, cuius interpretationem

55.0 680.0 576.0 37.0 commiſerat Sacerdoti ſummo, & Leuitis Malac.

58.0 714.0 575.0 39.0 3 æquum tunc erat, vt in dubia interpretatione

55.0 745.0 582.0 42.0 legis politicæ, quæ Verbi diuini pars erat, ad

57.0 781.0 577.0 39.0 eos recurreretur. Sed nunc leges politicę à verbo

55.0 812.0 579.0 40.0 Dei ſeparantur, nec eo comprehenduntur, vt

45.0 843.0 589.0 41.0 olim. Præterea ad ſacrificatores tantùm recurre¬

55.0 875.0 578.0 41.0 batur, ſi de interpretatione alicuius loci, & legis

53.0 908.0 584.0 42.0 ſcriptæ dubitatio naſcebatur, non in quauis con¬

54.0 941.0 580.0 40.0 trouerſia, nec cùm erat quæſtio facti. Tunc e¬

53.0 973.0 551.0 40.0 nim ad alios iudices remittebatur diſceptatio.

85.0 1004.0 546.0 42.0 Secundò obiicitur cano. Ecce plenariè diſtin.

54.0 1036.0 578.0 42.0 39. exemplum Chriſti, qui turbis ſequentibus nõ

51.0 1069.0 580.0 37.0 tantùm ſpiritualia, ſed etiam carnalia, veluti ci¬

51.0 1102.0 581.0 41.0 bũ, dedit. Debere igitur Epiſcopos carnalia ſuo

50.0 1134.0 583.0 43.0 gregi adminiſtrare. Itaque debere implicari ne¬

51.0 1167.0 581.0 54.0 gotijs ſecularibus. Reſp. Extraordinaria Chriſti
