1000 1448
359.0 99.0 60.0 30.0 309.

481.0 84.0 368.0 36.0 AD I. PAVL. AD TIM.

358.0 111.0 579.0 49.0 verbis Græcis, id eſt, inter χρῆος & Α'πολάυη

357.0 147.0 577.0 42.0 nulla huiuſmodi differentia reperietur obſerua¬

357.0 181.0 577.0 45.0 ta, vt χρη̃͂ος tantùm de bonis terrenis: ἀπολάυον de

359.0 213.0 576.0 45.0 bonis cœleſtibus tantùm accipiatur. Denique

358.0 246.0 578.0 44.0 hic ipſe locus oſtendit, de bonis terrenis præci¬

359.0 279.0 576.0 44.0 puè agi, in quibus diuites huius ſeculi ſpem po¬

358.0 312.0 576.0 45.0 nunt, quæ tamen à ſolo Deo dari docet Paulus

358.0 344.0 577.0 44.0 hoc loco. Quid igitur ſibi vult hæc dicendi ratio?

359.0 377.0 576.0 44.0 Nimirum, non ea tantum nobis à Deo ſuppe¬

358.0 409.0 578.0 47.0 ditari quæ neceſſaria ſunt ad ſtrictè, anguſtè, du¬

357.0 442.0 584.0 44.0 riter, & tenuiter vitam hanc tuendam & ſuſten¬

358.0 473.0 579.0 45.0 tandam: ſed benignè, profuſè, largiter & liberali¬

358.0 508.0 579.0 42.0 ter, multa etiam nobis à Deo præter neceſſarium

358.0 539.0 578.0 43.0 vſum tribui. Hoc dicunt ſeptuaginta interpretes

357.0 569.0 578.0 44.0 in veteri Teſtamẽto ἀωμεῖν Mautem Tullius lib.

357.0 600.0 581.0 48.0 1. de Legib. Prodigere, vt ex hac tam liberali Dei

357.0 634.0 581.0 45.0 in nos benignitate intelligamus nõ tãtùm quàm

358.0 669.0 578.0 42.0 luitiuo hDeo iperandum ſit, quàm in diuitijs:

358.0 699.0 580.0 42.0 ſed quàm opulentius & liberalius à Deo omnia

358.0 732.0 582.0 44.0 accipiamus, quàm vlli diuites à ſuis opibus habe¬

360.0 764.0 579.0 42.0 it poinn. E mhique ex hoc loco immenſæ Dei

362.0 797.0 576.0 49.0 benignitatis in homines commendatio fieri de¬

362.0 831.0 61.0 48.0 bet.

396.0 869.0 544.0 49.0 18 Vt alijs benefaciant, vt diuites ſint

361.0 909.0 579.0 50.0 operibus bonis, faciles ad impartiendum, fa¬

366.0 946.0 201.0 49.0 cilis conuictus.

393.0 985.0 549.0 46.0 Sequuntur aliæ virtutes duæ, quæ ſuperiori¬

361.0 1024.0 580.0 39.0 bus etiam vitijs, quæ in diuitibus notauit Paulus,

362.0 1055.0 580.0 42.0 opponuntur. Hæ autem ſunt, Benignitas, & Co¬

359.0 1090.0 584.0 33.0 mitas. Ac benignitas quidem ſiue beneficentia

359.0 1120.0 581.0 38.0 eſt veriſſimus diuitiarum fructus. Comitas verò

363.0 1153.0 579.0 49.0 velut condimentum ipſius beneficentiæ, certè

856.0 1186.0 87.0 50.0 ſuper¬
