1000 1448
240.0 105.0 203.0 22.0 CABVT III

609.0 81.0 45.0 52.0 181

98.0 118.0 556.0 50.0 V'iſus ſiue conspectus ab Angelis.) Hæc eſt ſe¬

68.0 158.0 583.0 41.0 cunda pars, quę continet teſtimoniũ Angelorum

68.0 189.0 584.0 40.0 de præcedenti myſterio. Auget autẽ hæc circun¬

68.0 223.0 586.0 39.0 ſtãtia hoc miraculum, & Dei potentiam, quæ

68.0 254.0 584.0 40.0 in hoc fidei noſtræ myſterio eluxit: quod nõ mo¬

70.0 286.0 584.0 43.0 dò homines ad tantæ rei dignitatem, id eſt, Chri¬

68.0 319.0 586.0 42.0 ſtum hominem factum eſſe obſtupuerunt: ſed

70.0 349.0 583.0 44.0 Angeli etiam ipſi illud idem videre geſtierunt,

69.0 384.0 583.0 41.0 & videntes delectati ſunt, Deúmque laudarunt,

69.0 415.0 584.0 45.0 ſúntque admirati. Hæc enim omnia complecti¬

69.0 449.0 583.0 44.0 tur hæc Pauli ſententia de Angelis, vt apparet ex

69.0 481.0 583.0 43.0 Luc.2 verſ.14. Viderunt igitur hoc Angeli, quaſi

68.0 513.0 586.0 40.0 rem ſibi nouam & admirabilem. Etſi enim illi

69.0 544.0 585.0 40.0 ſaluandum eſſe aliquando mundum ſciebant, &

69.0 575.0 584.0 46.0 Chriſtum hominem futurum, & occidendũ præ¬

69.0 609.0 584.0 45.0 dixerat etiam ipſe Gabriel Angelus Danie.9, ſin¬

70.0 642.0 584.0 44.0 gula tamen myſteria, & Dei miracula, quæ in hac

70.0 675.0 583.0 41.0 incarnatione, paſſione, & reſurrectione Chriſti

71.0 707.0 582.0 40.0 facta ſunt, & futura erãt, ipſúmque adeò modũ,

72.0 746.0 582.0 39.0 priurquam illa nerent, ignorabant. vnde Angelis

72.0 772.0 582.0 41.0 ipſis admirabile fuit hoc tantum Dei opus, quod

71.0 805.0 582.0 39.0 Euangelico tamen miniſterio prædicatur, & di¬

70.0 839.0 582.0 41.0 lucidè explicatur. Hos autem Angelos teſtes

70.0 871.0 580.0 43.0 hîc produci huius tanti myſterij certum eſt, quò

72.0 904.0 436.0 41.0 certior ſit fides noſtra, & auguſtior.

103.0 935.0 550.0 42.0 Prædicatus eſt Gentibus) Tertia pars huius ex¬

73.0 967.0 581.0 44.0 plicationis, & myſterij, in qua non minus ſummũ

74.0 1000.0 580.0 42.0 Dei arcanum, quàm in ſuperioribus, continetur.

74.0 1031.0 580.0 46.0 Eſt autem manifeſtatio tanti myſterij facta ho¬

75.0 1064.0 579.0 42.0 minibus, quæ & ipſa planè eſt miraculoſa. Nam

74.0 1100.0 580.0 41.0 facta eſt & excepta à Gentibus, quæ erant antea

75.0 1130.0 506.0 45.0 prorſus infideles & à Deo omnino alienæ.

111.0 1163.0 544.0 57.0 Quarta verò pars nimirum de gloria Chriſti,

479.0 1204.0 70.0 38.0 m-iij.
