1000 1448
243.0 94.0 205.0 49.0 CAPVT III.

606.0 100.0 35.0 56.0 85

100.0 169.0 544.0 44.0 In electione autem perſonarum Eccleſiaſtica¬

67.0 205.0 564.0 41.0 rum tria quæri & poſſunt, & ſolent. Nempe 1

69.0 237.0 573.0 42.0 Qui eligendi ſint. 2 A quibus eligẽdi. 3 Quo¬

68.0 271.0 577.0 38.0 modo eligendi. Quod vltimum caput de forma

67.0 300.0 577.0 43.0 electionis agit. Hîc de perſonis, quæ eligi poſſunt

67.0 335.0 577.0 39.0 alibi in hac ipſa, & de ijs, ad quos ius eligẽdi per¬

68.0 366.0 576.0 37.0 tinet & de legitima electionis forma: dicetur.

69.0 399.0 576.0 40.0 Primùm enim eſt naturâ, vt ſint quædam perſo¬

68.0 430.0 576.0 43.0 næ, quæ eligi poſſint, de quibus idcirco primo

68.0 462.0 246.0 37.0 loco fuit dicendum.

99.0 493.0 545.0 42.0 Agit autem Paulus hoc toto capite de Epiſco¬

67.0 527.0 576.0 41.0 pis, & Diaconis. Attamen aliæ ſunt Eccleſiaſti¬

68.0 560.0 577.0 38.0 cæ & neceſſariæ dignitates præter Diaconos &

67.0 592.0 577.0 42.0 Epiſcopos, quales Presbyteri, de quibus nihil

68.0 625.0 575.0 39.0 penitus hoc loco traditum eſſe à Paulo quidam

67.0 655.0 575.0 38.0 exiſtimant. Volunt enim Presbyterorum ele¬

67.0 688.0 576.0 44.0 lectionem explicari in Epiſtola ad Titum cap.1.

69.0 722.0 573.0 41.0 Hîc verò Epiſcoporum. Sed falſa eſt eorum ſen¬

68.0 754.0 573.0 38.0 tentia. Eoſdem enim vocat Paulus Preſbyteros

68.0 788.0 572.0 42.0 & Epiſcopo, svti apparet ex cap.1. verſ.5, & 7. E¬

69.0 820.0 574.0 40.0 piſtolæ ad Titum. Atque etiam ex 1. Pet.5 verſ.1

68.0 851.0 574.0 41.0 & annotat cum Chryſoſtomo Hieronym. ex qui¬

68.0 884.0 574.0 41.0 bus Iſidorus didicit, cuius dictum eſt in canone

69.0 916.0 574.0 42.0 Clero. Et clericos 5 Presbyter diſtinct.21. Itaque

68.0 954.0 574.0 37.0 priuſquant du ba, juu metradit d præcipit Pau¬

68.0 982.0 573.0 39.0 lus, accedamus, illud explicandum eſt, vtrum i¬

69.0 1014.0 572.0 39.0 dem ſit Epiſcoporum, & Preſbyterorum, de qui¬

68.0 1045.0 575.0 38.0 bus in ſacra ſcriptura & præſertim in Apoſtoli¬

69.0 1078.0 572.0 40.0 cis ſcriptis fit mentio, nomen, dignitas, vocatio,

69.0 1109.0 573.0 42.0 munus, & præſtatio. Nam Diaconi ab Epiſcopis

67.0 1141.0 574.0 43.0 hîc diſtinguntur & ſeparantur aperté. Preſbyte¬

67.0 1175.0 575.0 42.0 rivox. Græcis eſt πρεβύτερος. Itaque eſt Græca

67.0 143.0 384.0 38.0 Paulus præfatione etiam ſancit.
