1000 1448
225.0 99.0 179.0 19.0 CARVTV.

604.0 74.0 41.0 50.0 31

102.0 112.0 543.0 49.0 Mirum autem eſt prætermiſſam hîc eſſe confir

69.0 152.0 574.0 41.0 mationem huius ſententiæ, quæ fieri potuit exẽ¬

70.0 183.0 575.0 43.0 plo Leuitarũ, qui à reliquo populo Iſraelitico ale

69.0 217.0 572.0 41.0 bãtur Dei iuſſu ex decimis, & aliis oblationibus:

69.0 257.0 572.0 36.0 ſed ab eodem Paulo in 1.Corinth.9. verſ 13. hæc

68.0 282.0 274.0 43.0 ratio non eſt neglecta.

103.0 312.0 539.0 45.0 Vnde errant, qui ſtipendia Miniſtris tribui pu¬

67.0 349.0 575.0 40.0 tant tanquam meras & gratuitas tantum eleemo

67.0 378.0 577.0 41.0 ſynas putántq; liberum eſſe ea perſoluere vel nõ:

67.0 410.0 576.0 43.0 debẽtur enim vti iuſtiſſima merces, etſi nulla eſt

66.0 448.0 579.0 38.0 tanto eorum labori æqualis, quemadmodum ait

66.0 476.0 577.0 44.0 Chryſoſto. Scholaſtici & Canoniſtæ in cano. Qui

67.0 510.0 577.0 41.0 pro pecunia 1.q.1.cano. Altare.1. q.3. diſtinguunt

65.0 542.0 579.0 38.0 inter illud quod accipitur tanquam Pretium ope

65.0 573.0 577.0 41.0 ræ & Suſtẽtatio vitæ, Illud quidẽ accipi à Paſtore

65.0 617.0 574.0 26.0 hejdiit ponemue cutem concedun nec eſt ſanè

64.0 638.0 578.0 40.0 inutilis vel incommoda.iſta diſtinctio. Vide Du¬

65.0 670.0 451.0 43.0 rand.in lib.4. Sent. diſt.25.queſt.3. & 4.

111.0 702.0 530.0 49.0 19 Aduerſus presbyterũ accuſationẽ ne

64.0 740.0 577.0 49.0 admittito, niſi ſub duobus aut tribus teſtibus:

98.0 786.0 543.0 45.0 Tranſito eſt: iã enim agit de|ſecunda huius ar

63.0 823.0 578.0 42.0 gumenti parte nimirum ecquod ſit ipſorum Pres

63.0 855.0 578.0 40.0 byterorum aduerſus ſeipſos & collegas ſuos offr

62.0 888.0 577.0 41.0 ciũ, ne quid ex ea parte offẽdiculi naſcatur. Impri¬

62.0 919.0 579.0 41.0 mis enim cauendum eſt, ne illi ſe miutuò excuſent

62.0 951.0 579.0 43.0 & ſibi parcant, dum tamen alios caſtigant ſeuerè:

61.0 984.0 581.0 40.0 atque ne in illis locũ habeat prouerbiũvetus, Mu

63.0 1016.0 579.0 37.0 tuo muli ſcabunt. Potius illis in mentẽ veniat illa

63.0 1048.0 577.0 44.0 Chriſti ſentẽtia, vos eſtis ſal terræ ſi ſal éuanueritin

63.0 1081.0 575.0 42.0 quo ſalietur? vos estis lux mundi. Math.5.verf. 13.14.

63.0 1115.0 576.0 41.0 Itẽ illa, ſint lumbi veſtri præcincti & lucernæ ardentes

61.0 1148.0 572.0 51.0 in manibus vestris. Luc.12.ver.35. Sed & illa quoqs

484.0 1182.0 71.0 45.0 u-nij.
