1000 1448
362.0 83.0 486.0 43.0 162 AD I. PAVL. AD TIM.

360.0 110.0 586.0 55.0 dicti Hermi. lib. 8.cap. 12. cuius generis exempla

361.0 147.0 584.0 50.0 ſunt Nehe. cap.13.verſ.13. & hodie ij, qui hoſpita¬

362.0 178.0 586.0 50.0 lium & πλοχεδοχέίων Prouiſores appellantur. & in

362.0 211.0 583.0 49.0 ſingularum partium, & elemoſynarum, quæ ſin¬

366.0 244.0 580.0 50.0 gulis pauperibus & egenis fiunt, diſtributione, &

365.0 277.0 583.0 48.0 erogatione occupantur. Tales ſunt qui dietim vel

367.0 308.0 579.0 48.0 hebdomadatim eleemoſynas cuiq; pauperi fra¬

366.0 340.0 580.0 48.0 tri diſtribuunt, qui ſæpe habent tãquam ſubſidia¬

365.0 372.0 583.0 49.0 rias operas & miniſtras adiunctas Diaconiſſas, de

366.0 404.0 584.0 52.0 quibus poſtea. Hi autẽ ſeptẽ primũ ſunt creati,

366.0 438.0 580.0 46.0 & hic numerus retẽtus eſt Romæ vt ait Sozo.lib.

371.0 469.0 576.0 52.0 7.cap.19. poſtea ad imitationem Romanæ Eccle¬

366.0 502.0 581.0 49.0 ſiæ Neocæſarienſi Synodo cap.14. ſancitum eſt,

368.0 534.0 579.0 50.0 vt etiàm ſi non eſſet magna ciuitas, in qua eſſet

367.0 566.0 579.0 51.0 Eccleſia, ſeptem tamen Diaconi in ea crearentur.

366.0 600.0 578.0 45.0 Eſt decretum in can. Diaconi ſeptem diſtinct.93.

367.0 632.0 580.0 51.0 Sed hoc decretum poſtea Chartag. Synodo pri¬

366.0 664.0 580.0 50.0 ma fuit emendatum, cùm pro amplitudine Ec¬

367.0 695.0 580.0 49.0 cleſiæ ſæpe plufes, ſæpe pauciores Diãconi requi¬

366.0 728.0 580.0 52.0 tantur. Itaque hoc totum iudicio cuiuſque Ec¬

369.0 761.0 580.0 47.0 cleſiæ eſt permittendum, non autem præciſe de¬

368.0 792.0 581.0 49.0 finiendum. Nam & Romæ poſtea, vt docet lib.2.

370.0 825.0 579.0 51.0 Chronic. Martinus Pollonus auctus eſt Diaco¬

369.0 857.0 581.0 52.0 norum numerus, & geminatus, vt pro ſeptẽ hodié

370.0 889.0 581.0 51.0 ſint ſexdecim Diaconi, ex quibus alij ipſius Papæ

373.0 922.0 577.0 44.0 miniſterio & cubiculõ ſunt addicti, vt ait ille¬

371.0 954.0 579.0 49.0 Ergo Diaconorum verum munus eſt, tum Æra¬

371.0 988.0 579.0 44.0 rium Eccleſiæ colligere, curare & adminiſtrare,

373.0 1019.0 577.0 48.0 tum ex eo ærario pauperibus fratribus ſubueni¬

372.0 1052.0 578.0 48.0 re, tum Sanis, tum Ægrotis, tum etiam Ciuibus

371.0 1084.0 579.0 49.0 & Indigenis, tum Peregrinis, qui ad nos es alijs

374.0 1119.0 576.0 46.0 regionibus adueniunt. Ad eos autem per ſe & ra¬

374.0 1149.0 579.0 55.0 sione muneris ipſius neque verbi Dei prædicatio

839.0 1180.0 114.0 49.0 pertinet:
