1000 1448
485.0 80.0 382.0 46.0 AD' I. PAVL. AD TIM.

382.0 99.0 54.0 30.0 128

378.0 110.0 584.0 56.0 ſunt Dei dona, certè eſt iniurioſa Quamobrem

379.0 148.0 582.0 53.0 ſequenda potius eſt illa, & Baſilij, & Hieronymi

379.0 182.0 579.0 51.0 ad Damaſ. De filio prodigo ſcribentis ſententia,

382.0 216.0 578.0 48.0 qui omnibus politioribus actibus & humaniori¬

381.0 248.0 581.0 50.0 bus inſtructum, ſi poteſt fieri, Epiſcopum vult

381.0 281.0 580.0 48.0 eſſe. Ac ne ſeculares quidem literas, qualis eſt

381.0 313.0 581.0 49.0 Poëtica, ignorare. Multa enim illæ artes, ad do¬

382.0 347.0 580.0 48.0 cendum veram Theologiam, adiumenta confe¬

380.0 379.0 582.0 49.0 runt imprimis autẽ Dialectica, & Phyſica, & ſunt

382.0 411.0 582.0 49.0 animi noſtri ornamenta. Implendus ſibi quiſque

382.0 444.0 580.0 49.0 bonis eſt artibus, illæ ſunt animi fruges, vt ait ille

383.0 475.0 580.0 49.0 in Ætna. Paulum ipſum ſummum fuiſſe Dialecti¬

384.0 510.0 581.0 46.0 cum, ex illius ſcriptis apparet: & Auguſtinum in

384.0 543.0 581.0 45.0 omni bonæ literaturæ genere verſatum fuiſſe: ſed

384.0 573.0 583.0 49.0 maximè in Dialecticis intelligitur, ex illius opu¬

384.0 605.0 581.0 49.0 ſculis variis, & libris contra Donatiſtas, & alios

384.0 637.0 582.0 49.0 hæreticos editis. Sed tamen in earum artium ſtu¬

385.0 671.0 582.0 48.0 dijs, vel pertractandis, vel perſequendis, modus

384.0 703.0 583.0 47.0 adhibeatur. Placet enim hîc illa Neoptolemi a¬

384.0 736.0 588.0 50.0 pud Ennium ſententia, Philoſophandum quidem

386.0 769.0 585.0 48.0 eſſe, ſed paucis: nam omnino haud placet. Nota

386.0 802.0 583.0 46.0 eſt verò hiſtoria de Hieronymo ab angelo in

387.0 833.0 581.0 50.0 ſomnis flagellato, quòd Ciceronianorum libro¬

386.0 866.0 585.0 45.0 rum lectioni nimium eſſet addictus, vt ipſe ad

389.0 897.0 582.0 51.0 Euſtoch.ſcribit de Cuſtod. virginitat. Et hîc vſur¬

389.0 930.0 582.0 50.0 pemus illud, Bibi & fugi. Bernard. ſermo.36. in

389.0 962.0 580.0 49.0 Cantica cant. Videar fortaſſe in ſugillatione ſciẽ¬

388.0 995.0 581.0 50.0 tiæ nimius, & reprehendere doctos, ac prohibe¬

389.0 1028.0 581.0 48.0 re ſtudia literarum, abſit. Non ignoro quantum

389.0 1061.0 580.0 47.0 Eccleſiæ profuerint, & proſint literati ſiue ad re¬

389.0 1093.0 585.0 46.0 fellendos eos, qui ex aduerſo ſunt: ſiue ad ſimpli¬

390.0 1126.0 583.0 46.0 ces inſtruendos. Ergo, vt rectè ex variis Patrum

390.0 1156.0 581.0 59.0 ſeriptis deffinitum eſt, & eſt diſtinct.37. degoſtẽ¬

918.0 1192.0 54.0 55.0 tur;
