1000 1448
371.0 94.0 68.0 24.0 RIE.

466.0 82.0 380.0 34.0 AD I. PAVL. AD TIM.

368.0 111.0 573.0 44.0 eos viuere vi interna à Deo data propterea ne¬

368.0 146.0 571.0 41.0 gauerit, Vti etiã totum mularum genus ſterile

366.0 180.0 573.0 39.0 eſt ipſa natura:nec tamen propterea viuere quiſ¬

365.0 217.0 573.0 35.0 quam diſſtebltur. Sed hæc diſputationis tantùm

366.0 243.0 436.0 44.0 gratia dicta ſunto atque accipiuntor.

398.0 274.0 539.0 42.0 Secundo verò loco quæritur. Cur hanc ope¬

362.0 307.0 575.0 42.0 rationem tribuat vni tantùm patri Paulus, cùm

362.0 339.0 575.0 41.0 & Filij & Spiritus ſancti ſit communis hæc actio.

365.0 373.0 571.0 41.0 Ac de Filio apparet Ioan. 5.verſ. 21. Sicut Pater

363.0 405.0 573.0 38.0 excitat mortuos & viuifieat: ita & Filiꝰ, quos vult

364.0 436.0 573.0 42.0 viuificat. De Spiritu ſancto verò item apparet

364.0 468.0 572.0 38.0 Pſalm. 104 verſ.3o. Emittis ſpiritum tuum &

361.0 502.0 576.0 39.0 creantur, & 1.Samuel.2.verſ.6.generaliter de Deo

362.0 531.0 572.0 42.0 dicitur, Deus eſt qui viuificat, & morti tradit.

360.0 563.0 574.0 45.0 Reſpond. Non aſſignari à Paulo hîc propriam &

358.0 597.0 576.0 40.0 incommunicabilem Patris operationem, niſi

360.0 629.0 574.0 42.0 quatenus ille eſt reliquarum perſonarum ratione

361.0 662.0 574.0 39.0 principium, ſed communem trium actionem de¬

360.0 695.0 576.0 40.0 ſcribi: quæ tamen in Patris perſona hîc conſide¬

359.0 728.0 572.0 36.0 ratur, quatenus Pater pro tota diuina natura ſæ¬

359.0 764.0 572.0 37.0 pe proponitur, & in eo contrahitur quicquid

358.0 792.0 572.0 43.0 trium perſonarum commune eſt. Quod fit, quia

357.0 822.0 572.0 39.0 Chriſtum nobis hîc ſubiicit Paulus, conſideran¬

358.0 858.0 570.0 41.0 dum vt hominem. Ergo in perſona Patris con¬

357.0 888.0 572.0 45.0 trahit quæ ſunt totius Deitatis propria, id eſt,

354.0 922.0 362.0 40.0 trium perſonarum communia.

386.0 952.0 542.0 44.0 Coram feſu Chriſto, qui teſtatam fecit) Cùm mul¬

353.0 984.0 574.0 44.0 ta ſint, quæ de Chriſto & alijs perſonis propriè

353.0 1018.0 573.0 43.0 incommutabiliter dici poſſint, veluti quod in¬

350.0 1051.0 575.0 41.0 carnatus eſt, paſſus, mortuus, reſurrexit, hoc po¬

350.0 1081.0 577.0 45.0 tiſſimum delegit Paulus, quod ad præſentis loci

349.0 1114.0 575.0 42.0 & argumenti circunſtantiam maximè facere vi¬

347.0 1146.0 576.0 53.0 debatur, & ad ſuperiorem de teſtimonio fidei

765.0 1180.0 151.0 57.0 perhibendo
