1000 1448
239.0 104.0 196.0 25.0 CARVI III.

595.0 79.0 25.0 48.0 153

51.0 120.0 577.0 48.0 interim ſecularibus negotiis perpetuò eos diſti¬

51.0 158.0 579.0 47.0 neri, diſtrahi, & occupari. Et hæc mea eſt ſenten¬

53.0 193.0 53.0 43.0 tia.

98.0 242.0 11.0 36.0 7

133.0 231.0 496.0 45.0 Oportet autem eum etiam bonum ha¬

53.0 277.0 579.0 42.0 pere testimonium ab extraneis: ne in probrũ

51.0 310.0 379.0 42.0 incidat & laqueum Diaboli.

89.0 351.0 544.0 45.0 Tertium eſt quod requirit Paulus, ſed aliorum

52.0 388.0 581.0 42.0 ratione, nimirum ipſorum Extraneorum, id eſt,

50.0 419.0 582.0 41.0 infidelium. Vult igitur futuros Epiſcopos tam

52.0 452.0 581.0 41.0 eſſe probatæ vitæ, vt etiam à fide Chriſtiana ex¬

50.0 485.0 583.0 40.0 tranei homines nihil habeant, quod in ipſorum

53.0 515.0 584.0 42.0 vita reprehendant. Hoc idem ab omnibus Chri¬

51.0 547.0 582.0 42.0 ſtianis requirit Chriſtus Matth.5. & Paulus Colo.

52.0 584.0 579.0 38.0 4. verſ.5. quia vita noſtra debet eſſe lux mundi:

51.0 612.0 581.0 42.0 multò igitur magis hæc lux in paſtore deſidera¬

51.0 645.0 579.0 41.0 tur. Nec obſtat quod idem Paulus ait 2. Corinth.

51.0 677.0 581.0 38.0 6.verſ.8. per gloriam & ignominiam nobis eſſe

50.0 710.0 579.0 39.0 incedendum: item qui ſunt foris, nihil ad nos 1.

53.0 744.0 579.0 39.0 Corinth.5.verſ. 12. Hoc enim verum eſt quod ad

52.0 775.0 579.0 39.0 doctrinam ipſam. Nam doctrinam noſtram nun¬

52.0 807.0 585.0 43.0 quam probabunt infideles: quare in ea ab illorũ

51.0 842.0 579.0 37.0 iudicijs vllo modo non eſt dependendum, non

51.0 875.0 579.0 39.0 magis, quàm à cæcis: ſed in vita & moribus ſecus

50.0 906.0 580.0 38.0 eſt. Nam debet eſſe vita illa noſtra tam ſancta, vt

49.0 938.0 580.0 41.0 etiam ignorantes, & infirmos Chriſto lucrifa¬

48.0 970.0 579.0 39.0 ciamus. Confitmat ſuam ſententiam Paulus à

48.0 1003.0 577.0 40.0 conſequenti. Qui enim vitiis ſecurè indulgent,

47.0 1034.0 586.0 43.0 ſunt Probroſi, & In Diaboli laqueũ incidũt, quia

48.0 1069.0 581.0 40.0 nullo pudore poſtea retinentur, cùm ſe vident e¬

49.0 1104.0 579.0 37.0 tiam poſt ſceleratam & turpem vitam ad tantam

46.0 1133.0 580.0 41.0 dignitatem tamen admitti, promoueri, & poſci.

50.0 1165.0 575.0 54.0 Vnde fræna & habenas impunè laxant omnibus
