1000 1448
609.0 82.0 45.0 52.0 241

249.0 106.0 177.0 23.0 CABVT V.

81.0 122.0 571.0 48.0 nus.Ac quidem examẽ, quod in paſtore requiri¬

82.0 160.0 573.0 44.0 tur, eſt fere triplex:fieri enim debet de Doctrina

82.0 190.0 571.0 45.0 ipſius Vita & moribus, & Aptitudine ad docen¬

81.0 233.0 571.0 37.0 dum gregem & populum Dei. Id quod ſatis ex

84.0 257.0 430.0 43.0 Tit. 1.& eadem epiſtola c.3. apparet.

106.0 291.0 546.0 42.0 Et quia luculentus eſt hic locus, continétque

78.0 321.0 574.0 45.0 maximum totius Politiæ eccleſiaſticæ caput &

78.0 356.0 573.0 41.0 pulcherrimum (quod eſt de electione & vocatio

76.0 386.0 575.0 42.0 ne dignitatum eccleſiaſticarum) de eo nobis bre

75.0 417.0 579.0 42.0 uiter aliquid arbitramur eſſe dicendum. Habebit

74.0 460.0 576.0 36.0 aute lic iocus 4 capita ichicer l'Ouid ſit electi

75.0 484.0 576.0 44.0 2 Qui eligant 3 Quando 4 Quomodo fieri de¬

74.0 518.0 576.0 41.0 beat electio. In primis autem hoc pro certiſſimo

72.0 548.0 467.0 39.0 fundamento conſtituatur, nempe quòd

102.0 580.0 547.0 44.0 Electio vocationem ordinariam præcedere

72.0 612.0 575.0 41.0 debet, quẽadmodum vocatio ipſa anteit mune¬

70.0 642.0 575.0 47.0 ris ipſius ſuſceptionem & functionem, ſi modò

70.0 678.0 576.0 43.0 bona conſcientia volumus munus aliquod in ec¬

69.0 709.0 577.0 45.0 cleſia Dei gerere ac adminiſtrare. Vocationem

69.0 744.0 577.0 45.0 autem, de qua nunc agimus, κλησίαν aut χειροτονίαν

69.0 783.0 572.0 37.0 potius quàm ὀκλογην appellandam eſſe dicimus,

69.0 808.0 577.0 45.0 quòd ὀκλογὴ ad cauſas ſalutis noſtræ pertineat, vti

66.0 841.0 576.0 44.0 docet Paul. Rom.11.verſ.5.quæ diſputatio eſt re¬

67.0 884.0 576.0 31.0 iliota ab noc argumento. Eit enim vocatio hæc

65.0 905.0 577.0 44.0 ſepoſitio deſignatióque tantùm alicuius perſonæ

66.0 940.0 525.0 42.0 ad munus aliquod eccleſiaſticum gerendum.

97.0 969.0 544.0 45.0 Ac primùm neminem ſine vocatione legiti¬

65.0 1003.0 577.0 42.0 main eccleſia Dei rectè ſanáque conſcientia mu¬

65.0 1035.0 574.0 47.0 nus vllum abtinere poſſe docet tum autoritas ſa¬

65.0 1069.0 367.0 41.0 cræ ſcripturæ: tum etiam ratio.

97.0 1100.0 540.0 43.0 Ac ſcriptura quidem Hier.23. verſ.21. curre¬

65.0 1133.0 572.0 43.0 bant, & ego non mittebam eos. Heb.5.verſ.5. Ne

62.0 1165.0 561.0 52.0 mo ſibi ſumit honorem, ſed qui vocatur à Deo.

493.0 1201.0 59.0 52.0 y.iij.
