1000 1448
377.0 112.0 75.0 29.0 266

480.0 95.0 378.0 44.0 AD I. PAVL. AD TIM.

371.0 127.0 575.0 54.0 lus quãquam de alimẽtis maximè agit hoc loco.

374.0 166.0 571.0 47.0 Neque enim qui corporis & vitæ huius caducæ

373.0 197.0 572.0 47.0 curam haber, is animum, qui longe potior homi¬

371.0 230.0 575.0 49.0 nis pars eſt, debebit negligere: ſic interpretatur

373.0 263.0 573.0 41.0 Chryſoſto: & confirmatur Deuter.11.verſ.19. E¬

373.0 294.0 574.0 48.0 pheſ.6.verſ.ꝗ in verbis ἐν παιδεία καὶ νυθεαία κυρία. j

419.0 327.0 529.0 43.0 Suorum & Domeſticorum) omnes intelligit

374.0 358.0 575.0 47.0 Paulus, qui ad nos ſiue iure ſanguinis, ſiue iure fa

375.0 392.0 575.0 46.0 miliæ & ſubiectionis pertinẽt. Eſt enim omnium

374.0 424.0 577.0 44.0 illorum a nobis cura habenda. Quãquã enim om

374.0 456.0 579.0 46.0 nes non ſunt pari gradu cõiũcti nobis, etiam qui

374.0 490.0 579.0 46.0 ſanguinis neceſſitudine ſunt deuincti, nulli tamen

375.0 522.0 578.0 45.0 ſunt a nobis ſpernendi & deſerendi. Quanquam

374.0 554.0 578.0 44.0 etiam ſæpe in alienas familias tranſiiſſe videntur

376.0 585.0 578.0 47.0 noſtri liberi, vel per adoptionem ciuilem: vel per

376.0 617.0 579.0 49.0 coniugia: propterea tamen ius illud & vinculum

377.0 649.0 578.0 48.0 langoins non eſt abolitum, neque abruptum, vt

377.0 682.0 580.0 48.0 eos negligere debeamus. Iura enim ſanguinis nul¬

378.0 712.0 582.0 53.0 lo modo tolli poſſunt. Vnde perpetuò ad noſtrũ

379.0 748.0 579.0 49.0 erga conſanguineos & cognatos officium præ¬

380.0 780.0 579.0 46.0 ſtandũ, ac curam de iis habendam iure naturæ, di

381.0 816.0 449.0 43.0 uinóque præcepto manemus obligati.

415.0 844.0 547.0 48.0 Hos autem gradus ſtatuit hoc loco Paulus, vt

383.0 877.0 579.0 47.0 Domeſticos primũ nobis cõmendet, & præferat

383.0 909.0 582.0 47.0 iis, quos ἰδυς appellauit. Ratio eſt, quòd hi dome¬

383.0 942.0 581.0 46.0 ſtienquos itenigit Paulus & ſanguis ſunt noſter:

386.0 974.0 580.0 46.0 atque etiam noſtrę familiæ pars, quæ nobis pręci

386.0 1005.0 581.0 48.0 puè commendatur: & cui à Deo pręficimur ſpe¬

386.0 1041.0 581.0 42.0 cialiori atque arctiori quodam vinculo. Nõ vult

387.0 1070.0 579.0 48.0 autem ſeruos à nobis propinquis & cognatis præ

386.0 1101.0 582.0 48.0 ferri, etſi ſerui ſunt domeſticorũ numero fidẽ ab¬

387.0 1132.0 584.0 52.0 negat qui ſecus facitait Paulus: duplicẽ notã huiuſ

391.0 1165.0 581.0 54.0 modi hominibus inurit & Infidelitatis ferinæ vel

872.0 1199.0 102.0 43.0 beluinæ
