1000 1448
493.0 96.0 380.0 43.0 AD I. PAVL. AD TIM.

380.0 114.0 60.0 32.0 148

410.0 124.0 548.0 52.0 Itaque decreuerunt vt Diaconi quidem ante

379.0 167.0 582.0 47.0 viceſimum quilitun æ tatis amum nulli eligerẽ¬

384.0 210.0 55.0 33.0 tur.

411.0 223.0 550.0 55.0 Preſbyteri verò & Epiſcopi nulli ante triceſi¬

381.0 259.0 579.0 52.0 mum ætatis annum, quæ eſt iuſta hominis ætas,

381.0 290.0 581.0 51.0 crearentur cano. Placuit diſtinct. 77. & tota diſt.

385.0 324.0 577.0 52.0 78. Quod ex Numerorum cap. 4. & 8. ſumptum

382.0 356.0 580.0 50.0 aut imitatum videri poteſt. Et certè æquum eſt

382.0 390.0 580.0 50.0 iuſtam aliquam ætatem, & certam definiri, aut

382.0 419.0 581.0 54.0 ſpectari in Eccleſiaſticis perſonis eligendis, ad

384.0 455.0 578.0 48.0 quam tamen dona Dei minimè ſunt reſtringen¬

384.0 485.0 577.0 53.0 da. Nam & Timotheus quãuis ipſe admodũ ado¬

386.0 516.0 577.0 52.0 Ieſcens eſſet, tamen iam erat Euangeliſta: & Do¬

384.0 555.0 581.0 47.0 minus, cur vuit, & quando ruit udna ſua largitur:

385.0 582.0 578.0 52.0 vt potius hoc totum ex dotibus ingenii, & Dei

384.0 615.0 578.0 51.0 donis erga ſingulos ſit æſtimandum & diiudican¬

383.0 647.0 580.0 52.0 dum, quinam ſint idonei & eligendi, quàm ex cer¬

385.0 682.0 473.0 49.0 to annorum numero à nobis conſtituto.

423.0 710.0 542.0 54.0 Tertio loco quæſitum eſt, vtrum Epiſcopum

386.0 748.0 578.0 48.0 futurum oporteat, ſecularium, quæ vocant, ne¬

388.0 777.0 579.0 52.0 gotiorum peritum eſſe, eáque tractare & admini¬

386.0 810.0 581.0 49.0 niſtrare poſſer in quo videtur fuiſſe diuerſa tum

387.0 844.0 579.0 47.0 Patrum, tum Eccleſiæ veteris diſciplina, & con¬

386.0 872.0 581.0 53.0 ſuetudo. Ac primùm in hac quæſtione, diſciplina

388.0 905.0 577.0 52.0 Eccleſiaſtica à negotijs ſecularibus diſtingui de¬

389.0 939.0 577.0 48.0 bett Dheiplinæ. n. Eccleſiaſticæ imperitus & i¬

390.0 971.0 578.0 52.0 gnarus nõ debet eſſe Epiſcopus, ne magna in Dei

389.0 1003.0 578.0 50.0 Eccleſiam perturbatio confuſióque ab eo indu¬

388.0 1033.0 579.0 53.0 catur. Rudes enim diſciplinæ & ordinis Eccleſia¬

387.0 1069.0 580.0 49.0 ſtici homines ſæpe turpiſſimè grauiſſiméque pec¬

388.0 1102.0 579.0 49.0 cant. At que huiuſmodi diſciplinæ ignorantes ho¬

388.0 1135.0 578.0 47.0 mines etiam electos, repudiatos tamen eſſe ap¬

390.0 1165.0 528.0 60.0 paret ex diſtin.59. cano. Qui Eccleſiaſticis.

860.0 1200.0 109.0 46.0 Negotia
