1000 1448
577.0 84.0 45.0 43.0 429

215.0 100.0 198.0 18.0 CAPVI. VI.

49.0 115.0 578.0 47.0 vtiliter inſtitutas, quales Philoſophorum pleræ¬

49.0 152.0 580.0 43.0 que fuere: ſed ωρα διατριβὰς potius eſſe. i. peſti¬

46.0 185.0 579.0 42.0 feras, peruerſas, inutiles & dãnabiles λογομαχίας,

49.0 218.0 576.0 41.0 quia in ijs verbum Dei peſsimè peruertũt. Chry¬

47.0 250.0 578.0 43.0 ſoſtom. & Theophylact. aliter interpretantur,

49.0 282.0 577.0 39.0 confricationes nempe, quòd illi ſeſe, tanquam

48.0 315.0 580.0 41.0 morbidæ oues, confricantes corrumpunt. Et

48.0 346.0 579.0 44.0 certè quicunque ancea ſani in Sorboniſtarum

48.0 382.0 579.0 37.0 collegium cooptantur, tanquam in reprobũ ſen¬

49.0 412.0 577.0 44.0 ſum traduntur, & peſs imi Chriſti ipſius hoſtes

49.0 449.0 210.0 35.0 tandem euadunt.

85.0 475.0 540.0 43.0 Quod autem pertinet ad cauſas peruerſæ i¬

47.0 510.0 581.0 37.0 ſtius doctrinæ, illæ ex doctorum moribus turpiſ¬

43.0 540.0 584.0 42.0 ſimis facilè intelliguntur, & à Paulo breuiter hîc

46.0 573.0 579.0 39.0 deſcribuntur, vti & 2.Timoth.3. & Coloſſen.2. &

52.0 604.0 572.0 43.0 Tit. I. Sunt enim ferè hæ, nempe, Superbia, Men¬

48.0 638.0 573.0 42.0 tis iudiciíque corruptio, Mendacium, & ignorã¬

48.0 670.0 576.0 41.0 tia, ſiue Profana & impia auaritia. Sunt enim i¬

47.0 715.0 577.0 29.0 itius pertis doctores iati nuc luperoi: mente

47.0 736.0 578.0 42.0 corrupti, priuati veritate, & ignariſsimi, auariſsi¬

47.0 769.0 578.0 36.0 mi, pietatem in quæſtum turpiſsimum conuer¬

46.0 801.0 580.0 43.0 tentes. Quid aptius dici potuerit, quod totam

46.0 835.0 579.0 39.0 Sorbonicam Scholaſticorúmq; mores referret,

47.0 867.0 577.0 40.0 non video, modò nos eorum mores obſeruemus?

73.0 897.0 551.0 44.0 Secede ab ijs) Tertium jeſt caput ſuperioris àr¬

49.0 932.0 575.0 40.0 ηθέσεως: in quo, qua pœna ſint ſuperiores & dam¬

47.0 964.0 578.0 40.0 nati illi doctores coercendi explicat vno verbo

46.0 993.0 579.0 42.0 Paulus. Etſi verò in quibuſdam codicibus Latinis

49.0 1028.0 576.0 41.0 vetuſtioribus hæc verba nõ reperiuntur: tamẽ in

46.0 1060.0 579.0 40.0 alijs extant: & apud Ambroſium leguntur: apud

48.0 1091.0 577.0 41.0 Chryſoſtomum & Chryſoſtomi abbreuiatorem

52.0 1125.0 573.0 42.0 Theophylactum, præterquàm quòd in omnibus

47.0 1160.0 576.0 44.0 exemplaribus Græcis magno conſenſu reperiũ¬
