1000 1448
585.0 69.0 49.0 46.0 497

238.0 87.0 188.0 22.0 CAEVT VI

65.0 102.0 573.0 44.0 credãtur & ita Deo opũ ipſarũ creatori vitium

65.0 138.0 572.0 41.0 impiè aſcribatur, ſed vt noſtræ corruptionis &

64.0 181.0 574.0 31.0 reuemonis næ reuitarie en iſdamo vis & ma¬

65.0 204.0 432.0 41.0 gnitudo intelligatur, damnetúrque.

93.0 235.0 545.0 42.0 Superbiam igitur ex animi ſuperbi cogitatio¬

62.0 267.0 579.0 41.0 ne deſcribit Paulus dum eam ὐαηλοφρονίαν eſſe

64.0 298.0 577.0 43.0 declarat idem Paulus Rom.12.verſ.16. Rectè igi¬

62.0 333.0 580.0 40.0 tur quidam dixit, Vt vter, inflati ſunt ſuperbi. Si

63.0 370.0 578.0 36.0 attendis eos, falleris: ſi appendis, vanos & vacuos

65.0 397.0 576.0 42.0 reperies, elatos tamen ſemper, & magnificè de ſe

65.0 430.0 268.0 40.0 ſentientes comperies.

96.0 459.0 544.0 43.0 Alterum vitium eſt vana ſpes, cuius cauſa eſt,

65.0 493.0 575.0 42.0 quia diuitiæ ſunt incertæ, imò fallaces, & decep¬

64.0 526.0 577.0 38.0 trices, vt ait Chriſtus, Matth.13.verſ.22. Mar.4.v.

65.0 559.0 575.0 38.0 19. Neque enim cùm haberi creduntur, tenentur

64.0 591.0 578.0 35.0 ſed ſtatim effluunt. Neque cùm tenentur ſtabiles

64.0 629.0 577.0 34.0 Iunt, vt eripr nobis ab alijs non pofſint, aut apud

64.0 656.0 577.0 40.0 nos ipſæ per ſe perire, & conſumi nequeant Luc

66.0 688.0 575.0 40.0 12. De quo argumento infiniti ſunt tum in Pro¬

67.0 723.0 574.0 34.0 uerbiorum lib. 11.verſ.28.13.verſ.8. tum etiam in

65.0 752.0 544.0 37.0 Eccleſiaſte loci, qui ſunt cum hoc conferendi.

94.0 785.0 544.0 41.0 Nec obſtat huic loco Prouerbiorum cap. 14.

66.0 823.0 576.0 34.0 verneie voriten diuitia dicuntur eſſe diuitum

64.0 850.0 577.0 40.0 corona. & Eccleſiaſtic.7.verſ.12. In vmbra argen¬

64.0 881.0 577.0 43.0 ti requieſcet homo. Reſpond. Additum eſt Sa¬

66.0 914.0 575.0 41.0 pientum, id eſt, horum eſſe coronam qui rectè

65.0 947.0 577.0 41.0 diuitijs vtuntur. Non ſunt autem ſtultorum di¬

66.0 979.0 579.0 41.0 uitiæ ijs ipſis corona, quia vt eſt Eccleſ. 4.verſ.13.

69.0 1010.0 531.0 47.0 præſtat pauper ſapiens rege & diuite ſtulto.

98.0 1044.0 548.0 41.0 Cæterum his vitijs contrarias virtutes iam vi¬

70.0 1073.0 576.0 45.0 deamus, quas diuitibus conſectandas eſſe docet

71.0 1106.0 576.0 44.0 Paulus. Sunt autem hæ tres. I Spes ſiue fiducia

70.0 1139.0 579.0 49.0 in Deo viuo. 2 Benignitas. 3 Facilitas ſiue

493.0 1169.0 41.0 63.0 Li¬
