1000 1448
246.0 112.0 120.0 28.0 CAPVT

392.0 112.0 25.0 31.0 Y.

590.0 94.0 42.0 54.0 29

55.0 127.0 581.0 58.0 fidei, cuius ſpes eſt effectus. Itaque perinde eſt,

55.0 167.0 579.0 49.0 atq; ſi diceret Paulus eam eſſe viduam, quæ verã

53.0 197.0 579.0 53.0 fidem habet. Appoſitè tamen ſpei potius (quæ

53.0 230.0 583.0 52.0 aduerſus res duras & afflictas pugnar) quàm fidei

52.0 264.0 579.0 52.0 nunc meminit, quia de afflictis perſonis agit, quas

52.0 296.0 582.0 51.0 ſpes corroborat, vt intelligamus qualem ſe præ¬

49.0 330.0 580.0 44.0 ſtare Chriſtianam viduam oporteat in rebas ac¬

50.0 360.0 579.0 50.0 ciſis, & cùm ſe omnino deſtitutam videt. Nimi¬

49.0 393.0 580.0 49.0 rum igitur in Deum ſperare debet, non autem

49.0 431.0 578.0 43.0 animi diliiuentia detperare, aut propter huiuſ¬

49.0 461.0 575.0 45.0 modi res aduerſas veram religionem abiurare,

47.0 491.0 578.0 48.0 aut inſtar infidelium mulierum in Deum ipſum

45.0 522.0 415.0 45.0 impiè murmurare, & blaſphemare

69.0 555.0 555.0 50.0 Permaneat in ſupplicationibus,) Hoc iam propriũ

44.0 588.0 577.0 48.0 eſt Chriſtianarum viduarum munus, & earum

43.0 618.0 579.0 51.0 quæ ſunt maximè ab Eccleſia ſubleuandæ, vt ipſis

41.0 651.0 579.0 50.0 externis actionibus & operibus ſe totas Deo eſſe

41.0 685.0 577.0 47.0 deditas atque conſecratas oſtendant. Itaque συ¬

39.0 714.0 578.0 54.0 νεκδοχικῶς Paulus à parte & ſpecie totum genus

41.0 749.0 575.0 51.0 piarum externarúmque actionum expreſſit. Si¬

37.0 783.0 579.0 47.0 mile quiddam de Anna Phanuelis filia & pro¬

37.0 814.0 577.0 47.0 phetiſſa narrat Lucas 2.verſ.37. & 1. Samuel.2.v.

37.0 846.0 578.0 50.0 22 facta eſt eius conſuetudinis mentio. Ergo aſſi¬

34.0 877.0 580.0 50.0 duitas iſta precandi demonſtrat huiuſmodi vi¬

34.0 910.0 579.0 50.0 duam eſſe debere, quæ, omnibus alijs rebus poſt¬

34.0 943.0 580.0 50.0 poſitis ſoli Deo, ipſiûſque negotiis & Eccleſiæ

33.0 975.0 581.0 50.0 inſeruiat & vacet. Denique ea curet, quæ ſunt

32.0 1007.0 579.0 50.0 Domini, non autem mundi huius, vt loquitur i¬

32.0 1039.0 580.0 51.0 dem Paulus 1.Corinth. 7. verſ.32. Nam quæ nu¬

30.0 1071.0 581.0 51.0 pta eſt mulier, varia ſollicitudine, variíſque curis

30.0 1105.0 579.0 49.0 & cogitationibus ſæpe propter familiam diſtra¬

25.0 1135.0 583.0 49.0 hitur, ne tam liberè támque aſſiduè, & frequen¬

26.0 1172.0 581.0 57.0 ter precibus publicis intereſſe, & de Deo ipſo

436.0 1212.0 48.0 55.0 rij.
