1000 1448
360.0 94.0 66.0 24.0 310.

465.0 80.0 377.0 35.0 AD I. PAVL. AD TIM.

356.0 109.0 571.0 43.0 propterea quod ſi qua in re iuſtos limites præ¬

353.0 148.0 574.0 39.0 tergrediuntur homines, in vna hac cumulandarũ

353.0 178.0 573.0 41.0 diuitiarum cura nullam moderationem ſeruant.

352.0 207.0 574.0 45.0 Hæc autem eſt admonitionis ſumma, vt quia hęc

353.0 242.0 573.0 43.0 terrena & externa bona neque naſcentes inſeri¬

351.0 273.0 574.0 44.0 mus: neque efferimus aſportamúſque nobiſcum

350.0 304.0 574.0 45.0 morientes: ſed habemus tantùm in hoc mundo

349.0 336.0 574.0 46.0 ad victus veſtitúſque ſubſidium, ipſo eorum vſu

349.0 376.0 574.0 38.0 contenti ſimus, neque plus in ijs quærendis fati¬

350.0 402.0 572.0 46.0 gemur, quàm victus veſtitúſque noſtri modera¬

350.0 435.0 333.0 42.0 ta ratio poſtulat & requirit.

383.0 465.0 538.0 48.0 Vtitur autem Paulus argumento duplici:quo¬

345.0 500.0 575.0 43.0 rum alterum ducitur ab abſurdo, alterum à Fine

342.0 534.0 577.0 43.0 iſtorum bonorum. Ab abſurdo. Quòd abſurdũ

343.0 563.0 575.0 46.0 eſt in ijs comparandis fatigari, quæ neque reten¬

342.0 597.0 576.0 44.0 turi, neque nobiſcum exportaturi ſumus, cùm ex

341.0 626.0 376.0 44.0 hoc mundo & vita decedemus.

372.0 662.0 557.0 44.0 A fine, quòd omninum bonorum, quæ terre¬

338.0 692.0 577.0 47.0 na ſunt, largiendorum vna hæc cauſa fuit, vt vi¬

340.0 725.0 573.0 45.0 ctus veſtituſque nobis ex ijs ſuppeditaretur atq;

339.0 757.0 570.0 43.0 paratus eſſet. Itaque præter victum & veſtitum,

337.0 788.0 575.0 50.0 id eſt, ipſum vſum, habere & aufferre ex ijs nihil

338.0 820.0 131.0 41.0 poſſumus.

368.0 850.0 543.0 49.0 Primum autem ſuum argumentum confirmat

334.0 886.0 575.0 46.0 Paulus à comparatis, Sic morimur, quemadmo¬

333.0 918.0 574.0 43.0 dum naſcimur. At bona terrena in hunc mundũ

333.0 950.0 572.0 45.0 non inferimusnaſcentes: ergo nec efferimus mo¬

330.0 981.0 575.0 47.0 riẽtes. Similis n.eſt ratio & conditio naſcendi at¬

331.0 1015.0 573.0 43.0 que moriendi. Nudi naſcimur & ex vtero prodi¬

328.0 1045.0 577.0 45.0 mus: ita nudi illíſque bonis omnibus terrenis va¬

326.0 1078.0 577.0 46.0 cui morimur, & in communis matris, id eſt, terræ

325.0 1110.0 576.0 46.0 aluum & gremium redimus & cõdimur. Similis

322.0 1143.0 578.0 58.0 locus Iob.1.va1.Eccleſ. cap.5.v.15. vbi vis huius ar

781.0 1183.0 116.0 58.0 gumenti
