1000 1448
596.0 88.0 50.0 44.0 373

240.0 102.0 174.0 24.0 CABVI V.

72.0 120.0 576.0 44.0 pè non poteſt. Adeò, vt ei, qui verè temperanter,

69.0 156.0 578.0 40.0 & ſobrie viuere velit, carniſque obſcœnos motus

70.0 187.0 577.0 43.0 comprimere, omnino ſit neceſſe multis rebus ad

71.0 220.0 575.0 39.0 tempus, vel in perpetuum abſtinere, quæ tamen

70.0 250.0 576.0 43.0 licent: ſed earum vſu carebit ipſe ſponte, non

73.0 284.0 573.0 39.0 quidem propter conſcientiam, quaſi vetita ſint

72.0 317.0 572.0 40.0 edi, ſed quòd hoc fræno carnis libido & rebellio

70.0 349.0 576.0 38.0 domatur, & rationi ſubiicitur. Partiar autem totã

71.0 383.0 575.0 36.0 hanc diſputationem in tria capita, nempe vt agã

70.0 413.0 576.0 39.0 de fine huius abſtinentię, De Cibis: & Dé Modo

69.0 444.0 76.0 40.0 illius.

99.0 476.0 548.0 43.0 Finis autem, propter quem quis iis cibis & re

69.0 514.0 578.0 36.0 bus abſtinet, varius eſſe poteſt, vnus tamen, íſ¬

71.0 543.0 576.0 40.0 que ſolus probandus eſt, quem ſecutus eſt Ti¬

72.0 578.0 574.0 39.0 motheus, vt ex hoc loco apparet, nempe vt Deo

73.0 606.0 260.0 39.0 liberiùs inſeruiamus.

102.0 636.0 543.0 40.0 Ac primùm quidem Ethnici ipſi & gentiles

73.0 672.0 576.0 40.0 quibuſdam cibis abſtinuerunt propter ſuper¬

69.0 704.0 578.0 40.0 ſtitioſas opiniones, & planè in Deum blaſphe¬

69.0 739.0 577.0 41.0 mas. Ægyptij porris, caulibus, cepis & aliis oleri¬

70.0 771.0 578.0 37.0 bus id genus ſeuerè abſtinuerunt, quemadmodũ

69.0 801.0 577.0 43.0 M. Tullius, Diodorus Siculus, Iuuenalis, aliíque

68.0 836.0 575.0 41.0 plures authores tradiderũt. Pythagorici philoſo

69.0 867.0 574.0 42.0 phi carnibus abſtinuerunt. Philiſtinis, qui & Palę

69.0 905.0 577.0 33.0 ſtini, piſcium genus nullû edere concedebatur, &

69.0 933.0 577.0 40.0 quidem hi omnes, quòd eos cibos quibus abſti¬

69.0 964.0 577.0 40.0 nebant, Deos eſſe crederent, aut ita diis conſecra

70.0 999.0 576.0 38.0 tos at que ſanctos, vt in hominum mortalium vſu

69.0 1028.0 574.0 37.0 & commercio eſſe minimè deberent. Hic finis

71.0 1060.0 571.0 42.0 prorſus & blaſphemus eſt in Deum, qui è creatu

72.0 1094.0 569.0 39.0 ris creatorem facit: & proculdubio damnandus.

111.0 1124.0 535.0 40.0 Deinde Hæretici ſucceſſerũt, qui quibuſdam

71.0 1157.0 574.0 49.0 cibis abſtinent, ſed non ea ratione, propter quã

471.0 1196.0 69.0 42.0 A.iij.
