1000 1448
370.0 93.0 59.0 24.0 490

483.0 77.0 371.0 31.0 AD I. PAVL. AD TIM.

366.0 106.0 574.0 46.0 σράγ ſελλε vſum eſſe Paulũ putant, non autẽ voce

364.0 140.0 574.0 46.0 λέγε, vel διδασκο, quòd diuitum ingenium ſubii¬

363.0 175.0 576.0 43.0 ciendum ſit, & contundendum, cùm nimiùm per

364.0 205.0 575.0 40.0 ſe ſemper inſoleſcat. Certum autem eſt hoc vo¬

364.0 238.0 575.0 43.0 cabulo ſeriam admonitionem à Paulo ſignificari

366.0 271.0 572.0 47.0 quæ diuitibus à paſtore, & crebrò quidem, ſubii¬

366.0 329.0 259.0 20.0 erdeotc at medicauis

398.0 336.0 540.0 44.0 Iam verò quid illis præcipiat videndum eſt.

366.0 370.0 464.0 45.0 In quo hæc duo ſunt nobis obſeruanda.

369.0 403.0 571.0 43.0 1 Quædam enim à diuitibus euitari præcipit,

366.0 441.0 571.0 41.0 vernoafas comices, de diuſtiarun infœliciſſimas

365.0 472.0 150.0 38.0 appendices.

386.0 494.0 553.0 52.0 2 Quædam verò ab iiſdem diuitibus ſtudioſe

363.0 532.0 278.0 44.0 præſtari & ſuſcipi vult.

397.0 560.0 541.0 49.0 Ergo duo maximè vult effagi à diuitibus, ſu¬

363.0 597.0 576.0 44.0 perbiam animi nimirum, & ſpem vanam, quæ

362.0 629.0 579.0 42.0 ex opum abundantia ab illis concipitur. Vtrun¬

362.0 661.0 579.0 43.0 que ſanè vitium non modò diuitibus familiare

362.0 693.0 577.0 44.0 eſt: ſed cõnatum & penè à diuitijs inſeparabile,

362.0 727.0 580.0 42.0 cumiiſque coaleſcens & ab incunabulis creſcẽs,

364.0 761.0 574.0 43.0 vt qui diuitias accipiat, ſimul quoque eadémq;

363.0 794.0 578.0 40.0 manu hæc vitia quodammodo acceptare videa¬

362.0 826.0 580.0 38.0 tur. Quorum vitiorum vana ſpes eſt animi ſuper¬

363.0 857.0 579.0 42.0 biæ fons & mater: Ex illa enim hæc producitur,

362.0 889.0 577.0 42.0 tanquam fœtus infœliciſsimus. Id quod exem¬

364.0 924.0 577.0 42.0 plo Ezechiæ regis, quanquam aliâs pij, compro¬

363.0 955.0 579.0 42.0 batur, qui nimia ſua fœlicitate intumeſcens ſeſe

362.0 986.0 580.0 42.0 nimium extulit. Iſai.39. Neque id tamen ipſarum

362.0 1019.0 581.0 43.0 opum, aut rerum, in quibus illæ diuitiæ conſiſtũt,

365.0 1051.0 578.0 44.0 vitio, aut culpa accidit: ſed noſtra vitioſitate dũ¬

363.0 1086.0 578.0 42.0 taxat, & humani ingenij vanitate, quæ per pec¬

365.0 1117.0 405.0 43.0 catum nobis infuſa eſt nimirum.

404.0 1145.0 541.0 59.0 Ne hæc vitia rebus ipſis à Deo eſſe iniecta

820.0 1183.0 125.0 43.0 credantur
