1000 1448
225.0 102.0 176.0 25.0 CAPVT V.

567.0 79.0 51.0 53.0 285

68.0 120.0 550.0 51.0 Altera ſuperioris amplificationis pars, in qua

33.0 157.0 584.0 40.0 iuniorum viduarum in munere Diaconatus per¬

33.0 187.0 584.0 46.0 manẽtium offendicula & mala deſcribũtur. Tria

34.0 221.0 583.0 42.0 verò enumerat Paulus, non quòd ſola hæc obſer¬

33.0 254.0 583.0 39.0 uari poſsint: ſed quòd maximè ſoleant. Deinde

36.0 287.0 581.0 43.0 quòd ex his paucis, quæ ſint reliqua incommoda,

36.0 320.0 578.0 39.0 quæ ex eodem fonte naſcuntur, id eſt, ex huiuſ¬

32.0 349.0 583.0 44.0 modi iuniorum mulierum electione, facilè iam

33.0 382.0 582.0 44.0 per ſe poteſt quilibet intelligere. Ergo eas, etiam

32.0 415.0 584.0 42.0 dum hoc munus adminiſtrant, docet eſſe, Otio¬

31.0 448.0 586.0 44.0 ſas (cui vitio diſcurſationem adiungit) & Nuga¬

31.0 481.0 585.0 41.0 ces, & Garrulas. Garrulitatis autem vitium bre¬

29.0 514.0 586.0 42.0 uiter definit Paulus dum ait, çaſdem loqui quæ non

28.0 560.0 586.0 26.0 ubuon: porto nœd viela luuo parſunt magna inter

31.0 576.0 582.0 44.0 Chriſtianos offendicula, quòd ſint contra diuinæ

28.0 610.0 586.0 44.0 legis præceptum 9. quod eſt, Non falſum teſtimo¬

28.0 644.0 586.0 47.0 nium aduerſus proximum tuum dices, quódque

28.0 675.0 371.0 40.0 ex his infinita mala naſcuntur.

58.0 705.0 555.0 44.0 Sunt otioſæ) At obſtat, quòd eas ipſas poſtea

28.0 741.0 583.0 43.0 vocat σεμ́ργύς, id eſt, pluſquam oportet, occupatas

28.0 773.0 585.0 43.0 & curioſas. Reſpond. Hæc duo vitia inter ſe re¬

28.0 804.0 581.0 47.0 ctè conuenire. Nam nihil agentes illæ rerum, quę

28.0 837.0 582.0 45.0 ad ſe pertinent, ſunt in alienis perſcrutandis cu¬

28.0 870.0 581.0 44.0 rioſæ. Itaque ἀργαι appellantur, quòd nihil ſuum

26.0 914.0 580.0 33.0 agunt. Iεριίρyοι verò quòd aliena negotia plus

27.0 937.0 581.0 44.0 quàm ſua curant, atque etiam plus quàm opor¬

27.0 968.0 581.0 43.0 tet, quemadmodum ait ille. Excuſſis proprijs a¬

25.0 999.0 585.0 44.0 liena negotia curo. Imò verò etſi ſæpe habent

24.0 1036.0 585.0 41.0 domi, quæ agant: magno & turpi animi veterno

24.0 1066.0 584.0 48.0 illa negligunt, vt nimirum de rebus alienis co

26.0 1100.0 243.0 40.0 gitent, & diſputent.

56.0 1131.0 550.0 41.0 Circumeunt domos) Annexum penè ſemper o¬

23.0 1164.0 581.0 54.0 tio & ſegnitiæ vitium, nimirum diſcurſatio. Hoc
