1000 1448
358.0 93.0 57.0 25.0 434

457.0 81.0 375.0 33.0 AD I. TAVL. ADTIM.

351.0 110.0 579.0 46.0 quæſtui Paul. Α’υτάρκειαν. Quæ vox quid ſignificet

355.0 146.0 572.0 40.0 quęſitũ eſt. Alij enim eam ad animũ noſtrum re¬

350.0 179.0 576.0 39.0 ferunt: alij ad res, quibus vitæ huius corporeæ in¬

349.0 210.0 577.0 41.0 firmitas & conditio eget. Certè non eſt hæc Pau¬

349.0 242.0 576.0 42.0 li mens, vt dicat, ſi omnia nobis affatim primùm

349.0 274.0 574.0 43.0 ſuppetant, poſteáque acceſſerit ad immenſam o¬

351.0 307.0 574.0 43.0 pum vim Dei metus, nos tunc contentos eſſe

351.0 341.0 526.0 41.0 oportere, & magnum prouentum habere.

349.0 371.0 574.0 43.0 Pietatem enim opibus terrenis, tanquam acceſ¬

349.0 406.0 574.0 41.0 ſionem quandam, adderet & ſubiiceret. Neque

348.0 437.0 575.0 41.0 certè hæc eſſet vlla pietatis laus, ſi cùm omnia

346.0 468.0 575.0 42.0 neceſſaria adſunt, contenta eſſe diceretur. Ex quo

346.0 501.0 576.0 42.0 fit, vt ἀυτόρκειαν hîc minimè accipiam, pro rebus

347.0 534.0 574.0 41.0 omnibus, quæ ſunt nobis ad victum neceſſariæ,

349.0 566.0 570.0 42.0 quas cumulatas nobis eſſe oporteat, priuſquam

348.0 596.0 573.0 43.0 in Chriſtianis Pietas magnus prouentus dici

346.0 629.0 572.0 43.0 poſsit. Sed ſumo ἀυτέρκοιαν primùm pro ipſo ho¬

345.0 663.0 574.0 37.0 minis pij animo, qui ſua ſorte contentus & lætus

344.0 695.0 575.0 42.0 eſt, quantumuis exiguum poſsidet, multáque illi

345.0 727.0 574.0 41.0 etiam de rebus ad victum neceſſarijs deeſſe vi¬

343.0 759.0 575.0 40.0 deantur. Supplet enim illa omnia pietas ipſa ani¬

344.0 792.0 573.0 41.0 mi tranquillitate, & ſpe in Deum, cuius volunta¬

343.0 823.0 574.0 43.0 ti acquieſcit qui verè eſt pius. Deinde ſumo ἀυ¬

345.0 856.0 570.0 44.0 τάρκειαν pro ea opum menſura, quam Dominus

342.0 889.0 572.0 42.0 dat cuique noſtrum, quæ ſemper ſatis nobis eſſe

341.0 921.0 572.0 43.0 & debet & poteſt, quia ſi quid præter eam opus

341.0 952.0 573.0 45.0 erit, Dominus ſuggeret. Nam & contenti eſſe

341.0 985.0 571.0 43.0 debemus ijs, quæ in diem ad victum & veſtitum

340.0 1016.0 571.0 41.0 ſuppeditat Dominus ipſe, non autem inſudare

339.0 1048.0 571.0 45.0 opibus augendis, de craſtino ſolliciti eſſe, ſtudio

334.0 1079.0 575.0 48.0 inexplebili acquirendi torqueri,, opibúſque

335.0 1114.0 574.0 50.0 cumulandis inhiare, & amore, vt ait ille, habendi

333.0 1145.0 126.0 57.0 ſeneſcere.

838.0 1167.0 68.0 60.0 Inde
