1000 1448
202.0 102.0 196.0 21.0 CARVI yI.

565.0 88.0 47.0 35.0 411

32.0 119.0 578.0 45.0 etiam ipſi pars Eccleſiæ, vti & Domini, quan¬

33.0 159.0 576.0 35.0 quam ratione hominum, non tam honorabilis &

32.0 186.0 577.0 44.0 digna ſit eorum conditio, quàm ipſorum domi¬

30.0 219.0 579.0 42.0 norum. Sed in Chriſto ( inquit Paulus) non eſt

32.0 255.0 577.0 40.0 ſeruus, neque liber Galat.3.verſ.28. Ergo vtrique

31.0 286.0 364.0 38.0 ad paſtorum curam pertinent.

65.0 315.0 544.0 42.0 Altera ratio eſt Quòd ſi qua maximè quæſtio

31.0 348.0 579.0 42.0 rixoſè agitata fuit ſub origine naſcentis Eccleſiæ

32.0 380.0 579.0 39.0 hæc vna fuiſſe videtur. Vtrum ſerui Chriſtiani

31.0 413.0 579.0 42.0 ſuis dominis parere deberent & ſubiici, vt antea

36.0 445.0 573.0 40.0 Itaque varijs in locis docet Paulus, ſed & alij

32.0 479.0 579.0 43.0 quoque Apoſtoli, quod ſit ſeruorum erga domi¬

30.0 510.0 581.0 38.0 nos ſuos officium, veluti Epheſ.6.Coloſ.4. Deni¬

31.0 541.0 579.0 43.0 que in epiſtola ad Tit.2.verſ.9. vbi cùm ſumma

30.0 584.0 580.0 31.0 tarituni Eplicopalis muneris capita complecti

31.0 608.0 577.0 37.0 vellet Paulus, de ſeruorum tamen officio memi¬

31.0 640.0 577.0 36.0 nit. Meminit etiam eorum Petrus luculenter I.

31.0 674.0 578.0 36.0 epiſtola cap 2. verſ. 18. vt magni momenti fuiſſe

32.0 707.0 502.0 39.0 hæc præcepta, & tunc neceſſaria appareat.

63.0 739.0 546.0 39.0 Cur autem agitaretur hæc quæſtio de ſeruorũ

32.0 771.0 577.0 43.0 Chriſtianorum ſubiectione, aut potius liberatio¬

28.0 807.0 409.0 38.0 ne multiplex fuiſſe ratio videtur.

59.0 834.0 550.0 44.0 Prima quòd propter ſuſceptam Chriſti fidẽ

28.0 875.0 580.0 35.0 & vocatſonem ad Euangenum, dommis ſuis iam

30.0 904.0 578.0 34.0 vel adæquati, vel etiam ſuperiores dignioréſue

28.0 932.0 580.0 42.0 cenſebantur. Adæquati quidem Chriſtianis do¬

28.0 964.0 580.0 42.0 minis, quia in Chriſto neque eſt ſeruus, neque li¬

30.0 997.0 579.0 41.0 ber quiſquam. Digniores autem dominis infide¬

28.0 1028.0 580.0 41.0 libus, quibus eos Chriſtianos homines parêre vi¬

30.0 1062.0 284.0 37.0 debatur iniquiſſimum.

63.0 1094.0 542.0 40.0 Secunda ratio eſt exemplum Hebræorum,

29.0 1128.0 578.0 40.0 qui ſerui erant. At hi poſt ſextum annum, nempe

28.0 1160.0 579.0 49.0 anno ſeptimo, liberi dimittebantur quemadmo¬
