1000 1448
218.0 74.0 198.0 44.0 CAPVT VI.

590.0 76.0 39.0 43.0 511

56.0 120.0 329.0 34.0 ambitioſiſſime partiantur.

90.0 142.0 541.0 39.0 Neque tamen damnat Paulus omnes omni¬

57.0 176.0 573.0 40.0 no συζητήσεις & quæſtiones, quæ de cauſis & mo¬

58.0 209.0 574.0 37.0 do ſalutis noſtræ, fieri & agitari poſſunt: cùm ipſe

55.0 238.0 578.0 45.0 iubeat Epiſcopum eſſe ἐλεδάλικὸν, id quod ſine di¬

57.0 272.0 575.0 41.0 ſputatione fieri non poteſt: & cùm Paulus ipſe

57.0 304.0 575.0 43.0 laudet Apollo, quòd fuerit in Iudæis refutandis

57.0 337.0 575.0 41.0 acutus & ſolers Tit 1.verſ.9. Actor.18. verſ.27.

57.0 370.0 575.0 41.0 Sed eam demum tractandæ fidei rationem im¬

59.0 402.0 572.0 43.0 probat, ex qua nihil pietatis, nihil ædificationis,

58.0 443.0 575.0 34.0 mim denque fonur emergie, aeque colligitur,

59.0 468.0 575.0 41.0 quales ſunt penè omnes Scholaſticorum contẽ¬

59.0 500.0 574.0 42.0 tioſæ, & operoſæ diſputationes, quæ in ipſorum

58.0 531.0 576.0 40.0 ſcholis magna Monachorum corona habentur.

91.0 563.0 543.0 43.0 Nec verò ignorauit Paulus quo potiſsimum

60.0 603.0 573.0 30.0 fuco ilti homines le ſuarque illas inutiles diſce¬

61.0 629.0 573.0 41.0 ptationes tegant, ac commendent, nimirũ Scien¬

61.0 660.0 573.0 43.0 tiæ, Sapientiæ, Theologiæ. Sed hunc fumum di¬

61.0 694.0 572.0 38.0 ſcutit, cùm tam præclaro nomine donari falſò

59.0 726.0 498.0 42.0 hanc cognitionem & ſtudium reſpondeat.

94.0 757.0 541.0 41.0 Falſò enim nominatur γνῶσις, cùm qui ea præ¬

60.0 792.0 576.0 40.0 diti ſunt, ſemper querant, ad ipſam autem verita¬

61.0 825.0 576.0 39.0 tis cognitionem nunquam perueniant, vt ait idẽ

60.0 855.0 576.0 41.0 2.Corinth.3.verſ.7. Denique iſta eſt profanatio

62.0 888.0 575.0 38.0 verbi Dei, & euerſio, non autem profeſsio & in¬

61.0 921.0 576.0 37.0 telligentia. Veteres, velut Auguſtinus, Ambro¬

61.0 954.0 577.0 40.0 ſius, Chryſoſtomus, Beda. & alij pro κενοφωνίας le¬

61.0 986.0 579.0 42.0 gunt per diphthongum κανορωνίας, id eſt, Noui¬

61.0 1020.0 578.0 38.0 tates verborum. Et certè vtrunque vitium & va¬

61.0 1049.0 578.0 41.0 nitatis & nouitatis inter ſe coniunctum eſt & af¬

61.0 1081.0 579.0 43.0 fine: atque Scholaſticis vtrunque accidit, vt dum

61.0 1114.0 580.0 43.0 nubes & inania captant pro ſolida fidei doctrina¬

61.0 1151.0 577.0 46.0 noua quoq; & inaudita rerum vocabula, & pror¬
