<?xml version='1.0' encoding='UTF-8'?>
<alto xmlns:xsi="http://www.w3.org/2001/XMLSchema-instance" xmlns="http://www.loc.gov/standards/alto/ns-v4#" xsi:schemaLocation="http://www.loc.gov/standards/alto/ns-v4# http://www.loc.gov/standards/alto/v4/alto-4-2.xsd">
  <Description>
    <MeasurementUnit>pixel</MeasurementUnit>
    <sourceImageInformation>
      <fileName>2013332.jpeg</fileName>
    </sourceImageInformation>
  </Description>
  <Tags>
    <OtherTag ID="BT7" LABEL="CustomZone" DESCRIPTION="block type CustomZone"/><OtherTag ID="BT8" LABEL="DamageZone" DESCRIPTION="block type DamageZone"/><OtherTag ID="BT9" LABEL="DigitizationArtefactZone" DESCRIPTION="block type DigitizationArtefactZone"/><OtherTag ID="BT10" LABEL="DropCapitalZone" DESCRIPTION="block type DropCapitalZone"/><OtherTag ID="BT11" LABEL="GraphicZone" DESCRIPTION="block type GraphicZone"/><OtherTag ID="BT12" LABEL="MainZone" DESCRIPTION="block type MainZone"/><OtherTag ID="BT13" LABEL="MarginTextZone" DESCRIPTION="block type MarginTextZone"/><OtherTag ID="BT14" LABEL="MusicZone" DESCRIPTION="block type MusicZone"/><OtherTag ID="BT15" LABEL="NumberingZone" DESCRIPTION="block type NumberingZone"/><OtherTag ID="BT17" LABEL="QuireMarksZone" DESCRIPTION="block type QuireMarksZone"/><OtherTag ID="BT18" LABEL="RunningTitleZone" DESCRIPTION="block type RunningTitleZone"/><OtherTag ID="BT19" LABEL="SealZone" DESCRIPTION="block type SealZone"/><OtherTag ID="BT20" LABEL="StampZone" DESCRIPTION="block type StampZone"/><OtherTag ID="BT21" LABEL="TableZone" DESCRIPTION="block type TableZone"/><OtherTag ID="BT22" LABEL="TitlePageZone" DESCRIPTION="block type TitlePageZone"/><OtherTag ID="BT3407" LABEL="MainZone-Continued" DESCRIPTION="block type MainZone-Continued"/><OtherTag ID="BT3408" LABEL="MainZone-P" DESCRIPTION="block type MainZone-P"/><OtherTag ID="BT3409" LABEL="MainZone-Head" DESCRIPTION="block type MainZone-Head"/><OtherTag ID="BT3410" LABEL="MainZone-Other" DESCRIPTION="block type MainZone-Other"/><OtherTag ID="BT3411" LABEL="MainZone-Sp" DESCRIPTION="block type MainZone-Sp"/><OtherTag ID="BT3417" LABEL="MainZone-Sp-Continued" DESCRIPTION="block type MainZone-Sp-Continued"/><OtherTag ID="BT3418" LABEL="GraphicZone-Decoration" DESCRIPTION="block type GraphicZone-Decoration"/><OtherTag ID="BT3419" LABEL="MainZone-Entry" DESCRIPTION="block type MainZone-Entry"/><OtherTag ID="BT3420" LABEL="MainZone-Lg" DESCRIPTION="block type MainZone-Lg"/><OtherTag ID="BT3421" LABEL="MainZone-Entry-Continued" DESCRIPTION="block type MainZone-Entry-Continued"/><OtherTag ID="BT3422" LABEL="MarginTextZone-ManuscriptAddendum" DESCRIPTION="block type MarginTextZone-ManuscriptAddendum"/><OtherTag ID="BT3423" LABEL="MainZone-List" DESCRIPTION="block type MainZone-List"/>
    <OtherTag ID="LT7" LABEL="CustomLine" DESCRIPTION="line type CustomLine"/><OtherTag ID="LT8" LABEL="DefaultLine" DESCRIPTION="line type DefaultLine"/><OtherTag ID="LT9" LABEL="DropCapitalLine" DESCRIPTION="line type DropCapitalLine"/><OtherTag ID="LT10" LABEL="HeadingLine" DESCRIPTION="line type HeadingLine"/><OtherTag ID="LT11" LABEL="InterlinearLine" DESCRIPTION="line type InterlinearLine"/><OtherTag ID="LT12" LABEL="MusicLine" DESCRIPTION="line type MusicLine"/>
  </Tags>
  <Layout>
    <Page WIDTH="1000" HEIGHT="1448" PHYSICAL_IMG_NR="328" ID="eSc_dummypage_">
      <PrintSpace HPOS="0" VPOS="0" WIDTH="1000" HEIGHT="1448">
        <TextBlock HPOS="368.65557861328125" VPOS="91.90077209472656" WIDTH="52.32177734375" HEIGHT="31.978546142578125" ID="block_1" TAGREFS="BT15">
          <Shape><Polygon POINTS="368.656 91.9008 420.977 91.9008 420.977 123.879 368.656 123.879 368.656 91.9008"/></Shape>
          <TextLine ID="line_1" TAGREFS="LT8" BASELINE="368 114 435 111" HPOS="366.0" VPOS="80.0" WIDTH="69.0" HEIGHT="53.0">
            <Shape><Polygon POINTS="368 114 368 130 389 133 390 133 435 122 435 111 433 82 366 80 368 114"/></Shape>
            <String CONTENT="420" HPOS="366.0" VPOS="80.0" WIDTH="69.0" HEIGHT="53.0" WC="0.9999981721242269"/>
          </TextLine>
        </TextBlock>
        <TextBlock HPOS="490.11370849609375" VPOS="79.90828704833984" WIDTH="365.479248046875" HEIGHT="35.177818298339844" ID="block_2" TAGREFS="BT18">
          <Shape><Polygon POINTS="490.114 79.9083 855.593 79.9083 855.593 115.086 490.114 115.086 490.114 79.9083"/></Shape>
          <TextLine ID="line_2" TAGREFS="LT8" BASELINE="484 111 855 103" HPOS="483.0" VPOS="74.0" WIDTH="372.0" HEIGHT="49.0">
            <Shape><Polygon POINTS="484 111 484 123 513 118 537 123 538 123 539 123 539 123 540 123 567 115 571 119 572 119 572 119 573 119 574 119 575 119 575 119 579 115 639 119 640 119 660 115 683 120 687 120 687 120 688 120 690 119 703 114 740 119 740 119 741 119 742 119 743 119 754 111 773 111 786 118 786 118 787 118 855 116 855 103 853 79 812 80 810 79 806 74 806 74 805 74 804 74 777 74 777 74 776 74 758 79 753 81 747 79 735 76 734 76 733 76 732 76 723 79 716 82 690 79 647 76 646 76 592 80 518 86 506 80 504 79 503 79 502 79 483 80 484 111"/></Shape>
            <String CONTENT="AD I. PAVL. AD TIM." HPOS="483.0" VPOS="74.0" WIDTH="372.0" HEIGHT="49.0" WC="0.9994787197364005"/>
          </TextLine>
        </TextBlock>
        <TextBlock HPOS="370.8604431152344" VPOS="254.8263397216797" WIDTH="581.1335144042969" HEIGHT="326.57386779785156" ID="block_3" TAGREFS="BT3408">
          <Shape><Polygon POINTS="370.86 254.826 951.994 254.826 951.994 581.4 370.86 581.4 370.86 254.826"/></Shape>
          <TextLine ID="line_3" TAGREFS="LT8" BASELINE="370 283 588 276 947 272" HPOS="370.0" VPOS="246.0" WIDTH="577.0" HEIGHT="46.0">
            <Shape><Polygon POINTS="370 283 370 292 447 292 448 292 448 292 452 291 461 287 499 290 518 292 518 292 530 290 551 287 560 290 564 291 565 291 566 291 590 290 591 290 592 290 592 289 597 284 669 283 708 287 716 288 717 288 724 287 751 283 764 287 766 287 767 287 768 287 784 287 879 280 885 284 886 284 887 284 888 285 947 285 947 272 946 252 866 248 865 248 864 248 851 252 841 246 840 246 818 246 818 246 817 246 801 251 782 247 781 247 781 247 771 252 766 255 637 256 629 253 620 250 619 250 618 250 585 253 543 258 497 254 477 252 476 252 465 254 435 259 426 254 425 253 424 253 423 253 423 253 415 254 391 258 370 255 370 283"/></Shape>
            <String CONTENT="Reſpond. Earum quidem rerum ratione, quarum" HPOS="370.0" VPOS="246.0" WIDTH="577.0" HEIGHT="46.0" WC="0.9992980458015619"/>
          </TextLine>
          <TextLine ID="line_4" TAGREFS="LT8" BASELINE="370 314 946 304" HPOS="370.0" VPOS="277.0" WIDTH="576.0" HEIGHT="47.0">
            <Shape><Polygon POINTS="370 314 370 324 454 324 454 323 455 323 459 321 465 318 472 321 474 322 475 322 476 322 497 320 533 317 547 320 559 321 560 321 574 319 582 317 640 317 741 317 742 317 760 314 769 313 776 314 798 317 799 317 846 312 850 312 855 312 934 315 934 315 935 315 946 310 946 304 944 283 913 277 913 277 863 283 855 278 854 278 853 278 852 278 800 279 799 279 787 285 658 281 657 281 656 281 655 281 655 282 648 288 633 288 610 282 609 282 609 282 608 282 586 288 568 283 567 283 567 283 566 283 547 289 472 287 471 287 417 292 382 286 382 286 381 286 370 292 370 314"/></Shape>
            <String CONTENT="fratres &amp; κοινωνοι ſunt, ſublatum eſt diſcrimen" HPOS="370.0" VPOS="277.0" WIDTH="576.0" HEIGHT="47.0" WC="0.9951735291075199"/>
          </TextLine>
          <TextLine ID="line_5" TAGREFS="LT8" BASELINE="370 346 950 337" HPOS="370.0" VPOS="310.0" WIDTH="580.0" HEIGHT="49.0">
            <Shape><Polygon POINTS="370 346 370 359 392 355 413 358 415 358 416 358 417 358 418 358 432 353 450 357 452 357 452 357 453 357 457 357 474 353 528 355 562 356 563 356 574 353 588 351 599 353 610 355 611 355 612 355 613 355 615 353 618 350 621 353 623 354 624 354 625 354 625 354 641 352 662 349 722 349 796 351 797 351 798 351 806 347 809 346 811 347 822 351 823 351 823 351 852 346 857 345 861 346 886 350 887 350 950 343 950 337 948 310 905 310 904 310 903 310 902 310 901 311 895 316 876 312 872 311 872 311 871 311 870 311 867 312 852 318 840 312 839 312 839 312 838 312 837 312 836 312 836 313 830 319 756 320 729 316 708 313 707 313 707 313 698 317 690 321 610 323 582 323 580 320 574 316 573 316 572 316 572 316 571 316 551 321 550 321 549 321 524 316 523 316 522 316 505 323 501 324 489 323 432 318 431 318 370 326 370 346"/></Shape>
            <String CONTENT="inter ſeruos &amp; dominos: reliquarum autem re¬" HPOS="370.0" VPOS="310.0" WIDTH="580.0" HEIGHT="49.0" WC="0.9983738254417073"/>
          </TextLine>
          <TextLine ID="line_6" TAGREFS="LT8" BASELINE="371 379 949 370" HPOS="370.0" VPOS="343.0" WIDTH="579.0" HEIGHT="47.0">
            <Shape><Polygon POINTS="371 379 371 386 460 390 460 390 461 390 470 386 471 386 473 386 503 390 504 390 505 390 514 386 516 384 527 385 560 389 561 389 562 389 563 389 569 385 571 384 585 385 644 387 645 387 646 387 660 383 669 382 703 383 755 386 756 386 772 382 783 380 789 382 793 384 794 384 794 384 795 384 802 382 812 379 947 380 949 370 946 343 868 344 867 344 864 345 851 349 845 345 844 345 843 345 843 345 842 345 841 345 840 345 839 345 832 350 814 346 804 345 803 345 786 347 754 353 720 353 716 349 713 346 712 346 711 346 711 346 710 346 703 349 695 353 677 353 674 350 670 347 669 347 668 347 667 347 666 347 654 351 643 353 627 352 603 349 602 349 568 353 552 355 526 354 437 351 436 351 436 351 435 351 426 357 399 353 398 353 370 358 371 379"/></Shape>
            <String CONTENT="rũ reſpectu, non itẽ, quales ſunt politia humana," HPOS="370.0" VPOS="343.0" WIDTH="579.0" HEIGHT="47.0" WC="0.9885564750316096"/>
          </TextLine>
          <TextLine ID="line_7" TAGREFS="LT8" BASELINE="374 411 948 403" HPOS="373.0" VPOS="377.0" WIDTH="575.0" HEIGHT="48.0">
            <Shape><Polygon POINTS="374 411 374 419 425 425 426 425 452 419 497 423 497 423 498 423 499 423 505 419 505 418 533 417 549 419 579 421 580 421 596 418 606 416 609 418 613 421 613 422 613 422 614 422 615 423 628 423 628 422 629 422 629 422 629 421 633 418 637 415 652 418 673 421 674 421 739 420 740 420 740 420 740 419 743 418 747 414 757 417 762 419 763 419 764 419 765 419 770 417 775 415 778 417 781 419 782 419 783 419 784 419 785 419 789 417 797 413 810 417 810 417 811 417 813 417 843 412 853 417 855 418 855 418 856 419 893 419 893 418 894 418 897 417 908 413 947 416 948 403 946 378 847 377 846 377 845 377 837 381 829 386 794 386 788 382 781 379 781 379 780 379 779 379 778 379 778 380 775 382 771 386 738 386 708 384 686 382 685 382 684 382 683 382 681 385 678 387 668 385 646 380 645 380 644 380 628 386 622 388 614 386 596 383 596 383 595 383 585 387 580 389 563 388 489 382 488 382 487 382 470 390 464 385 463 385 462 385 461 385 436 390 428 385 427 385 427 385 426 385 425 385 424 385 416 391 391 385 390 385 390 385 389 385 373 391 374 411"/></Shape>
            <String CONTENT="corporum ſexus, æquales vires, dotes ingenij," HPOS="373.0" VPOS="377.0" WIDTH="575.0" HEIGHT="48.0" WC="0.992236524158054"/>
          </TextLine>
          <TextLine ID="line_8" TAGREFS="LT8" BASELINE="371 444 950 434" HPOS="370.0" VPOS="408.0" WIDTH="580.0" HEIGHT="44.0">
            <Shape><Polygon POINTS="371 444 371 451 556 452 557 452 580 448 581 448 583 448 634 452 635 452 636 452 654 446 654 446 655 446 666 452 667 452 668 452 697 451 698 451 699 451 706 446 724 451 725 451 726 451 771 444 815 449 816 449 840 444 849 448 850 448 851 448 851 448 852 448 861 443 888 443 902 448 903 448 904 448 905 448 905 448 914 442 949 440 950 434 948 415 902 408 901 408 901 408 900 408 900 409 893 415 893 415 874 410 873 410 872 410 872 410 871 410 863 416 830 416 815 410 814 410 814 410 768 418 764 418 761 418 719 413 718 413 717 413 716 413 710 419 709 419 679 419 678 419 668 413 667 413 666 413 636 413 635 413 634 413 633 413 621 420 621 420 591 414 590 414 589 414 588 414 580 421 579 421 554 415 553 415 552 415 551 415 551 415 542 422 541 422 538 422 468 416 467 416 466 416 438 423 437 423 436 423 379 420 378 420 378 420 370 423 371 444"/></Shape>
            <String CONTENT="externa bona &amp; dignitas, quæ omnia &amp; reli¬" HPOS="370.0" VPOS="408.0" WIDTH="580.0" HEIGHT="44.0" WC="0.9897641312508356"/>
          </TextLine>
          <TextLine ID="line_9" TAGREFS="LT8" BASELINE="371 476 949 466" HPOS="370.0" VPOS="446.0" WIDTH="579.0" HEIGHT="43.0">
            <Shape><Polygon POINTS="765 466 757 466 748 466 740 466 732 466 724 466 716 466 708 466 700 466 692 466 684 466 676 466 668 466 660 466 652 466 644 466 636 466 628 466 620 466 612 466 604 466 596 466 588 466 580 466 572 466 563 466 555 466 547 466 539 466 531 466 523 466 515 466 507 466 499 466 491 466 483 466 475 466 467 466 459 466 451 466 443 466 435 466 427 466 419 466 411 466 403 466 395 466 386 466 378 466 370 466 371 476 371 486 394 489 395 489 410 485 423 483 433 485 443 488 444 488 444 488 463 485 477 482 490 484 507 486 508 486 509 486 510 486 513 484 516 481 562 482 654 485 654 485 695 480 711 483 712 483 713 483 714 483 720 479 721 479 744 483 745 483 842 476 851 476 855 476 895 481 896 481 897 481 897 481 897 480 903 475 903 474 949 473 949 466 946 446 790 448 790 448 778 452 767 455 765 466"/></Shape>
            <String CONTENT="qua ijs fia laiua manet, &amp; ditincta atq; etiã" HPOS="370.0" VPOS="446.0" WIDTH="579.0" HEIGHT="43.0" WC="0.9598641512186631"/>
          </TextLine>
          <TextLine ID="line_10" TAGREFS="LT8" BASELINE="374 510 951 501" HPOS="373.0" VPOS="473.0" WIDTH="578.0" HEIGHT="49.0">
            <Shape><Polygon POINTS="374 510 374 522 423 517 453 517 457 520 459 522 460 522 460 522 461 522 510 521 510 521 519 518 531 515 545 518 559 520 560 520 561 520 569 517 577 514 595 516 613 518 613 518 647 515 672 513 691 514 721 516 722 516 723 516 724 516 728 513 730 512 732 513 740 517 740 517 741 517 788 516 789 516 804 511 806 510 807 511 812 515 813 515 814 515 814 516 837 516 837 515 838 515 853 510 855 510 857 510 883 514 884 514 884 514 903 509 904 509 934 514 935 514 936 514 951 507 951 501 950 477 902 473 901 473 901 473 900 473 893 477 887 482 871 482 864 478 855 474 855 474 854 474 839 475 839 475 838 475 833 479 829 483 774 483 771 481 765 476 765 476 764 476 763 476 724 477 724 477 713 482 707 485 659 485 653 484 641 480 640 480 639 480 638 480 620 485 612 486 604 485 576 479 575 479 574 479 554 486 551 488 532 488 530 487 519 480 518 480 518 480 517 480 483 481 482 481 465 489 463 489 373 490 374 510"/></Shape>
            <String CONTENT="inter ipſiſſimos &amp; germanos fratres diuerſa &amp;" HPOS="373.0" VPOS="473.0" WIDTH="578.0" HEIGHT="49.0" WC="0.9853262305259705"/>
          </TextLine>
          <TextLine ID="line_11" TAGREFS="LT8" BASELINE="374 541 951 531" HPOS="373.0" VPOS="506.0" WIDTH="578.0" HEIGHT="46.0">
            <Shape><Polygon POINTS="374 541 374 548 417 552 418 552 419 552 427 548 456 551 457 551 458 551 471 547 472 547 473 547 495 551 496 551 521 547 523 547 529 547 613 549 614 549 951 540 951 531 949 506 797 514 774 510 759 509 758 509 757 509 757 509 754 511 750 514 741 512 732 509 731 509 730 509 729 509 718 512 708 516 693 516 690 513 686 510 685 510 684 510 683 510 647 514 631 516 622 515 600 511 599 511 598 511 597 511 591 516 589 517 586 516 572 511 572 511 571 511 526 512 526 512 525 512 517 518 515 519 469 519 469 519 460 514 460 514 459 514 458 514 385 514 384 514 373 520 374 541"/></Shape>
            <String CONTENT="diſſimilia, nedum inter ſeruos &amp; dominos. Id" HPOS="373.0" VPOS="506.0" WIDTH="578.0" HEIGHT="46.0" WC="0.9996189718896692"/>
          </TextLine>
          <TextLine ID="line_12" TAGREFS="LT8" BASELINE="381 573 755 567" HPOS="380.0" VPOS="541.0" WIDTH="375.0" HEIGHT="45.0">
            <Shape><Polygon POINTS="381 573 381 586 411 586 412 586 428 580 444 584 445 584 446 584 542 578 555 581 565 584 566 584 567 584 567 584 575 580 579 579 589 580 613 583 613 583 614 583 626 579 631 577 658 578 736 580 736 580 737 580 755 574 755 567 753 549 709 541 708 541 630 546 622 543 621 543 621 543 620 543 619 543 612 547 609 544 609 543 608 543 607 543 567 543 567 543 566 543 549 552 455 553 438 546 437 546 436 546 436 546 435 546 423 555 380 555 381 573"/></Shape>
            <String CONTENT="quod rerum experientia docet." HPOS="380.0" VPOS="541.0" WIDTH="375.0" HEIGHT="45.0" WC="0.9996168654540489"/>
          </TextLine>
        </TextBlock>
        <TextBlock HPOS="375.2052001953125" VPOS="579.6687622070312" WIDTH="584.3265991210938" HEIGHT="652.8355102539062" ID="block_4" TAGREFS="BT3408">
          <Shape><Polygon POINTS="375.205 579.669 959.532 579.669 959.532 1232.5 375.205 1232.5 375.205 579.669"/></Shape>
          <TextLine ID="line_13" TAGREFS="LT8" BASELINE="405 604 950 597" HPOS="404.0" VPOS="569.0" WIDTH="546.0" HEIGHT="43.0">
            <Shape><Polygon POINTS="405 604 405 612 888 610 950 604 950 597 949 575 935 572 934 572 934 572 926 575 924 576 922 575 909 570 908 570 907 570 875 576 870 577 869 576 860 569 859 569 858 569 857 569 856 569 855 569 847 576 835 569 834 569 833 569 767 570 766 570 751 578 734 571 733 571 732 571 696 571 695 571 685 576 663 571 662 571 662 571 647 580 645 581 630 581 627 580 590 572 589 572 588 572 588 572 576 581 576 581 562 581 479 579 478 579 454 583 452 583 451 583 423 575 422 575 421 575 420 575 404 582 405 604"/></Shape>
            <String CONTENT="Hæc autem ratio &amp; diſtinctio latiſſimè patet." HPOS="404.0" VPOS="569.0" WIDTH="546.0" HEIGHT="43.0" WC="0.9957843591337618"/>
          </TextLine>
          <TextLine ID="line_14" TAGREFS="LT8" BASELINE="374 638 953 629" HPOS="374.0" VPOS="600.0" WIDTH="579.0" HEIGHT="49.0">
            <Shape><Polygon POINTS="374 638 374 649 471 643 566 645 610 645 611 645 612 645 616 643 621 641 690 641 798 642 798 642 799 642 800 642 806 638 808 637 814 638 840 641 841 641 842 641 857 637 860 637 864 637 897 641 897 641 953 634 953 629 950 600 851 609 828 603 827 603 827 603 826 603 804 610 710 604 709 604 679 611 658 606 658 606 657 606 613 613 596 607 596 607 573 607 572 607 572 607 571 607 563 612 543 608 543 608 542 608 541 608 530 613 483 615 470 608 469 608 469 608 420 617 404 610 403 610 374 610 374 638"/></Shape>
            <String CONTENT="Nam ſiue regimen eccleſiaſticum, ſine Ciuile" HPOS="374.0" VPOS="600.0" WIDTH="579.0" HEIGHT="49.0" WC="0.9925097281282599"/>
          </TextLine>
          <TextLine ID="line_15" TAGREFS="LT8" BASELINE="374 671 954 662" HPOS="374.0" VPOS="633.0" WIDTH="580.0" HEIGHT="49.0">
            <Shape><Polygon POINTS="374 671 374 678 423 682 423 682 424 682 436 678 439 678 460 678 522 681 523 681 524 681 525 681 530 678 534 675 637 674 660 677 675 678 676 678 691 677 713 674 953 674 954 662 952 633 930 637 914 634 905 633 905 633 904 633 898 634 888 638 862 636 847 634 846 634 845 634 841 636 830 642 795 642 785 637 781 637 781 637 780 637 753 638 690 644 679 641 665 637 664 637 663 637 627 637 626 637 625 637 621 641 610 637 609 637 609 637 551 638 550 638 549 638 539 645 536 646 477 647 467 646 399 641 399 641 398 641 374 649 374 671"/></Shape>
            <String CONTENT="cõſiderem9, afferri &amp; dici poterat in eccleſia Dei" HPOS="374.0" VPOS="633.0" WIDTH="580.0" HEIGHT="49.0" WC="0.9931337646409577"/>
          </TextLine>
          <TextLine ID="line_16" TAGREFS="LT8" BASELINE="374 702 953 695" HPOS="374.0" VPOS="667.0" WIDTH="579.0" HEIGHT="46.0">
            <Shape><Polygon POINTS="374 702 374 710 427 713 428 713 459 709 465 708 470 709 496 713 497 713 497 713 498 713 506 708 507 707 514 708 534 711 534 711 611 707 631 706 640 706 695 711 695 711 799 709 800 709 812 704 888 708 888 708 953 701 953 695 952 674 930 668 930 668 929 668 906 673 894 667 893 667 893 667 837 672 797 669 796 669 761 675 759 675 758 675 742 670 741 670 740 670 698 676 694 676 691 676 664 670 663 670 633 676 629 677 622 677 567 671 566 671 532 672 531 672 530 672 523 678 522 678 472 678 469 678 452 673 451 673 450 673 449 673 432 678 428 680 412 680 411 678 406 674 406 674 405 674 404 674 403 674 374 678 374 702"/></Shape>
            <String CONTENT="Chriſtianos ſubditos &amp; Magiſtratus: Gregem &amp;" HPOS="374.0" VPOS="667.0" WIDTH="579.0" HEIGHT="46.0" WC="0.9870490445332094"/>
          </TextLine>
          <TextLine ID="line_17" TAGREFS="LT8" BASELINE="374 736 952 727" HPOS="373.0" VPOS="700.0" WIDTH="579.0" HEIGHT="48.0">
            <Shape><Polygon POINTS="374 736 374 748 718 738 724 739 737 742 738 742 739 742 753 739 758 737 760 738 765 741 765 741 766 741 767 741 791 737 795 737 802 737 854 740 855 740 855 740 856 740 864 736 870 736 933 739 934 739 934 739 952 733 952 727 950 707 889 703 888 703 868 707 861 707 859 707 849 700 848 700 847 700 810 700 809 700 778 707 765 710 708 710 687 707 660 703 659 703 641 704 640 704 639 704 637 707 629 712 588 712 571 707 565 705 564 705 515 705 514 705 504 707 465 715 431 715 421 707 420 707 419 707 419 707 373 707 374 736"/></Shape>
            <String CONTENT="Paſtores eſſe fratres inter ſe, ergò inter eos o¬" HPOS="373.0" VPOS="700.0" WIDTH="579.0" HEIGHT="48.0" WC="0.9862477433681488"/>
          </TextLine>
          <TextLine ID="line_18" TAGREFS="LT8" BASELINE="374 769 954 760" HPOS="374.0" VPOS="734.0" WIDTH="580.0" HEIGHT="43.0">
            <Shape><Polygon POINTS="374 769 374 777 954 767 954 760 952 741 917 741 902 734 901 734 901 734 824 736 799 741 792 744 756 744 753 742 744 736 744 736 743 736 742 736 707 742 688 744 644 744 641 742 637 739 637 739 636 739 588 739 588 739 587 739 574 742 559 747 508 747 495 743 487 740 486 740 485 740 469 743 437 748 374 744 374 769"/></Shape>
            <String CONTENT="mne perſonarum ſublatum diſcrimen videri, ne¬" HPOS="374.0" VPOS="734.0" WIDTH="580.0" HEIGHT="43.0" WC="0.9973802023463779"/>
          </TextLine>
          <TextLine ID="line_19" TAGREFS="LT8" BASELINE="377 800 954 792" HPOS="376.0" VPOS="766.0" WIDTH="578.0" HEIGHT="47.0">
            <Shape><Polygon POINTS="377 800 377 808 429 813 430 813 431 813 432 813 438 808 440 807 452 807 530 811 531 811 552 806 557 806 568 806 600 809 600 809 650 806 662 805 665 805 676 809 677 809 678 809 679 809 691 805 695 804 699 805 717 809 718 809 719 809 728 805 732 803 744 804 780 808 781 808 813 803 818 802 954 802 954 792 952 766 880 773 858 769 851 767 850 767 837 769 821 771 813 769 805 768 804 768 803 768 802 768 801 769 798 773 789 770 781 768 781 768 780 768 779 768 774 770 765 775 721 776 679 776 674 773 666 769 665 769 664 769 638 770 637 770 637 770 631 774 629 775 628 774 624 771 624 770 623 770 622 770 608 770 607 770 606 770 596 775 593 776 584 775 561 773 560 773 559 773 552 776 548 777 539 777 506 772 506 772 505 772 492 777 489 778 481 778 419 773 418 773 417 773 403 779 390 774 389 774 388 774 387 774 376 779 377 800"/></Shape>
            <String CONTENT="que iam alterum alteri parere oportere: quod" HPOS="376.0" VPOS="766.0" WIDTH="578.0" HEIGHT="47.0" WC="0.9875949932770296"/>
          </TextLine>
          <TextLine ID="line_20" TAGREFS="LT8" BASELINE="374 832 954 825" HPOS="374.0" VPOS="798.0" WIDTH="580.0" HEIGHT="46.0">
            <Shape><Polygon POINTS="953 798 889 798 888 798 888 798 887 798 887 799 880 803 868 799 867 799 866 799 865 799 853 806 802 809 780 809 763 801 761 800 761 800 760 800 746 801 745 801 744 801 735 810 694 810 666 810 657 802 656 802 655 802 654 802 601 802 600 802 600 802 584 811 540 811 530 805 530 805 529 805 528 805 527 805 501 812 473 808 473 808 450 812 439 805 438 805 437 805 412 805 411 805 411 805 410 805 395 813 374 806 374 832 375 844 387 839 393 843 394 843 395 843 395 843 448 839 489 842 501 843 502 843 559 842 559 842 560 842 562 840 568 837 592 840 601 841 602 841 624 839 660 836 703 838 754 839 755 839 756 839 766 836 773 835 818 835 899 837 900 837 901 837 910 834 912 833 913 833 922 837 923 837 924 837 954 832 954 825 953 798"/></Shape>
            <String CONTENT="homines ἀναρχικοι &amp; ἀτακιοι vociferantur. Sed re¬" HPOS="374.0" VPOS="798.0" WIDTH="580.0" HEIGHT="46.0" WC="0.984598253287521"/>
          </TextLine>
          <TextLine ID="line_21" TAGREFS="LT8" BASELINE="376 865 954 856" HPOS="375.0" VPOS="830.0" WIDTH="579.0" HEIGHT="46.0">
            <Shape><Polygon POINTS="376 865 376 875 567 871 572 872 584 876 584 876 585 876 586 876 587 876 593 872 596 870 603 871 624 875 625 875 625 875 636 871 639 869 665 870 743 873 744 873 765 868 769 867 779 867 841 872 842 872 843 872 843 872 851 867 852 867 891 871 892 871 893 871 902 866 903 865 904 866 909 869 910 869 911 869 912 869 954 864 954 856 953 837 866 830 865 830 807 831 806 831 806 831 797 837 794 839 766 839 763 837 754 831 753 831 753 831 752 831 751 831 750 831 741 837 738 839 724 837 705 835 704 835 703 835 703 835 699 837 696 840 654 840 649 838 642 833 641 833 641 833 640 833 592 834 591 834 590 834 590 835 586 838 581 843 540 843 535 838 534 838 534 838 533 838 531 838 511 843 502 838 497 835 496 835 495 835 375 838 376 865"/></Shape>
            <String CONTENT="ſpondet Paulus ipſe fraternitatis nomẽ differen¬" HPOS="375.0" VPOS="830.0" WIDTH="579.0" HEIGHT="46.0" WC="0.9925525577700868"/>
          </TextLine>
          <TextLine ID="line_22" TAGREFS="LT8" BASELINE="376 896 954 889" HPOS="375.0" VPOS="864.0" WIDTH="579.0" HEIGHT="45.0">
            <Shape><Polygon POINTS="376 896 376 905 483 909 484 909 485 909 485 909 493 904 502 907 502 907 503 907 536 903 539 903 540 903 566 908 567 908 643 902 695 906 696 906 725 900 727 900 728 900 749 905 750 905 751 905 763 900 765 900 771 900 823 905 823 905 848 899 851 899 853 899 888 904 888 904 953 897 954 889 952 869 902 864 901 864 901 864 890 869 887 872 853 872 851 870 846 865 845 865 844 865 825 865 824 865 823 865 804 871 799 872 785 871 747 868 746 868 745 868 734 872 731 872 728 872 720 867 720 867 719 867 718 867 707 872 706 872 701 872 674 867 673 867 672 867 662 872 660 873 658 872 644 867 643 867 642 867 641 867 641 867 633 872 633 873 632 872 622 868 621 868 621 868 577 873 563 875 551 874 507 869 506 869 506 869 485 875 480 876 476 875 455 870 454 870 453 870 436 876 432 876 375 876 376 896"/></Shape>
            <String CONTENT="tias vel perſonarum vel dignitatum ſiue in poli¬" HPOS="375.0" VPOS="864.0" WIDTH="579.0" HEIGHT="45.0" WC="0.9892061861852804"/>
          </TextLine>
          <TextLine ID="line_23" TAGREFS="LT8" BASELINE="376 929 956 921" HPOS="375.0" VPOS="895.0" WIDTH="581.0" HEIGHT="46.0">
            <Shape><Polygon POINTS="376 929 376 937 436 941 436 941 480 936 481 936 482 936 502 940 502 940 568 934 577 934 584 934 625 938 625 938 626 938 627 938 633 934 692 937 693 937 847 931 860 931 862 931 888 935 888 935 889 935 898 930 900 930 955 930 956 921 955 900 945 895 944 895 943 895 942 895 930 900 905 895 905 895 904 895 889 901 884 904 811 904 809 902 805 899 805 898 804 898 803 898 781 896 781 896 755 903 746 905 730 903 709 900 708 900 695 903 685 905 679 904 666 898 666 898 665 898 664 898 642 904 632 907 607 907 602 905 590 899 589 899 588 899 588 899 574 905 567 907 559 905 543 900 543 900 542 900 486 900 485 900 485 900 478 905 476 908 473 905 466 901 465 901 465 901 440 900 440 900 375 906 376 929"/></Shape>
            <String CONTENT="tia Eccleſiaſtica: ſiue in humana &amp; tetrena mini¬" HPOS="375.0" VPOS="895.0" WIDTH="581.0" HEIGHT="46.0" WC="0.988859587786149"/>
          </TextLine>
          <TextLine ID="line_24" TAGREFS="LT8" BASELINE="376 962 958 954" HPOS="375.0" VPOS="928.0" WIDTH="583.0" HEIGHT="46.0">
            <Shape><Polygon POINTS="376 962 377 974 392 970 484 972 504 972 505 972 506 972 509 971 522 968 555 970 568 971 569 971 570 971 572 970 579 967 613 970 633 970 634 970 958 962 958 954 957 928 910 928 909 928 909 928 906 929 888 935 756 933 746 933 745 933 740 933 699 938 651 938 646 935 638 931 637 931 637 931 604 935 587 932 586 932 585 932 584 932 577 937 576 938 571 937 554 933 553 933 552 933 551 933 538 937 511 933 510 933 510 933 509 933 509 933 503 938 480 933 479 933 419 938 396 934 395 934 395 934 375 942 376 962"/></Shape>
            <String CONTENT="nimè tollere, confundere, aut imminuere, vt iam" HPOS="375.0" VPOS="928.0" WIDTH="583.0" HEIGHT="46.0" WC="0.9929036113123099"/>
          </TextLine>
          <TextLine ID="line_25" TAGREFS="LT8" BASELINE="377 993 956 987" HPOS="376.0" VPOS="964.0" WIDTH="580.0" HEIGHT="41.0">
            <Shape><Polygon POINTS="658 990 650 990 641 990 633 990 625 990 617 990 609 990 601 990 593 990 585 990 577 990 569 990 561 990 553 990 545 990 537 990 529 990 521 990 513 990 505 990 497 991 489 991 481 991 473 991 465 991 456 991 448 991 440 991 432 991 424 991 416 991 408 991 400 991 392 991 384 991 376 991 377 993 377 1000 402 1005 403 1005 513 1004 542 999 551 1003 551 1003 552 1003 616 999 636 1003 637 1003 637 1003 649 999 706 1003 707 1003 746 999 772 1002 773 1002 773 1002 791 997 946 1000 947 1000 948 1000 949 1000 956 995 956 987 954 964 858 970 855 967 852 965 851 965 851 965 815 965 814 965 814 965 802 969 786 975 774 970 765 966 765 966 731 966 730 966 729 966 708 972 707 972 707 972 679 966 679 966 678 966 677 966 668 974 660 979 658 990"/></Shape>
            <String CONTENT="doliiant houis iaicuitere, nóſque calumniari," HPOS="376.0" VPOS="964.0" WIDTH="580.0" HEIGHT="41.0" WC="0.9528020115002341"/>
          </TextLine>
          <TextLine ID="line_26" TAGREFS="LT8" BASELINE="378 1025 956 1020" HPOS="378.0" VPOS="992.0" WIDTH="578.0" HEIGHT="46.0">
            <Shape><Polygon POINTS="378 1025 378 1036 491 1033 498 1035 509 1038 510 1038 510 1038 539 1034 555 1032 574 1034 613 1037 614 1037 648 1032 658 1032 664 1032 686 1036 687 1036 756 1036 786 1031 791 1030 799 1030 857 1035 858 1035 859 1035 860 1035 865 1029 884 1029 892 1029 893 1029 900 1034 901 1034 901 1034 902 1035 926 1035 926 1034 956 1028 956 1020 954 1000 936 1000 929 994 929 993 928 993 927 993 880 992 880 992 824 993 823 993 810 1000 810 1000 806 1000 786 997 786 997 785 997 784 997 780 1000 778 1002 762 1002 761 1000 755 995 754 995 753 995 753 995 720 1000 707 1003 667 1003 663 1000 654 996 654 996 653 996 635 1000 624 1003 547 1003 539 1000 525 996 524 996 523 996 522 996 507 1000 496 1003 485 1000 469 996 468 996 467 996 378 1000 378 1025"/></Shape>
            <String CONTENT="qui Euangelium, quod annuntiamus, quódque" HPOS="378.0" VPOS="992.0" WIDTH="578.0" HEIGHT="46.0" WC="0.9898009569871993"/>
          </TextLine>
          <TextLine ID="line_27" TAGREFS="LT8" BASELINE="377 1058 955 1051" HPOS="376.0" VPOS="1027.0" WIDTH="579.0" HEIGHT="41.0">
            <Shape><Polygon POINTS="377 1058 377 1068 753 1068 753 1067 753 1067 757 1065 763 1062 805 1065 825 1066 826 1066 827 1066 829 1065 836 1061 858 1065 864 1065 865 1065 870 1065 891 1061 954 1064 955 1051 953 1032 851 1033 850 1033 842 1027 841 1027 840 1027 839 1027 839 1027 818 1033 810 1027 810 1027 809 1027 771 1027 770 1027 769 1027 744 1035 742 1036 693 1036 691 1036 679 1028 678 1028 677 1028 676 1028 658 1036 658 1036 613 1036 613 1036 597 1029 596 1029 596 1029 514 1030 513 1030 504 1034 454 1031 453 1031 452 1031 452 1031 443 1036 402 1032 401 1032 400 1032 376 1039 377 1058"/></Shape>
            <String CONTENT="eſt verè Chriſti Euangelium, criminantur mo¬" HPOS="376.0" VPOS="1027.0" WIDTH="579.0" HEIGHT="41.0" WC="0.9957098404566447"/>
          </TextLine>
          <TextLine ID="line_28" TAGREFS="LT8" BASELINE="378 1090 956 1083" HPOS="377.0" VPOS="1059.0" WIDTH="579.0" HEIGHT="43.0">
            <Shape><Polygon POINTS="378 1090 378 1101 530 1098 533 1099 537 1102 538 1102 539 1102 539 1102 594 1102 594 1102 662 1097 668 1097 671 1097 710 1100 711 1100 711 1100 720 1096 733 1100 734 1100 735 1100 810 1099 810 1099 819 1095 848 1098 849 1098 877 1094 884 1093 955 1093 956 1083 954 1059 881 1064 818 1061 817 1061 816 1061 815 1061 809 1065 749 1061 748 1061 748 1061 747 1061 728 1066 687 1066 671 1061 667 1060 666 1060 666 1060 665 1060 664 1060 662 1061 655 1066 624 1061 612 1060 611 1060 610 1060 606 1061 592 1067 559 1062 548 1061 547 1061 547 1061 543 1062 530 1066 515 1062 511 1061 510 1061 510 1061 504 1062 485 1066 473 1063 469 1061 468 1061 467 1061 377 1063 378 1090"/></Shape>
            <String CONTENT="narchias &amp; regna euertere, atque propterea re¬" HPOS="377.0" VPOS="1059.0" WIDTH="579.0" HEIGHT="43.0" WC="0.9989840893641763"/>
          </TextLine>
          <TextLine ID="line_29" TAGREFS="LT8" BASELINE="378 1123 958 1117" HPOS="377.0" VPOS="1091.0" WIDTH="581.0" HEIGHT="44.0">
            <Shape><Polygon POINTS="378 1123 378 1135 468 1131 685 1133 686 1133 716 1128 777 1132 777 1132 778 1132 792 1127 873 1131 874 1131 875 1131 876 1131 876 1131 876 1131 880 1127 921 1131 922 1131 923 1131 939 1127 956 1131 958 1117 956 1091 850 1092 849 1092 848 1092 847 1093 838 1099 792 1099 770 1094 767 1094 766 1094 765 1094 765 1094 765 1095 759 1100 736 1100 723 1096 716 1094 715 1094 714 1094 713 1094 706 1096 695 1100 687 1097 681 1094 680 1094 651 1094 650 1094 629 1098 613 1102 579 1102 572 1099 559 1094 559 1094 558 1094 557 1094 556 1094 550 1099 548 1100 543 1099 510 1095 509 1095 508 1095 495 1101 494 1101 493 1101 481 1095 481 1095 480 1095 479 1095 478 1095 478 1096 472 1101 471 1102 452 1102 415 1102 403 1102 396 1096 395 1096 395 1096 394 1096 393 1096 377 1102 378 1123"/></Shape>
            <String CONTENT="gum animos ab eo audiendo quantum poſſunt" HPOS="377.0" VPOS="1091.0" WIDTH="581.0" HEIGHT="44.0" WC="0.9998205144230913"/>
          </TextLine>
          <TextLine ID="line_30" TAGREFS="LT8" BASELINE="380 1155 957 1148" HPOS="379.0" VPOS="1123.0" WIDTH="578.0" HEIGHT="45.0">
            <Shape><Polygon POINTS="380 1155 380 1164 432 1168 433 1168 462 1163 465 1163 466 1163 474 1167 475 1167 476 1167 510 1163 518 1162 523 1162 555 1166 555 1166 585 1162 590 1161 594 1162 613 1165 613 1165 641 1161 643 1161 646 1161 699 1164 699 1164 724 1160 728 1160 734 1160 763 1164 764 1164 790 1160 795 1159 800 1160 825 1163 826 1163 827 1163 827 1163 832 1159 833 1158 835 1159 843 1162 844 1162 845 1162 846 1162 854 1159 856 1158 860 1159 877 1162 878 1162 956 1157 957 1148 954 1124 869 1128 860 1126 850 1123 849 1123 848 1123 847 1123 847 1123 843 1126 839 1129 796 1129 792 1127 788 1124 787 1124 786 1124 786 1124 785 1124 773 1127 762 1130 739 1128 702 1125 701 1125 680 1129 671 1131 665 1130 641 1125 640 1125 639 1125 627 1130 624 1131 621 1131 607 1126 606 1126 605 1126 555 1130 463 1127 462 1127 461 1127 460 1127 453 1132 444 1127 443 1127 442 1127 441 1127 427 1134 412 1130 411 1130 411 1130 379 1135 380 1155"/></Shape>
            <String CONTENT="auertunt, &amp; deflectunt. Imò verò nulli magis" HPOS="379.0" VPOS="1123.0" WIDTH="578.0" HEIGHT="45.0" WC="0.9864229197087495"/>
          </TextLine>
          <TextLine ID="line_31" TAGREFS="LT8" BASELINE="379 1188 958 1181" HPOS="378.0" VPOS="1155.0" WIDTH="580.0" HEIGHT="47.0">
            <Shape><Polygon POINTS="379 1188 380 1202 400 1197 546 1201 574 1201 575 1201 580 1200 604 1194 664 1198 665 1198 666 1198 680 1194 701 1198 707 1199 708 1199 716 1198 732 1195 735 1197 736 1199 737 1199 738 1199 739 1199 765 1198 765 1198 768 1197 777 1192 793 1197 796 1197 797 1197 798 1197 798 1197 799 1197 800 1197 804 1192 815 1197 818 1197 819 1197 820 1197 821 1197 823 1197 831 1192 837 1197 839 1197 839 1197 840 1197 841 1197 958 1194 958 1181 956 1156 936 1161 888 1161 881 1157 876 1155 876 1155 875 1155 834 1159 809 1160 786 1160 742 1157 741 1157 740 1157 740 1157 735 1160 731 1163 715 1160 687 1157 629 1157 628 1157 627 1157 626 1157 618 1163 609 1158 608 1158 537 1158 536 1158 535 1158 518 1164 517 1165 515 1164 505 1159 504 1159 477 1159 477 1159 476 1159 452 1166 449 1167 378 1167 379 1188"/></Shape>
            <String CONTENT="parent ſuis Magiſtratibus &amp; regibus, quàm veri" HPOS="378.0" VPOS="1155.0" WIDTH="580.0" HEIGHT="47.0" WC="0.995715765242881"/>
          </TextLine>
          <TextLine ID="line_32" TAGREFS="LT8" BASELINE="381 1219 956 1213" HPOS="380.0" VPOS="1189.0" WIDTH="576.0" HEIGHT="52.0">
            <Shape><Polygon POINTS="381 1219 382 1238 390 1233 405 1238 412 1240 413 1240 414 1240 415 1240 415 1240 419 1238 428 1232 447 1232 465 1237 477 1240 478 1240 479 1241 544 1241 544 1240 545 1240 555 1234 562 1231 583 1230 604 1234 636 1238 637 1238 691 1232 716 1229 749 1230 864 1237 865 1237 866 1237 887 1227 888 1227 888 1227 915 1236 916 1236 917 1236 917 1236 918 1236 931 1227 956 1225 956 1213 955 1196 939 1189 938 1189 938 1189 847 1196 840 1191 839 1191 839 1191 838 1191 837 1191 826 1194 791 1190 790 1190 790 1190 773 1197 658 1197 644 1192 643 1192 642 1192 641 1192 625 1198 594 1193 593 1193 563 1197 550 1192 549 1192 548 1192 518 1199 507 1193 506 1193 506 1193 505 1193 487 1199 470 1193 469 1193 469 1193 393 1194 392 1194 380 1199 381 1219"/></Shape>
            <String CONTENT="Chriſtiani: quod Remigius etiam Clodoueo pri¬" HPOS="380.0" VPOS="1189.0" WIDTH="576.0" HEIGHT="52.0" WC="0.9926232708825006"/>
          </TextLine>
        </TextBlock>
        <TextBlock ID="block_5">
          <TextLine ID="line_33" TAGREFS="LT8" BASELINE="397 151 945 140" HPOS="396.0" VPOS="111.0" WIDTH="549.0" HEIGHT="51.0">
            <Shape><Polygon POINTS="397 151 397 157 437 162 438 162 523 156 525 156 526 156 599 159 600 159 600 159 601 159 608 154 609 154 611 154 690 157 691 157 804 152 813 155 814 155 814 155 815 155 832 150 841 154 842 154 843 154 877 150 929 152 930 152 930 152 945 148 945 140 942 115 864 116 851 112 851 112 850 112 831 116 818 111 817 111 816 111 777 118 773 119 764 119 709 115 708 115 687 120 685 120 683 120 656 114 655 114 654 114 641 121 640 122 609 122 609 121 563 115 563 115 524 116 523 116 522 116 512 123 510 123 479 117 478 117 396 125 397 151"/></Shape>
            <String CONTENT="Contrà verò hæc tantarum rerum commu¬" HPOS="396.0" VPOS="111.0" WIDTH="549.0" HEIGHT="51.0" WC="0.9992748437783657"/>
          </TextLine>
          <TextLine ID="line_34" TAGREFS="LT8" BASELINE="367 185 587 179 947 174" HPOS="366.0" VPOS="147.0" WIDTH="581.0" HEIGHT="49.0">
            <Shape><Polygon POINTS="367 185 367 196 593 187 640 189 684 192 685 192 729 190 730 190 738 187 743 185 770 186 826 189 827 189 852 184 857 183 863 183 911 188 912 188 946 181 947 174 946 154 879 151 878 151 830 155 827 155 826 155 788 147 787 147 786 147 768 156 765 157 747 157 745 156 736 148 735 148 734 148 733 148 701 150 700 150 686 156 682 159 653 159 650 157 639 149 638 149 637 149 637 149 603 150 602 150 601 150 594 155 583 151 582 151 581 151 506 152 506 152 505 152 505 152 497 159 494 161 474 159 465 158 465 158 464 158 460 159 449 162 434 160 405 154 404 154 366 160 367 185"/></Shape>
            <String CONTENT="nio ſeruos dominis ſuis æquare videtur, vt iam" HPOS="366.0" VPOS="147.0" WIDTH="581.0" HEIGHT="49.0" WC="0.9995549515537594"/>
          </TextLine>
          <TextLine ID="line_35" TAGREFS="LT8" BASELINE="369 218 559 212 946 206" HPOS="368.0" VPOS="186.0" WIDTH="578.0" HEIGHT="44.0">
            <Shape><Polygon POINTS="762 205 754 205 746 205 738 205 730 205 722 205 714 205 706 205 698 205 690 205 682 205 674 205 666 205 658 205 650 205 641 205 633 205 625 205 617 205 609 205 601 205 593 205 585 205 577 205 569 205 561 205 553 205 545 205 537 205 529 205 521 205 513 205 505 205 497 205 489 205 481 205 473 205 465 205 456 205 448 205 440 205 432 205 424 205 416 205 408 205 400 205 392 205 384 205 376 205 368 205 369 218 369 230 438 229 439 229 440 229 466 222 493 227 499 228 500 228 509 226 547 220 626 223 631 223 632 223 637 223 687 218 692 222 693 222 694 222 695 222 695 222 707 221 732 218 745 220 763 223 764 223 792 218 803 217 809 218 820 222 821 222 822 222 843 217 856 214 870 216 885 218 886 218 887 218 893 216 894 215 895 216 905 220 905 220 906 221 938 221 938 220 939 220 940 220 946 214 946 206 945 186 876 186 876 186 875 186 874 186 872 188 861 194 852 188 851 187 851 187 850 187 849 187 777 188 776 188 775 188 773 190 764 197 762 205"/></Shape>
            <String CONTENT="propter fraternitatis lomen differentia omnis" HPOS="368.0" VPOS="186.0" WIDTH="578.0" HEIGHT="44.0" WC="0.9812763306829665"/>
          </TextLine>
          <TextLine ID="line_36" TAGREFS="LT8" BASELINE="369 250 565 244 925 239" HPOS="368.0" VPOS="213.0" WIDTH="557.0" HEIGHT="44.0">
            <Shape><Polygon POINTS="369 250 369 257 594 251 623 255 627 255 628 255 629 255 629 255 640 250 709 253 728 254 729 254 730 254 732 253 742 249 755 253 757 253 757 253 758 253 925 250 925 239 925 220 905 213 904 213 880 213 880 213 879 213 878 213 868 220 825 213 824 213 774 222 773 223 732 223 711 223 702 216 701 216 700 216 683 216 683 216 650 217 649 217 632 225 603 218 602 218 601 218 587 226 572 218 572 218 549 218 548 218 547 218 547 218 539 223 513 219 512 219 511 219 484 227 441 221 440 221 440 221 439 221 427 228 368 230 369 250"/></Shape>
            <String CONTENT="inter ſeruos &amp; dominos ſublata cenſeri poſſit." HPOS="368.0" VPOS="213.0" WIDTH="557.0" HEIGHT="44.0" WC="0.994729889475781"/>
          </TextLine>
        </TextBlock>
      </PrintSpace>
    </Page>
  </Layout>
</alto>
