1000 1448
482.0 98.0 391.0 45.0 AD' I. PAVL. AD TIM.

364.0 115.0 59.0 33.0 100

362.0 129.0 584.0 56.0 tantur. Et vera eſt illa Auguſtini ſententia lib.19

363.0 168.0 583.0 52.0 de Ciuitate Dei cap. 19. Otium ſanctum quærit

364.0 203.0 581.0 51.0 charitas veritatis: negotium iuitum ſuſcipit ne¬

365.0 241.0 224.0 45.0 ceſſitas charitatis.

398.0 264.0 548.0 52.0 Epiſcopatum autem definit Paulus ἔργον non

366.0 296.0 580.0 53.0 τιμὴν, quia, vt ibidem dicit, & rectè quidem Au¬

366.0 331.0 581.0 51.0 guſtinus, epiſcopatus eſt nomen operis & oneris:

366.0 361.0 580.0 53.0 non autem honoris. Væ igitur deſidioſis & cani¬

366.0 394.0 581.0 51.0 bus mutis, qui ſe tamen vocant Epiſcopos, vt eſt

367.0 425.0 580.0 56.0 apud Iſai. 56. Videtur autem hæc ſumpta defi¬

368.0 459.0 581.0 52.0 nitio ex Exod. cap. 39. ſed imprimis verſ.41. vbi

370.0 493.0 576.0 50.0 quæ Aaron & Leuitæ habere ſingularia & pe¬

370.0 526.0 579.0 45.0 culiaria iubentur, ad miniſtrandum Deo, non or¬

370.0 558.0 579.0 46.0 namenti cauſa illis data eſſe commemorantur:

369.0 591.0 579.0 50.0 ſed potius miniſterij & operis illis à Deo in¬

370.0 631.0 165.0 45.0 iuncti gratia.

409.0 683.0 541.0 64.0 2 Oportet igitur Epiſcopum irreprehen¬

371.0 728.0 580.0 56.0 ſum eſſe, vnius vxoris virum, vigilantem,

371.0 763.0 582.0 63.0 ſobrium, compoſitum, hoſpitalem, aptum ad

371.0 814.0 155.0 45.0 docendum.

407.0 845.0 545.0 53.0 Varias dotes poſtea recenſet Paulus, quibus

374.0 880.0 576.0 51.0 ornatum eſſefpiſcopum oportet, vt ſit maioris

373.0 913.0 580.0 50.0 inter ſuos authoritatis, & tanquam exemplar to¬

373.0 946.0 582.0 49.0 tius gregis, vt docet Petrus 1. Epiſt. cap.5. Manant

374.0 979.0 580.0 48.0 enim in vulgus exempla regentum, & paſtorem

373.0 1009.0 582.0 49.0 oportet non tantùm doctrina: ſed & vitæ probi

374.0 1040.0 581.0 50.0 tate ac ſanctitate cæteris prælucere. Matth.5.vt ſit

374.0 1075.0 581.0 49.0 ſal, quia quodammodo in ipſius Dei doctrinam,

375.0 1106.0 582.0 51.0 quam prædicant, redundant paſtorum vitia &

375.0 1137.0 581.0 54.0 probra. Vnde fit, vt etiam in lege veteri ſymbolis

376.0 1172.0 582.0 55.0 quibuſdam doceret Dominus quantas dotes in

784.0 1205.0 174.0 49.0 Sacerdot ibus
