1000 1448
360.0 107.0 583.0 57.0 Iura conſcientiæ & ſeruitutem peccati, à quanos

362.0 143.0 576.0 51.0 Chriſtus liberauit, cum iure politiæ & ſeruitute

361.0 176.0 580.0 53.0 hac corporis, quæ etiam in Eccleſia manet, & à

362.0 206.0 577.0 54.0 Chriſto ipſo ſublata non eſt, quia idẽ iubet red¬

362.0 238.0 578.0 57.0 di Cæſari, quæ ſunt Cæſaris, quæ diſtinguit ab ijs

365.0 274.0 573.0 48.0 quæ ſunt Dei. Denique Chriſtus ipſe tributum

367.0 314.0 571.0 44.0 Publicanis & Cæiaris onciatious perſoluit, ne

365.0 341.0 503.0 49.0 hîc latiùs hoc argumentum perſequamur.

407.0 403.0 536.0 57.0 2 Qui verò fideles habent dominos, ne

366.0 441.0 577.0 60.0 cos deſpiciant quòd fratres ſint: ſed potius

366.0 478.0 580.0 64.0 inſeruiant, quòd fideles ſint ac dilecti, vt

368.0 523.0 578.0 57.0 qui ſint beneficij Dei participes. Hæc doce,

368.0 569.0 196.0 41.0 & exhortare.

362 74 48 52 418

463 76 375 47 AD I. PAVL. AD TIM.

383.0 600.0 562.0 50.0 Ἀνταπόδοσις vel ſubiectio. Alteram enim pro¬

370.0 631.0 576.0 55.0 poſitæ dominorum diuiſionis ſpeciem perſequi¬

370.0 666.0 578.0 50.0 tur, eorum nempe, qui ſunt fideles, Pij, & Chri¬

369.0 695.0 580.0 53.0 ſtiani domini, quibus quantùm ſerui Chriſtiani

371.0 731.0 578.0 52.0 parere teneantur, docet hoc loco Paulus. Eſt igi¬

372.0 762.0 578.0 52.0 tur hic alter canon. Serui fideles dominos Chri¬

373.0 796.0 577.0 49.0 ſtianos quàm maximo honore colunto, & quã

375.0 829.0 576.0 49.0 poſſunt ſummiſſè illis obſequuntor. Vtitur autẽ

374.0 861.0 578.0 51.0 hîc pulcherrima ἀντιθέσει, qua non modò præce¬

375.0 893.0 577.0 53.0 ptum hoc illuſtrat: ſed tacitè ſeruorum obiectio¬

374.0 924.0 579.0 52.0 nibus reſpondet, contundítque præfractorum

376.0 960.0 577.0 48.0 dura ingenia breui reſponſione. Ait igitur Pau¬

377.0 990.0 576.0 50.0 lus, ſerui dominos fideles, Ne ſpernant, quòd

376.0 1023.0 578.0 47.0 ſint fratres, ſed Potius tantóque magis eos hono

376.0 1053.0 578.0 54.0 rẽt, quòd ſunt Fideles Dilecti, Gratię Dei parti¬

378.0 1089.0 576.0 49.0 cipes. Æquius eſt enim vt amicis obſequamur,

381.0 1123.0 573.0 47.0 quàm vel inimicis, vel hominibus non ita nos

378.0 1153.0 577.0 58.0 diligen tibus. Æquius eſt, vt manſuetis dominis

898.0 1191.0 56.0 38.0 quis
