1000 1448
362.0 82.0 61.0 20.0 40

468.0 69.0 375.0 36.0 AD I. PAVL. AD TIM.

357.0 96.0 575.0 47.0 cies eſt, quas auari conſectantur maximè: tamen

355.0 130.0 577.0 47.0 hîc omne opum genus complectitur. Itaque oi¬

355.0 162.0 574.0 47.0 λάργνεςς hîc à Paulo dicitur, qui ſiue argentum,

354.0 196.0 576.0 44.0 ſiue aurum, ſiue agros, ſiue frumẽtum, ſiue quaſ¬

355.0 228.0 575.0 46.0 libet alias opes ardenter expetit, & vitioſè, id

354.0 260.0 575.0 46.0 eſt, & plus quàm oportet, & alio modo, atque ad

353.0 292.0 576.0 45.0 alium finem quàm oportet. Nam & auaritia ipſa

353.0 325.0 573.0 45.0 Latinum vocabulum, quanquam nomen eſt ab

353.0 359.0 573.0 44.0 auro deriuatum, immoderatam tamen quarum¬

353.0 390.0 570.0 47.0 libet opum appetitionem vel ſtudium generali¬

350.0 435.0 576.0 34.0 cer compicetieur, quemaumiodum docet Augu¬

350.0 455.0 575.0 44.0 ſtinus. Alij auaritiam ab auiditate dictam ma¬

349.0 488.0 575.0 44.0 lunt, vnde multa auara appellant, quæ auro non

349.0 520.0 371.0 43.0 egent, vti dicitur mare auarum.

381.0 555.0 545.0 41.0 Duplex autem malum enumerat hoc loco

348.0 585.0 576.0 43.0 Paulus ex omnibus ijs, quæ auaritia procreat,

345.0 617.0 576.0 41.0 nempe Defectionem à fide, & Animi cruciatum.

347.0 649.0 574.0 44.0 Defectionem à fide ex nimio opum vel conge¬

345.0 682.0 576.0 43.0 rendarum, vel conſeruandarum ſtudio, accidere,

345.0 715.0 575.0 44.0 infinita hominum exempla docent, & quotidia¬

344.0 752.0 575.0 35.0 na experientia. Quot enim hominum millia in

342.0 780.0 577.0 41.0 noſtra, præſertim Gallia, propterea fidem Chri¬

343.0 811.0 574.0 46.0 ſti, quam antea profeſſi fuerant., abnegarunt?

344.0 845.0 528.0 40.0 Quot adhuc hodie propterea deſciſcunt?

344.0 877.0 570.0 44.0 Quot etiam in media ipſa Eccleſiarum pace pro¬

341.0 910.0 572.0 43.0 pter opes Deum factis negant, quem ore profi¬

339.0 942.0 575.0 43.0 tentur? Hæc vna maximè cauſa Samoſatenum in

337.0 972.0 577.0 46.0 maledictam illam hæreſin, quæ poſtea Arrianiſ¬

337.0 1005.0 575.0 46.0 mi radix fuit, induxit vt opes à Zenobia Arabum

336.0 1036.0 573.0 47.0 regina haberet, neque ab ea priuaretur ijs bonis,

335.0 1070.0 574.0 47.0 quæ vt Epiſcopus Antiochiæ poſſidebat. Et inter

331.0 1102.0 577.0 45.0 cauſas hæreſeõn & à Paulo, & ab omnibus aua¬

328.0 1134.0 577.0 42.0 ritia recenſetur. Satan ipſe ita tentauit Chriſtum

325.0 1164.0 576.0 57.0 Matth.2. Omnia regna mundi tibi dabo, ſi cadẽs
