1000 1448
381.0 87.0 71.0 20.0 300

481.0 75.0 376.0 35.0 AD I. FAVL. AD TIM.

377.0 100.0 569.0 49.0 do ſperni videbant & ſe velut mundi ſordes &

374.0 137.0 572.0 43.0 immunditiem abiici, vt docet Paulus I. Corinth.

374.0 168.0 572.0 40.0 4.verſ.5. qualis eſt hodie Gallicanarum Ecele¬

374.0 203.0 572.0 41.0 ſiarum ſtatus, quibus Dominus ipſe magna ſua

373.0 234.0 572.0 44.0 miſericordia aliquando ſuccurret. Præclarè verò

374.0 265.0 569.0 46.0 & rectè annotat Chryſoſt. hîc apparere, quantus

371.0 297.0 575.0 44.0 ſit Pauli in Dei maieſtate celebranda zelus, vti

372.0 329.0 573.0 45.0 alibi quoque ſæpe idem poteſt à nobis obſerua¬

372.0 363.0 572.0 45.0 ri. Hîc enim ſibi temperare non poteſt, ſed pul¬

370.0 398.0 573.0 42.0 cherrima variorum epithetorum congerie admi¬

370.0 427.0 572.0 44.0 rabilem & incomprehenſibilem Dei maieſtatẽ

370.0 459.0 572.0 42.0 eſſe docet, nóſque in eius admirationem rapit.

370.0 494.0 571.0 42.0 Itaque manum, quod aiunt, non poteſt tollere de

368.0 525.0 574.0 43.0 tabula. Sic autem ſunt commemorata hæc omnia

370.0 567.0 570.0 34.0 ve quudai gradutio nijs obieruata fuiſſe videa¬

366.0 589.0 576.0 44.0 tur. Appellat enim Deum primum beatum: dein¬

367.0 621.0 574.0 46.0 de ſolum potentem: tum poſtea Regem regum &

366.0 652.0 574.0 47.0 ſic deinceps creſcente vocum ſignificatione rem

365.0 683.0 157.0 47.0 ipſam auget.

399.0 716.0 541.0 48.0 Sed quęritur, cur Deum beatum & potenté

366.0 754.0 574.0 42.0 vocet, qui potius eſt ipſa beatitudo, & potentia

365.0 784.0 573.0 44.0 dicendus, quàm beatus & potens. Sunt enim hæ

366.0 814.0 573.0 45.0 voces, quibus vtitur Paulus, παρώ υμαι, vt Diale¬

362.0 848.0 576.0 47.0 ctici loquuntur, quæ alterius rei, velut qualitatis,

364.0 882.0 574.0 42.0 participationem & attributionem denotant fie¬

362.0 913.0 576.0 44.0 ri in ſubiecto, de quo vſurpantur. Et tamen Deus

362.0 946.0 573.0 44.0 nullius beatitudinis communicatione eſt beatus,

361.0 976.0 575.0 45.0 nullius potentiæ participatione potens: ſed eſt i¬

362.0 1008.0 575.0 46.0 pſa & beatitudo & potentia, & eo ipſo beatus &

362.0 1041.0 574.0 44.0 potens, quia eſt ipſum illud quod eſt. Omnia e¬

361.0 1073.0 574.0 45.0 nim quæ Deus habet ſunt Dei eſſentia: non qua¬

359.0 1103.0 577.0 45.0 litates: nec alio quàm ſeipſo Deus vel beatus eſt

361.0 1136.0 573.0 69.0 vel potens. Reſpond. Nos homines cogi cùm de

868.0 1176.0 66.0 43.0 Deo
