1000 1448
390.0 97.0 69.0 22.0 416

490.0 82.0 390.0 36.0 AD I. PAVL. AD TIM.

387.0 111.0 575.0 48.0 πότακτοι ſumus. Item vbique docet Petrus in t.

386.0 151.0 226.0 39.0 epiſtola cap.2.&3.

418.0 176.0 545.0 46.0 Cur autem blaſphemetur Deus ex iſta rebel¬

384.0 210.0 578.0 44.0 lione ſeruorum & ſubditorum in dominos ſuos

386.0 246.0 576.0 46.0 & præfectos, ratio eſt multiplex: ſed hæ duæ im¬

389.0 283.0 92.0 38.0 primis

417.0 304.0 547.0 48.0 Prima, quòd cenſetur & Deus ipſe, & ipſius

386.0 344.0 576.0 38.0 doctrina iſtius confuſionis atque ἀ ταίας cauſa.

386.0 375.0 576.0 41.0 Atqui Deus neque ſeditionis, neque confuſionis

385.0 410.0 577.0 38.0 author eſt, vt docet Paulus 1. Corinth. 14. verſ.33.

385.0 441.0 578.0 37.0 Imò verò nemo poteſtatem habet niſi à Deo,

386.0 473.0 578.0 40.0 quemadmodum ait Dominus noſter Ieſus Chri¬

384.0 506.0 580.0 40.0 ſtus Ioan.19. verſ.11. Ex quo fit, vt qui poteſtati ſi¬

384.0 538.0 580.0 41.0 ut domttiutæ, ſiue publicæ reſiſtit, Deo ipſi reſi¬

384.0 571.0 579.0 36.0 ſtat. Quæ verò rerum confuſio, quantáque per¬

385.0 603.0 578.0 38.0 turbatio inducatur, ſi neque ſerui Chriſtiani ſuis

385.0 636.0 579.0 41.0 dominis, neque ſubditi ſuis magiſtratibus pareãt

384.0 670.0 515.0 41.0 nunquam ſatis cogitari poteſt, nedum dici.

417.0 699.0 548.0 42.0 Secunda ratio, cur Dei nomen ob iſtam rebel¬

383.0 732.0 580.0 42.0 lionem blaſphemetur, hæc eſt. Quòd Deus i¬

386.0 765.0 578.0 41.0 pſiuſque Euangelium, humana iura tollere, &

386.0 798.0 578.0 38.0 quod cuiuſque proprium eſt, illi adimere tunc

386.0 830.0 578.0 41.0 cenſetur. Itaque furta turpiſſima præcipere. Nam

383.0 862.0 580.0 41.0 ſeruus cuiuſque noſtrum tam noſter eſt, & ius

383.0 894.0 580.0 41.0 nobis in eum tam competit, quàm quælibet alia

383.0 925.0 580.0 40.0 res noſtra, noſtra eſt. Quod ius ſi Chriſtiani no¬

385.0 959.0 579.0 38.0 minis profeſſio à ſeruo facta adimit, furtum rei

384.0 991.0 578.0 41.0 alienæ facere præcipit Deus, & adimit Domino

381.0 1023.0 584.0 42.0 quod eſt ſuum ipſo, etiam inuito. Neque obſtat

387.0 1057.0 576.0 37.0 quod de Oneſimo obiici poteſt, Paulum pro eo

383.0 1090.0 579.0 39.0 deprecatum eſſe. Hoc enim verum eſt. Sed neq;

382.0 1122.0 582.0 38.0 ſeruum inuito domino eripuit Paulus: neque id¬

385.0 1155.0 580.0 45.0 circo liberum eſſe pronuntiat Oneſimum, quòd

816.0 1184.0 147.0 51.0 Chriſtianus
