1000 1448
276.0 101.0 207.0 24.0 CAPVT III.

629.0 88.0 38.0 42.0 117

86.0 119.0 585.0 48.0 tarunt grauiſſimé. Et hæc quidem in Ordinandis

87.0 156.0 583.0 40.0 ad munus Eccleſiaſticum obtinebant. In iam Or¬

88.0 189.0 581.0 40.0 dinatis verò iſtud obſeruatum primum eſt, vt v¬

86.0 222.0 583.0 41.0 xores ſuas, quas tunc habebant, retinerent, iiſque

86.0 255.0 584.0 37.0 vterẽtur: niſi eas contra ſpontaneã promiſſionem

86.0 287.0 581.0 36.0 iam factã duxiſſent, tunc.n. ab officio deponebã¬

86.0 320.0 582.0 37.0 tur, quia vxores duxerãt. Tamẽ rata iſta coniugia

87.0 351.0 587.0 41.0 eſſe & haberi oportére iudicabatur: ne tales à

86.0 383.0 583.0 42.0 fuis vxoribus diuellerẽtur. Sed inter digamos ta¬

86.0 415.0 584.0 44.0 men pœnitebãt. Poſtea verò iuſsi ſunt, etiam qui

86.0 448.0 585.0 42.0 cõiuges & mariti electi fuerant, vxorũ ſuarũ vſu

86.0 480.0 587.0 38.0 abſtinere, quod fuit Abelonitarũ hæreticorũ do¬

89.0 512.0 588.0 43.0 gma vt docet in lib. de Hæreſ. Auguſt. etſi retine¬

84.0 547.0 589.0 41.0 re & eas, tamen ſine vſu, domi habere poterant &

85.0 579.0 585.0 41.0 concedebantur. Itaque fere in monaſteria, quòd

84.0 611.0 582.0 41.0 iſta vxoris ſine vſu retentio mali eſſet exempli,

85.0 643.0 585.0 40.0 or dinatorum miniſtrorum vxores detrudeban¬

86.0 676.0 584.0 41.0 tur Tandem verò creſcente in Eccleſia ſuperſti¬

85.0 711.0 582.0 37.0 tione & inſtãte Syricio Papa impuriſsimo, & eius

86.0 740.0 581.0 40.0 ſucceſſoribus Papis, coacti ſunt, vel inuiti, Epi¬

86.0 772.0 581.0 39.0 ſcopi & Preſbyteri eas deſerere, & huiuſmodi cõ¬

85.0 806.0 581.0 37.0 iugia, velut inceſtæ nuptiæ, propter violatum

86.0 841.0 581.0 38.0 continentiæ votum ſunt, omnino & apertè dam¬

85.0 872.0 582.0 38.0 nata, & diſſoluta tanquã nulla eſſent can. Preſby¬

86.0 904.0 580.0 36.0 teris & can.ſeq. diſt.27. & omne conſortium cum

84.0 934.0 582.0 38.0 muli eribus clericis interdictũ demũ eſt, niſi cum

83.0 967.0 585.0 40.0 cognatis & ſibi ſanguine coniunctis fœminis, cũ

85.0 1003.0 581.0 37.0 quibus etiam nimiũ frequens cõſuetudo propter

83.0 1032.0 583.0 40.0 ſuſpicionem fuit prohibita cano. Interdixit diſt.

85.0 1065.0 579.0 41.0 32, & cano. Quorundam diſtinct.34. Sed dum ho¬

85.0 1100.0 581.0 38.0 mines temerarij honeſtum matrimonium mini¬

85.0 1131.0 581.0 41.0 ſtris Eccleſiaſticis prohibuerunt, & interdixerũt,

489.0 1192.0 66.0 50.0 h.iij.

86.0 1163.0 582.0 53.0 eos ad fœdiſsimam ſcortationem & adulteria
