1000 1448
461.0 86.0 391.0 37.0 AD I. PAVL. AD TIM.

362.0 99.0 72.0 28.0 106

359.0 115.0 580.0 49.0 dis Salomonis & aliorũ Patriarcharũ abuſi duas

359.0 153.0 582.0 48.0 pluréſque ſimul coniuges ducebant. Nunquam

358.0 189.0 581.0 40.0 autem illi acceperunt ita hunc locum, quaſi qui

358.0 218.0 582.0 45.0 coniux ſit, Epiſcopus fieri non poſſet, aut quaſi

359.0 251.0 579.0 45.0 qui iam factus eſſet Epiſcopus, vxorem ducere,

358.0 284.0 580.0 40.0 ſi velit, non deberet aut auderet. Nondum enim

359.0 313.0 579.0 47.0 impia Cyricij Rom. Epiſcopi ſententia edita fue¬

358.0 348.0 580.0 42.0 rat, quæ Epiſcopos celibes effecit. Ergo apparet

358.0 382.0 582.0 41.0 eſſe poſſe Epiſcopos coniuges, ſed tamen non

358.0 412.0 580.0 48.0 poſſe eſſe digamos. Digamum enim & quidem

361.0 445.0 578.0 45.0 verè interpretabantur, qui duas ſimul vxores ha¬

358.0 479.0 581.0 43.0 beret, & eodem tempore. Sed & duas quoque v¬

358.0 510.0 584.0 45.0 xores habere cenſendi ſunt, qui primam quidem

360.0 543.0 578.0 44.0 vxorem repudiarunt: ſed extra cauſas verbo Dei

358.0 574.0 581.0 47.0 comprehenſas, & aliam illi repudiatæ ſuperindu¬

357.0 609.0 585.0 44.0 xerunt, qualia multa ex non iuſtis cauſis fiebant

358.0 639.0 585.0 44.0 olim diuortia tum inter Iudæos ipſos, tum etiam

360.0 676.0 582.0 39.0 iter Gentesirvee enn duiuſmodi coniugia ab¬

358.0 703.0 586.0 45.0 funt ab impuris adulterijs, vt docet Chriſtus Matt

359.0 736.0 582.0 44.0 19. verſ.9. quia extra cauſas à Deo explicatas fiũt.

359.0 769.0 581.0 46.0 Ergo & hi quoque ſunt digami, vti & priores illi,

362.0 802.0 580.0 48.0 qui duas vxores habent, quos Epiſcopos eſſe non

366.0 840.0 145.0 36.0 vult Paulus.

395.0 862.0 547.0 47.0 Ratio verò huius præcepti eſt multiplex. Pri¬

363.0 897.0 579.0 46.0 mùm ædificatio Eccleſiæ. Cùm enim multæ cõ¬

362.0 930.0 580.0 48.0 iuges eiuſdem viri, ſint profanatio matrimonij à

362.0 965.0 581.0 42.0 Deo inſtituti: & magnæ libidinis & incontinentię

361.0 995.0 581.0 46.0 ſignum, réſque ea ſit ómnino per ſe fœda, & tur¬

362.0 1028.0 580.0 46.0 pis, perinde atque ſi plura corpora vnum tantùm

362.0 1059.0 580.0 47.0 caput haberent, ab ea fœditate maximè paſtori

362.0 1091.0 580.0 48.0 Eccleſiæ eſt fugiendum & abſtinendum. Deniq;

362.0 1126.0 578.0 45.0 cùm Deus ipſe grauiſſimè huiuſmodi coniugijs,

364.0 1155.0 578.0 57.0 quæ ſunt adulterio paria, offendatur, illa prohi¬

885.0 1186.0 60.0 51.0 beri
