1000 1448
399.0 81.0 469.0 33.0 47 AD T. TAVL. AD TIM.

387.0 109.0 575.0 47.0 iſta dominus nobis ea lege dedit, vt alijs ius, idẽ

388.0 146.0 574.0 43.0 vſusfructus relinquete poſſimus nõ tãtùm vt ijs

387.0 180.0 575.0 42.0 vtamur viuentes. Ergo & morientes legẽ certã

386.0 216.0 576.0 39.0 imponere teſtamento, contractu, legato, aliàque

386.0 242.0 498.0 41.0 legitima ratione poſſumus hæredi noſtro.

419.0 273.0 543.0 44.0 Denique inſulſum eſt, quod Monachi hoc

386.0 306.0 575.0 43.0 Pauli dictum ad ſe ſolos pertinere putant. Perti¬

385.0 339.0 577.0 43.0 net enim ad omnes Chriſtianos, qui procul à ſe

385.0 375.0 576.0 37.0 omnem auaritiæ animum abiicere atque remo¬

385.0 406.0 575.0 41.0 uere debent. Longè verior eſt concilij Antioche¬

385.0 436.0 576.0 43.0 ni cap.35. ſententia, quod iubet ne de Eccleſiæ

383.0 468.0 577.0 42.0 bonis Epiſcopi vel clerici plus ſibi, quàm victum

383.0 501.0 577.0 41.0 & veſtitum accipiant, ſi tamen ſe ſuis ſumptibus

384.0 534.0 578.0 41.0 exhibere non poſſunt. In proprios aut domeſti¬

383.0 565.0 579.0 43.0 cos vſus alios, aut in agrorũ ſuorũ, vel cognatorũ

383.0 598.0 577.0 37.0 commoda ne ea bona conuertant. Id quod etiã

382.0 629.0 576.0 44.0 in can. Epiſcopus 12.quæſt 1.relatum eſt. Deniq;

382.0 662.0 578.0 40.0 de bonis Eccleſiæ Sacerdos viuere, non autem

382.0 692.0 579.0 45.0 luxuriari debet, vt eſt in diſt. 44. Et quod iam ad

382.0 727.0 576.0 39.0 luxum conceſſæ ſunt Epiſcopis ampliſſimę opes

382.0 759.0 577.0 42.0 de bonis Eccleſiæ, id factum eſt cum pauperum

384.0 792.0 575.0 42.0 magno detrimento & iniuria:atque etiam ipſius

382.0 823.0 577.0 43.0 Eccleſiæ magno malo. Nam quod Canoniſtæ

381.0 857.0 578.0 42.0 reſpondent in gloſſa neceſſitatem canon. I.21.

382.0 888.0 579.0 42.0 quæſt.1.quia hodie creuit decus Eccleſiæ, idcir¬

383.0 922.0 578.0 41.0 co præter neceſſaria prætérque victum & veſti¬

383.0 954.0 575.0 41.0 tum debuiſſe quoque opes maiores Epiſcopis

383.0 987.0 577.0 41.0 concedi, quas in alijs rebus, vti in equis, pretioſis

385.0 1016.0 574.0 44.0 veſtibus &c.inſumerent, vt ſplendorem Eccleſiæ

383.0 1050.0 577.0 43.0 conſeruarent, illud eſt pernitioſiſſimum & falſi¬

382.0 1081.0 579.0 44.0 ſſimum, refutatúrque canon. Vaſa de conſecrat.

384.0 1114.0 575.0 40.0 diſtinct.1 vbi omnem eum ſplendorem externũ

383.0 1144.0 575.0 54.0 Epiſcoporum & Eccleſiaſticæ ſupellectilis, ve¬

883.0 1178.0 77.0 60.0 ſtitus
