1000 1448
355.0 121.0 60.0 27.0 116

458.0 108.0 382.0 38.0 AD I. PAVL. AD TIM.

351.0 133.0 587.0 56.0 Eccleſiaſticam non poſſent aſſumi Arelat. conci¬

353.0 170.0 585.0 52.0 lio 4. cap.2. can. Aſſumi diſtinct. 28. cui ſubſcri¬

356.0 202.0 582.0 52.0 pſit Callixtus Papa Rom. At verò Huldericus

357.0 238.0 579.0 48.0 Auguſtanus Epiſcopus, qui vixit ante annos 700.

355.0 268.0 583.0 48.0 acerrimè ei decreto reſtitit & Nicolao Papæ.

358.0 302.0 578.0 48.0 Quod nouum etiam decretum & inauditum ap¬

357.0 333.0 581.0 51.0 pellat can. De Syracuſanæ & prorſus improbatur

358.0 365.0 579.0 50.0 Gangrenſis Synodi cap.4. Synodo Conſtantino¬

358.0 399.0 580.0 49.0 politana, quæ fuit ſexta vniuerſalis Synodus, quę

359.0 431.0 579.0 48.0 vtraque Synodus multis ſeculis & Arelatenſe il¬

358.0 464.0 580.0 50.0 lud concilium 4. & Callixtum Pontificem præ¬

360.0 495.0 579.0 48.0 ceſſit. Sed & ante vtranque Nicenla quoque pri¬

361.0 526.0 580.0 52.0 ma cap.13. & ante hanc Nicenam cano. Apoſtoli¬

362.0 560.0 577.0 50.0 co, qui eſt N.6. qui etiam eſt in cano. Si quis di¬

360.0 592.0 581.0 47.0 ſtinct. 28. adeò vt Leo imperator cognomento

360.0 624.0 581.0 50.0 Philoſophus Nouella ſua 2. iubeat hoc decretum

361.0 657.0 580.0 50.0 ex Dei Eccleſia faceſſere, & prorſus in perſona¬

360.0 688.0 581.0 51.0 rum Eccleſiaſticarum electionibus ſilere. De¬

362.0 723.0 580.0 50.0 nique Syneſius Epiſcopus ad Eutropium negat

361.0 754.0 581.0 50.0 ſuam ſe vxorẽ dimiſſurum, quam ei & Deus ipſe,

363.0 787.0 580.0 48.0 & lex habere concedunt. Cùm autem ita variè

364.0 821.0 578.0 50.0 de coniugio Sacerdotum diſceptaretur, primus

365.0 854.0 577.0 48.0 Syricius Papa, qui vixit circa annum Domini 400

363.0 885.0 579.0 48.0 & Ambroſij Mediolanenſis Epiſcopi ætate, ma¬

365.0 921.0 577.0 46.0 gna temeritate & nullo Sacræ ſcripturæ nixus

366.0 951.0 577.0 46.0 lufidamente definiuit & ſanxit, Sacerdotes mane¬

365.0 982.0 577.0 46.0 rent cœlibes. cui videtur Ambroſ. epiſt. 8o. & 81.

365.0 1014.0 580.0 48.0 aſſenſus. Hiſpania verò vniuerſa, & Germania

366.0 1047.0 579.0 49.0 cõtradixit, adeò vt hæc etiã poſt longum poſtea

366.0 1079.0 577.0 51.0 tempus Epiſcopos & Preſbyteros coniuges ha¬

366.0 1111.0 579.0 50.0 beret. Syricij dictum eſt in diſtin. 8.Anno Domi¬

365.0 1144.0 581.0 49.0 ni 1074. vt ait Nauclerus contra Hildebrandum

365.0 1178.0 580.0 57.0 id eſt, Gregorium 7. Papam Germani de eo cer¬

862.0 1212.0 86.0 38.0 tarunt
