1000 1448
358.0 80.0 497.0 34.0 404 AD I. TAVL. AD TIM.

354.0 108.0 580.0 47.0 tiam nobis deſcribunt. Itaque eſt hiclocus ſingu¬

353.0 143.0 585.0 46.0 laris & egregius, vti & ille, qui eſt ſup.cap.1. verſ.

353.0 178.0 581.0 43.0 17. qui huie ſimilis eſt. Quatuor autem attributa

353.0 209.0 581.0 41.0 referuntur hoc verſiculo, nempe. I Quòd ſolus

353.0 242.0 578.0 41.0 habeat immortalitatem. 2 Quòd lucem inhabi¬

353.0 283.0 581.0 32.0 cermaccemiauenn 5 oueui nemo vnquã

356.0 306.0 575.0 46.0 viderit. 4 Quod illi ſoli Honos & gloria de¬

355.0 340.0 87.0 37.0 betur.

386.0 371.0 544.0 40.0 Ac primum epitheton excutiamus. Dicitur

353.0 406.0 579.0 39.0 igitur ſolus Deus habere immortalitatem, ἀθανα¬

353.0 438.0 580.0 40.0 σίαν dixit Paulus. Immortalitas mortem, tanquã

355.0 473.0 576.0 37.0 exiſtendi finem, excludere tantũ videtur: non e¬

354.0 503.0 577.0 35.0 tiam principium exiſtendi remouere. Itaque non

353.0 534.0 577.0 41.0 ſatis magnificè hoc de Deo videri poteſt Paulus

354.0 568.0 575.0 38.0 dixiſſe. Neque enim ſequitur, vt quod immorta¬

352.0 596.0 580.0 43.0 le eſt, ſit æternum cùm multa exiſtendi principiũ

351.0 631.0 580.0 39.0 habeant, quæ tamẽ minimè ſunt habitura finem.

350.0 662.0 582.0 44.0 Itaque ἀἶδότητα potius appellant, quàm ἀθανασίαν

350.0 696.0 582.0 40.0 illam diuinæ naturæ ὐπαρξν, & exiſtendi modum

356.0 728.0 574.0 37.0 vt eſt Hebr.7.verſ.3. Vnde Paulus Romanor. 16.

351.0 761.0 578.0 37.0 verſ.26. Deum αιώνιον, id eſt, æternum appellat,

353.0 792.0 577.0 40.0 vt eſt Iſai.57.verſ.15. Reſpond. Immortalitatem

350.0 824.0 580.0 41.0 propriè hoc loco accipi. Itaque dico eam com¬

349.0 856.0 581.0 43.0 plecti æt ernitatem, id eſt, & principium & finẽ

349.0 888.0 581.0 37.0 exiſtendi planè ſecludere. Nam quæ immorta¬

349.0 923.0 581.0 39.0 lia dicuntur, neque ſunt æterna, illa impropriè

348.0 955.0 582.0 36.0 talia ſunt, quia alieno tantùm beneficio, non au¬

348.0 987.0 582.0 41.0 tem ſua vi & poteſtate viuunt, ſubſiſtunt, & talia

347.0 1020.0 585.0 38.0 durant, quemadmodum Angeli, & humanæ ani¬

348.0 1050.0 582.0 38.0 mæ. Dei enim ſuſtentatione perdurant & ſubſi¬

346.0 1083.0 584.0 40.0 ſtunt, non ſua ipſorum. Præclarè enim Iræ.lib 4

346.0 1114.0 589.0 42.0 cap 37. Vita hominis, id eſt, animæ, eſt viſio Dei.

349.0 1147.0 579.0 50.0 Quod ab eo ſumptum ſæpè recitat Auguſtinus.

839.0 1182.0 89.0 39.0 Itaque
