1000 1448
482.0 83.0 390.0 48.0 AD I. PAVL. AD TIM.

375.0 104.0 65.0 34.0 146

374.0 117.0 587.0 57.0 Synodo Nicæna prima repetita eſt, vt apparet

375.0 152.0 583.0 53.0 cap.2. & canon. Quoniam multa, diſtinct.48.A163

375.0 183.0 583.0 56.0 hæc fuit vetus Eccleſiæ diſciplina etiã poſt Apo¬

376.0 218.0 585.0 53.0 ſtolos, tamẽ poſtea cõtempta eſt. Nam cùm Am¬

378.0 247.0 582.0 53.0 broſius adhuc Neophytus extruordinariè Me¬

378.0 281.0 584.0 51.0 diolanenſis Epiſcopus creatus fuiſſet, voluerunt

379.0 314.0 582.0 51.0 homines ſtatim poſt baptiſmum etiam quoſuis

379.0 349.0 581.0 52.0 eligi in clericos vel Epiſcopos poſſe. Id quod ſuo

379.0 382.0 583.0 46.0 ſeculo iam factitatum fuiſſe ſcribit Hieronymus,

382.0 417.0 329.0 51.0 qui fuit Ambroſio æqualis.

416.0 442.0 545.0 53.0 Veruntamen hæc Pauli regula nõ vſque adeò

382.0 476.0 582.0 54.0 præciſa eſt, & ſtricta, vt omnino ab ea, ex iuſta

382.0 511.0 580.0 51.0 tamen cauſa, diſcedi non poſsit. Sed iuſtam cau¬

382.0 539.0 580.0 54.0 ſam eſſe oportet, quia huiuſmodi perſonarum e¬

381.0 573.0 583.0 55.0 lectiones ſunt certè periculoſæ, & tanquam ex¬

382.0 605.0 581.0 53.0 traordinariæ. Si tamen vel Eccleſiæ néceſsitas,

383.0 637.0 584.0 51.0 vel eximiæ Neophyti dotes, vel ſumma eius mo¬

383.0 671.0 583.0 52.0 deſtia iam probata in aliis rebus, eum eligendum

384.0 705.0 583.0 50.0 ſuadeant, eligendus eſt, neque à Pauli præcepto

384.0 736.0 583.0 51.0 diſcedemus, quia rationẽ ſubiicit Paulus, propter

386.0 770.0 580.0 49.0 quam vetat eos eligi, non quod Neophytos o¬

386.0 801.0 582.0 54.0 mnino neget poſſe ex aliqua iuſta cauſa vocari

386.0 838.0 582.0 46.0 àd Epiſcopatui ver doctoratunt: ſed ne tales in¬

385.0 867.0 585.0 54.0 flentur. Quod periculum ab iis abeſt, qui iam ſuæ

387.0 898.0 581.0 58.0 modeſtiæ magnum & certum ſpecimen edide¬

389.0 949.0 76.0 36.0 rant.

416.0 962.0 550.0 50.0 Iam verò huius præcepti occaſione veteres ſy¬

389.0 999.0 580.0 50.0 nodi quædam ſanciuerunt iquæ nõ ſunt omnino

390.0 1028.0 560.0 55.0 vel prætermittenda, vel vt inutilia negligenda.

421.0 1062.0 549.0 48.0 Et primùm voluerunt, vt qui ad maiores gra¬

391.0 1096.0 580.0 49.0 dus Eccleſiaſticos promouerẽtur, illi ex minori¬

390.0 1125.0 581.0 52.0 bus ordinibus & inferioribus gradibus aſſume¬

388.0 1156.0 584.0 66.0 tentur. Id quod audio adhuc in Boëmicis Eccle¬

929.0 1185.0 47.0 50.0 ſijs
