1000 1448
270.0 100.0 170.0 17.0 CANVIV.

595.0 65.0 48.0 60.0 343

69.0 111.0 577.0 50.0 pſit in eccleſia Dei. Ergo nemo ſibi honorem tri

71.0 152.0 574.0 41.0 buere meccienla Derjeitra legitimam vocationẽ

72.0 187.0 88.0 39.0 debet.

104.0 209.0 539.0 50.0 4. Dominus Deus eſt eccleſiæ tanquam pe¬

71.0 246.0 575.0 46.0 culiaris ſuæ domus & proprij peculij ſolus pater¬

71.0 279.0 575.0 45.0 familiâs & legiſlator, & diſpenſator. Ergo qui a¬

72.0 319.0 574.0 37.0 nquiu mea citra iprius voruritatem tiarpat, fur

71.0 344.0 575.0 46.0 eſt, & latro: non autẽ legitimus illius adminiſtra¬

73.0 380.0 162.0 40.0 tor & geſtor.

108.0 405.0 539.0 49.0 5 Qui, præter legitimam vocationem eccleſia¬

72.0 444.0 577.0 41.0 ſticam dignitatem adit, perinde facit, atque qui

71.0 475.0 580.0 42.0 domum alienam alio’aditu & modo, quàm per o¬

70.0 506.0 580.0 45.0 ſtium ingreditur. Hoc autem furum eſt, & latro¬

72.0 542.0 575.0 39.0 num, non autem legitimè ingredientium. ergo

73.0 570.0 574.0 43.0 qui hac ratione, id eſt, ſine legitima vocatione ec

72.0 602.0 577.0 43.0 cleſiaſticum munus gerunt, ſunt fures, non Paſto¬

73.0 637.0 154.0 38.0 res eccleſiæ.

106.0 662.0 542.0 48.0 Quod autem nobis obiicitur de Prophetis, éos

73.0 700.0 576.0 40.0 ſine vocatione ſæpe fuiſſe, & munus illud ſuum in

74.0 732.0 573.0 40.0 eccleſia Dei exercuiſſe, falſiſſimum eſt, vt ſuo exẽ

74.0 767.0 567.0 42.0 plo docet Amos, cap.7.verſ.15. Item Hier.1.ver.

74.0 798.0 574.0 41.0 5.Sed vocatio illa prophetarum vt plurimum fuit

73.0 832.0 576.0 39.0 extraordinaria. Eos enim Dominus ipſe vocabat

71.0 864.0 576.0 38.0 & excitabat, ex qua tribu volebat, quo tempore

73.0 895.0 574.0 39.0 volebat, ſed vocabat tamẽ. Deinde eorũ vocatio¬

72.0 928.0 575.0 37.0 nẽ Deus vel ipſo rerũ ab iis prædictarum euẽtu:

74.0 961.0 574.0 39.0 vel aliis modis apertè confirmabat, adeò, vt illi

73.0 992.0 571.0 39.0 ab eo miſſi eſſe ſatis ab omnibus ad eorum pro¬

74.0 1023.0 576.0 44.0 phetias attendentibus intelligerentur. Idem eſt

74.0 1056.0 573.0 42.0 reſpondẽdũ de Chriſto cuius vocatio & à Deo

73.0 1090.0 574.0 42.0 ipſo in ipſo baptiſmo fuit patefacta, etiam olim à

79.0 1123.0 513.0 43.0 prophetis prædicta, etſi non fuit ordinaria.

105.0 1155.0 549.0 46.0 Aeriani hæretici damnati ſunt: & nũc Anabs¬

482.0 1192.0 71.0 45.0 y.fiij.
