1000 1448
469.0 83.0 384.0 39.0 AD f. PAVL.AD TIM.

358.0 102.0 57.0 26.0 334

355.0 114.0 583.0 51.0 bera adhibent, vbi verba & ſanctas exhortatio¬

355.0 151.0 582.0 46.0 nes aut admonitiones afferre & in promptu ha¬

354.0 188.0 582.0 42.0 bere debebant: non autem ad eos, qui in ſuos do¬

355.0 218.0 328.0 46.0 meſtica diſciplina vtuntur.

389.0 245.0 551.0 51.0 Denique quæſitum eſt de Epiſcopo, vtrum ad

356.0 279.0 580.0 45.0 bellum proficiſci poſsit, in acie armatus ſtare,

355.0 314.0 583.0 43.0 duellum ſibi delatum committere, & acceptare.

356.0 347.0 582.0 46.0 Denique torneamenta, quæ vocant, vel ipſe obi¬

355.0 378.0 579.0 45.0 re, vel ſpectare? Ac quidem quod ad militiam

356.0 411.0 578.0 48.0 pertinet, ſcripſit Origenes Homilia 6.ad cap.8.

357.0 442.0 581.0 45.0 Leuit. Eſt & aliud opus, ait, quod fecit Moſes, ad

357.0 477.0 581.0 43.0 bella non vadit, non pugnat contra inimicos. Sed

358.0 507.0 580.0 48.0 quid facit? orat. Id quod eſt relatum in canon. Si

358.0 542.0 581.0 42.0 quis vult diſt. 36. Adeò vt vetentur clerici manu

359.0 571.0 579.0 49.0 authoritatéq; propria ipſi in hoſtes arma ſume¬

357.0 605.0 581.0 46.0 re, & cum aliis fidelibus (nam de infidelium ex¬

358.0 639.0 581.0 45.0 ercitu dubitandum non putabant, quin omnino

356.0 668.0 582.0 47.0 ab eo Epiſcopi abeſſe deberent) ad arma cõcur¬

354.0 702.0 585.0 46.0 rere, in hoſtẽ pugnare, ſéq; illi obiicere. Id quod

356.0 735.0 584.0 45.0 cùm fieret à Gallicanis Epiſcopis & Siculis repre

355.0 767.0 586.0 46.0 henſum grauiter eſt, vt eſt in can. Reprehẽſibile &

356.0 800.0 583.0 47.0 can. Si quis Epiſcopus S repreheduntur 23. quæſt.

355.0 833.0 581.0 45.0 8. Nã prorſus abeſſe à conſiliis pugnæ, ſecularíſq;

357.0 864.0 582.0 45.0 militiæ negotiis Epiſcopos oportere ſancitũ eſt

356.0 896.0 581.0 43.0 ſynodorum decretis propter illud Pauli 2.Timo.

356.0 928.0 582.0 46.0 2.verſ.4. Nemo militans Deo, implicat ſe ſecula¬

355.0 962.0 583.0 45.0 ribus negotiis. Sed etiam ab omni cædis humanæ

355.0 996.0 582.0 44.0 participatione oportere eoſdem immunes eſſe

353.0 1027.0 587.0 44.0 decretum eſt, quòd ea res pertinere videretur

353.0 1059.0 583.0 44.0 tum ad tuendam miniſterii Euangelici innocen¬

356.0 1094.0 580.0 41.0 tiam & ſanctitatem: tum etiam ad authoritatem

354.0 1125.0 580.0 43.0 illius commendãdam & augendam apud omnes

353.0 1156.0 581.0 57.0 Braccarenſ. Synod.cap.26. & eſt in canon. Si quis

830.0 1190.0 103.0 48.0 viduam
