1000 1448
387.0 101.0 65.0 27.0 320

475.0 81.0 395.0 43.0 AD I. PAVL. AD TIM.

379.0 112.0 575.0 58.0 quoque Iacobus cap.5.verſ.16.quæ ſæpe à Paſto¬

378.0 150.0 577.0 52.0 re fieri præſcribitur ad mutuam reconciliationẽ:

378.0 182.0 576.0 53.0 & non præcepta, tamen ex officio à quoque no¬

378.0 215.0 576.0 50.0 ſtrum fieri debet, vt bonum conſcientiæ teſti¬

379.0 254.0 248.0 43.0 monium habeamus.

411.0 278.0 544.0 51.0 Publicũ cenſuræ genus eſt, cùm agnitio offen¬

379.0 308.0 575.0 53.0 ſionis non fit fratri ſoli offenſo: ſed adhibitis aliis

385.0 345.0 570.0 47.0 velut illius confeſſionis teſtibus. Hæc etiam

380.0 375.0 574.0 48.0 à Chriſto commemorata eſt Matth.18.verſ.16.

381.0 409.0 574.0 51.0 Hîe autem Bernard. ſermo.44. conſilium locum

378.0 441.0 576.0 48.0 habet, qui oleo ſuauium admonitionum morda¬

378.0 473.0 578.0 52.0 cia medicamenta, & vinum compunctionis ſæpe

379.0 508.0 577.0 46.0 docet eſſe adhibendum, duris videlicet & præ¬

378.0 536.0 577.0 51.0 fractis. Denique ſi duritia tanta eſt, etiam cenſu¬

377.0 572.0 578.0 48.0 ræ Eccleſiaſticæ baculo percellendum contem¬

378.0 601.0 579.0 54.0 ptorem docet, qui priuatim reconciliari cum fra¬

378.0 634.0 579.0 50.0 tre nolit. Huius autem poſtremæ cenſuræ multæ

378.0 664.0 580.0 55.0 ſunt ſpecies & differentiæ, quæ ex loci & multi¬

378.0 698.0 579.0 51.0 tudinis, in qua fit, ratione ſumuntur. Eò enim ma¬

378.0 732.0 579.0 53.0 gis publica eſt hæc confeſſio & cenſura, quò ma¬

378.0 763.0 579.0 54.0 ior eſt cœtus, & frequentior celebriórque locus,

378.0 797.0 578.0 49.0 in quo fit, atque quò plures illius teſtes adhiben¬

377.0 829.0 581.0 53.0 tur. Ergo ſic à nobis videtur diuidi poſſe vt Alia

377.0 859.0 576.0 53.0 dicatur Conſiſtorialis: alia Eccleſſaſtica cenſura.

379.0 893.0 578.0 52.0 Conſiſtorialis eſt, quæ coram ſolo ſenatu Eccle¬

378.0 926.0 578.0 51.0 haſtico fit ab eo, qui peccauit. Cœtum enim Pre¬

379.0 959.0 577.0 50.0 sbyterorum ſenatum Eccleſiæ vocat Hieronym.

409.0 991.0 548.0 50.0 Eccleſiaſtica, quæ fit præſente & aduocata v¬

378.0 1023.0 580.0 51.0 niuerſa illius loci & vrbis Eccleſia, & non tan¬

378.0 1054.0 580.0 52.0 tùm ſenatu Eccleſiaſtico præſente, id eſt, eo tem¬

378.0 1086.0 579.0 55.0 pore & loco, quo cœtus Eccleſiæ conuenit, & fre¬

382.0 1133.0 127.0 42.0 quens eſt.

411.0 1151.0 543.0 61.0 Publica verò nunquam, niſi pro publico deli¬

901.0 1185.0 56.0 48.0 cto,
