1000 1448
262.0 103.0 196.0 28.0 CAPVT III.

609.0 93.0 39.0 42.0 151

66.0 123.0 584.0 49.0 ctione ſcripturæ, & reliquis partibus fui muneris

66.0 161.0 584.0 40.0 auocentur, quàm ſi regias opes adminiſtrarent.

67.0 193.0 583.0 42.0 Sed quia iſta Eccleſiaſtica negotia vocantur, eam

68.0 226.0 582.0 38.0 curam & diſtractionem non damnabant: & ad

67.0 259.0 581.0 40.0 eam dictum Pauli pertinere nolebant, ne lucris,

66.0 291.0 584.0 42.0 & commodis ipſorum quicquam decederet &

68.0 323.0 581.0 42.0 detraheretur. Atqui & hæc ipſa cura, eſt cura re¬

66.0 353.0 583.0 41.0 rum ſecularium, & implicat nos ita vt officio ſa¬

66.0 386.0 584.0 45.0 tisfacere & ſupereſſe non poſſimus, adeóq; hæc i¬

68.0 419.0 585.0 43.0 pſa cura à Paulo damnata eſt 2.Timoth.2.verſ.6.

69.0 451.0 581.0 44.0 Vnde rectius quidam Epiſcopi, tempore Iuſti¬

65.0 484.0 585.0 43.0 niani Imperatoris, qui alios præter ſe, prætérque

65.0 515.0 585.0 44.0 clericos ipſos, id eſt, præter Diaconos & Preſby¬

67.0 547.0 583.0 40.0 teros, habebant, qui ea bona Eccleſiæ admini¬

65.0 580.0 585.0 43.0 ſtrarent, quos homines Oeconomos Eccleſiæ

67.0 612.0 583.0 39.0 vocabant, vt apparet in conſtiturionibus Iuſtin.

66.0 645.0 584.0 43.0 lib.1.Codic. Tit de Epiſcopis. Pro quibus poſtea

66.0 678.0 583.0 37.0 ſeculo corruptiſsimo & creſcentibus Eccleſiæ

67.0 710.0 579.0 38.0 bonis aduocatos nobiles habuerũt. Oeconomos

66.0 743.0 582.0 36.0 autem bonorum Eccleſiæ viros bonos habere

69.0 777.0 581.0 39.0 præſtaret etiam in ijs locis, vbi poſt ſuſceptum

68.0 809.0 582.0 34.0 verum Euangelium, bona tamen Eccleſiaſtica ab¬

67.0 850.0 580.0 33.0 Epneopis retmemtur, ver au iplis Iriſſstris poſsi¬

66.0 874.0 582.0 38.0 dentur, ne in iis procurandis, & defendendis, &

67.0 905.0 582.0 41.0 adminiſtrandis occuparentur, ij, qui in rebus me¬

66.0 937.0 584.0 42.0 lioribus verſari, & toti eſſe deberẽt. Sed bonus eſt

69.0 970.0 585.0 43.0 odor lucri. Peius autem illa bona ad homines au¬

68.0 1004.0 582.0 44.0 licos transferuntur, tanquam præda ex Papatu

68.0 1040.0 84.0 40.0 capta.

98.0 1065.0 552.0 45.0 Ergo quæritur, num ſecularium negotiorum

69.0 1100.0 581.0 43.0 ſcientes eſſe Epiſcopos futuros oporteat. In quo

70.0 1132.0 585.0 39.0 reſponſum eſt variè & conſtitutum diuerſè. Nam

73.0 1165.0 583.0 50.0 diſtinct 39. apertè ſancitum, oportere tales eſſe,

469.0 1199.0 74.0 52.0 K.iiij.
