1000 1448
382.0 102.0 52.0 22.0 422

479.0 80.0 385.0 47.0 AD I. PAVL. AD TIM.

374.0 130.0 399.0 34.0 ſimoniam cum veſte diſtinct. 41.

409.0 153.0 546.0 45.0 Nominatim autem præſcriptum eſt concilio

373.0 186.0 579.0 44.0 Martini Papæ, vt clerici veſtes talares geſtarent,

372.0 220.0 582.0 39.0 & ijs induerentur. Deinde ne barbam, & comam

370.0 251.0 584.0 45.0 nutrirent, in quo manifeſta concilij Chartaginẽ¬

370.0 283.0 581.0 46.0 ſis deprauatio & falſificatio à Gratiano facta eſt,

373.0 319.0 577.0 42.0 vbi vetantur clerici omnes barbam radere, pro

370.0 349.0 579.0 45.0 quo iſte ſuppoſuit, barbam nutrire. Ergo comam

369.0 383.0 582.0 43.0 alere non debent clerici: ſed attonſo capite eſſe

368.0 414.0 582.0 44.0 auribus patentibus, & deſuper habere caput in

366.0 448.0 584.0 41.0 modum Sphæræ abraſum, vt eſt in cõcilio Char¬

365.0 478.0 585.0 45.0 tagin. 4. Additum eſt extra lib.3. Tit. de vita &

365.0 510.0 584.0 45.0 honeſtate, clericor. ne diſciſſas caligas, & induſia

365.0 543.0 583.0 45.0 operoſè facta induant & geſtent, quæ fuerunt iã

365.0 577.0 582.0 44.0 monachales ſuperſtitiones, & pars humanarum

365.0 617.0 582.0 37.0 traditionum perieulola. Modus quidem in ijs o¬

365.0 643.0 581.0 41.0 mnibus ſeruãdus eſt, quem ratio locorum & per¬

362.0 674.0 585.0 45.0 ſonarum exigit & honeſtas ipſa poſtulat. Sed iſtæ

362.0 707.0 584.0 42.0 leges in nugis ſanctitatem paſtorũ poſtea col¬

363.0 740.0 120.0 41.0 locarunt:

395.0 770.0 550.0 45.0 Quæſitum eſt etiam, Vtrum militari habitu &

362.0 807.0 583.0 40.0 more veſtiri poſſit & debeat Epiſcopus:aut habi¬

361.0 839.0 582.0 41.0 tum quem habet, vtrum in militarem veſtẽ mu¬

360.0 872.0 584.0 38.0 tare poſſit, & Epiſcopus manere? Reſpondeo ex

359.0 903.0 583.0 43.0 concilio Gangrenſi cap. 21. Epiſcopo eo veſtitus

361.0 936.0 581.0 43.0 genere, nempe militati, non licere vti aſsiduè &

360.0 968.0 581.0 41.0 ordinarié. Ex cauſa tamen nonnunquam ſumere

359.0 1000.0 583.0 42.0 poſſe, pro ratione locorum & temporum, vti do¬

358.0 1031.0 581.0 45.0 cet Theodoret.lib. 4.Hiſtor. cap.13 exemplo Eu¬

357.0 1063.0 580.0 46.0 ſebij pij Epiſcopi militarem veſtem aſſumentis.

357.0 1097.0 582.0 42.0 Coniungunt cum hoc loco diſputationem, de In¬

355.0 1131.0 583.0 41.0 tegritate membrorum, & de Nobilitate ſeu Di¬

356.0 1163.0 582.0 52.0 uitiis ordinandorum, quia hæc etiam duo viden¬

892.0 1198.0 48.0 49.0 tur
