1000 1448
588.0 92.0 50.0 43.0 421

246.0 107.0 190.0 23.0 CAPVT VI.

61.0 126.0 579.0 46.0 mo Francorum regi reſpondit, cùm ille falſa iſta

59.0 174.0 578.0 35.0 opmione mmoueus rengionem emiidanam pro¬

61.0 195.0 217.0 39.0 fiteri formidaret.

94.0 226.0 543.0 45.0 Cur autem lubentiùs ſeruire pareréque fide¬

61.0 259.0 579.0 43.0 libus dominis debeant fideles ſerui, atque ſubdi¬

59.0 292.0 580.0 43.0 ti, quàm prophanis & Ethnicis, triplex ratio vi¬

59.0 324.0 580.0 43.0 detur afferri, nempe quòd tales domini ſunt Fi¬

61.0 358.0 576.0 40.0 deles, Dilecti Deo, Beneficij Dei conſortes, vel

61.0 390.0 578.0 44.0 participes. Itaque triplicem qualitatem deſignat

60.0 424.0 579.0 40.0 Paulus, quæ nobis tales dominos commendat:

61.0 456.0 576.0 41.0 neque hos tantùm, ſed etiam fideles magiſtratus.

61.0 486.0 578.0 37.0 Nam quæ de dominis fidelibus ait Paulus, ad fi¬

60.0 520.0 574.0 41.0 deles magiſtratus ſunt transferenda omnia, atq;

59.0 565.0 580.0 28.0 accommodanda. Ergo fideles vocat, vt ex com¬

60.0 584.0 577.0 40.0 muni illo ſacro fidei vinculo intelligant & ſubdi¬

59.0 617.0 580.0 41.0 ti, & ſerui ſeſe magis illis eſſe deuinctos, atque

59.0 648.0 578.0 46.0 obſtrictos, quàm infidelibus, quibus tamen pa¬

59.0 682.0 311.0 40.0 rendum eſſe ſuprà docuit.

110.0 711.0 528.0 45.0 Dilectos vocat, quòd tales dominos, cùm

59.0 747.0 579.0 42.0 ſint fideles, ſpeciali amore & honore Deus ipſe

61.0 779.0 578.0 42.0 proſequatur, nedum vt eos ſubditi vel ſerui

61.0 813.0 579.0 41.0 ſpernant. Dilectionem igitur hanc ad Deum re¬

61.0 844.0 579.0 42.0 fero, & paſſiuè accipio, non autem actiuè, nec eã

61.0 876.0 579.0 42.0 dilectionem eſſe puto, qua Domini ſeruos ſuos

62.0 909.0 577.0 41.0 cõplectuntur: ſed qua Deus ipſos dominos. Par¬

62.0 942.0 577.0 41.0 ticipes item vocat gratiæ Dei. Ergo quanto ma¬

64.0 974.0 578.0 37.0 iore à Deo ipſo beneficio & gratia donãtur, de¬

60.0 1006.0 581.0 36.0 corãtur, atq; honorantur magiſtratus, & domini

61.0 1036.0 578.0 42.0 fideles, quàm infideles: tãtò ſunt à ſubditis & ſer¬

61.0 1070.0 578.0 40.0 uis ſuismagis venerandi atq; colendi. Facit. n.hoc

62.0 1100.0 576.0 43.0 Dei gratia, vt longe quibuſuis infidelibus Domi¬

62.0 1135.0 577.0 42.0 nis pręcellant quemadmodum docet lacob.2.v.5

97.0 1166.0 542.0 51.0 Alij vti Chryſoſt. Eraſm. & quidam, aliter hæc

460.0 1198.0 72.0 50.0 D.iij.
