1000 1448
356.0 123.0 58.0 25.0 292

489.0 103.0 356.0 40.0 AD I. PAVL. ADITIM

356.0 127.0 577.0 54.0 Deo dicebãtur, manebant nõ in vllo monaſterio

356.0 165.0 578.0 53.0 & ſimul, etiamſi in eadẽ ciuitate plures huiuſmo¬

356.0 198.0 578.0 52.0 di eſſent. Atque etiam ſæpe ipſæ domos ſeorſim,

358.0 230.0 577.0 52.0 quæque ſuã, habebant, ex quibus vel ſolæ, vel co¬

358.0 263.0 576.0 53.0 mitatæ cùm volebant, & cùm libebat egredie¬

358.0 295.0 579.0 51.0 bantur, nihilque à cæterarum virginum cõditio¬

358.0 328.0 580.0 52.0 ne differebant, niſi quòd eas cæteris caſtitatis ex¬

359.0 361.0 578.0 50.0 emplum eſſe oporteret. Id apparet ex can. Nu¬

360.0 392.0 580.0 53.0 ptiarum 27. quæſt. 1. Quin etiam poſtea eædem, ſi

362.0 429.0 578.0 48.0 volebant, poterant nubere. Et quanquam in eo o¬

362.0 459.0 577.0 52.0 pinione quadam leuitatis apud pios grauabantur

364.0 491.0 576.0 52.0 propterea tamen neque ſacra Cœna ijs interdi¬

364.0 522.0 577.0 49.0 cebatur, neque etiam ipſæ Eccleſia excommu¬

362.0 555.0 580.0 49.0 nicabantur, vti poſtea factum eſt. Hoc igitur ma¬

362.0 585.0 582.0 51.0 li initium & exordium fuit, ſed latiùs poſtea Sa¬

363.0 619.0 581.0 51.0 tanæ aſtu prouectum atque propagatum eſt. Pri¬

364.0 652.0 579.0 49.0 mùm quidem his nominibus vocari cœperunt,

365.0 683.0 580.0 52.0 vt Moniales, Sanctimoniales, Virgines & Nonnę

365.0 715.0 581.0 53.0 dicerentur. Poſtea verò Monachæ & ad propha¬

365.0 747.0 583.0 49.0 narum imitationem, virgines Veſtales: ad quarũ

366.0 784.0 581.0 44.0 inſtituta reuocatæ vetitæ ſunt, ne priuatas ædes

367.0 811.0 582.0 51.0 haberent, id eſt habitacula vel cellulas feorſim

368.0 844.0 580.0 53.0 incolerent: ſed iuſſæ ſunt vt in communi habita¬

368.0 877.0 584.0 52.0 rent & viuerent. Hoc primum fuit, deinde fancirũ

369.0 910.0 581.0 49.0 eſt, ne aliæ Sanctimoniales cenſerentur, quàm

372.0 942.0 577.0 53.0 que uiedi Monaſterio certo, certæq; regulę ſeſe

370.0 973.0 582.0 52.0 in perpetuũaddixiſſent can. Pernicioſam 18 queſt.

372.0 1007.0 579.0 52.0 2.concil.tamẽ Agath. vetabantur iſta Monacha¬

372.0 1039.0 582.0 51.0 rum Monaſteria & cellæ (quibus iſtæ conclude¬

370.0 1072.0 587.0 50.0 bantur) iuxta Monachorum & virorum caulas &

369.0 1103.0 586.0 51.0 luſtra propter periculum & offendiculum ædifi¬

366.0 1135.0 588.0 50.0 cari, vti eſt in cano. Monaſteria puellarum quæſt.

366.0 1168.0 587.0 58.0 2Cœpta ſunt autẽ ædificari earum cœnobia ma¬

869.0 1200.0 83.0 41.0 ximè.
