1000 1448
464.0 91.0 383.0 40.0 AD I. PAVL. AD TIM.

358.0 106.0 41.0 33.0 98

353.0 119.0 584.0 52.0 occaſio tolleretur, & diſſentionum plantaria e¬

353.0 156.0 583.0 45.0 uellerentur. Ita ille in Epiſt. ad Euagrium, cuius

353.0 189.0 581.0 48.0 dictum refertur in canon. Leginus in Iſaia diſt.

357.0 222.0 579.0 49.0 93. & ipſe repetit in Epiſt. Pauli ad Titum cap.1.

356.0 253.0 582.0 46.0 Contrà vero res ipſa docuit, iſtud fuiſſe veriſſimũ

358.0 285.0 578.0 48.0 vniuerſalis à fide Chriſti apoſtaſiæ ſemen & fun¬

356.0 326.0 579.0 40.0 dametum: & læumimnæ fius tyranidis, quæ in Pa¬

354.0 355.0 583.0 47.0 patu etiamnum hodie viget, fulſimentum maxi¬

356.0 395.0 81.0 40.0 mum.

388.0 417.0 548.0 49.0 Quod ad quartum argumentum attinet, pror¬

354.0 448.0 584.0 49.0 ſus elumbe eſt. Neque enim regimen Eccleſiæ

355.0 482.0 582.0 47.0 eſt reuocandum ad ciuilis politiæ rationem &

356.0 514.0 582.0 44.0 normam vt docet Chriſtus Luc.22.verſ.25.1. Pet.

359.0 546.0 579.0 49.0 5 verſ.3. quia Dominus ipſe, qui ſuæ Eccleſiæ eſt

357.0 580.0 581.0 46.0 rex, eius quoque regendæ regulam nobis verbo

357.0 611.0 579.0 48.0 ſuo præſcripſit prorſus ab Monarchica alienam.

357.0 645.0 581.0 46.0 Denique tantum inde malum ſerpſit, id eſt, ex

358.0 677.0 580.0 47.0 hac Epiſcoporum prælatura, vt quemadmodum

358.0 708.0 579.0 48.0 ſcribit contra Luciferia. Hieronym.non ſatis re¬

359.0 744.0 580.0 43.0 ctè cenſerentur baptizari, qui a Presbyteris erãt

357.0 772.0 579.0 50.0 baptizati, niſi poſtea manus illis ab ipſo Epiſco¬

363.0 806.0 574.0 49.0 po & præpoſito iſto imponerentur: à quo ſolo

358.0 838.0 581.0 45.0 dari ſpiritum ſanctum crediderunt. Atque inde

358.0 872.0 581.0 45.0 putidum illud confirmationis ſuæ Sacramentum

362.0 908.0 267.0 40.0 Papiſtæ fabricati ſunt.

396.0 933.0 543.0 47.0 Veniamus ad verba Pauli. Commẽdat futurã

358.0 968.0 580.0 44.0 tractationem, tum à Modo ipſo dicendi, tũ à Re

358.0 1000.0 580.0 48.0 ipſa. Modus dicendi eſt, præfatio quam attexuit,

358.0 1035.0 582.0 42.0 quò futuram doctrinam veram eſſe, & retinen¬

357.0 1065.0 581.0 45.0 dam intelligeremus, velut Dei ipſius vocem:nõ

357.0 1098.0 581.0 42.0 autem exiſtimemus hæc præcepta poſſe à nobis

355.0 1131.0 584.0 46.0 ſperni, & quæ hîc traduntur, inter ἀδιάφνρα recen¬

356.0 1161.0 584.0 56.0 ſenda reponendáque eſſe. Eſt enim ſolius Dei in

888.0 1194.0 52.0 44.0 ſua
