<?xml version='1.0' encoding='UTF-8'?>
<alto xmlns:xsi="http://www.w3.org/2001/XMLSchema-instance" xmlns="http://www.loc.gov/standards/alto/ns-v4#" xsi:schemaLocation="http://www.loc.gov/standards/alto/ns-v4# http://www.loc.gov/standards/alto/v4/alto-4-2.xsd">
  <Description>
    <MeasurementUnit>pixel</MeasurementUnit>
    <sourceImageInformation>
      <fileName>2013087.jpeg</fileName>
    </sourceImageInformation>
  </Description>
  <Tags>
    <OtherTag ID="BT7" LABEL="CustomZone" DESCRIPTION="block type CustomZone"/><OtherTag ID="BT8" LABEL="DamageZone" DESCRIPTION="block type DamageZone"/><OtherTag ID="BT9" LABEL="DigitizationArtefactZone" DESCRIPTION="block type DigitizationArtefactZone"/><OtherTag ID="BT10" LABEL="DropCapitalZone" DESCRIPTION="block type DropCapitalZone"/><OtherTag ID="BT11" LABEL="GraphicZone" DESCRIPTION="block type GraphicZone"/><OtherTag ID="BT12" LABEL="MainZone" DESCRIPTION="block type MainZone"/><OtherTag ID="BT13" LABEL="MarginTextZone" DESCRIPTION="block type MarginTextZone"/><OtherTag ID="BT14" LABEL="MusicZone" DESCRIPTION="block type MusicZone"/><OtherTag ID="BT15" LABEL="NumberingZone" DESCRIPTION="block type NumberingZone"/><OtherTag ID="BT17" LABEL="QuireMarksZone" DESCRIPTION="block type QuireMarksZone"/><OtherTag ID="BT18" LABEL="RunningTitleZone" DESCRIPTION="block type RunningTitleZone"/><OtherTag ID="BT19" LABEL="SealZone" DESCRIPTION="block type SealZone"/><OtherTag ID="BT20" LABEL="StampZone" DESCRIPTION="block type StampZone"/><OtherTag ID="BT21" LABEL="TableZone" DESCRIPTION="block type TableZone"/><OtherTag ID="BT22" LABEL="TitlePageZone" DESCRIPTION="block type TitlePageZone"/><OtherTag ID="BT3407" LABEL="MainZone-Continued" DESCRIPTION="block type MainZone-Continued"/><OtherTag ID="BT3408" LABEL="MainZone-P" DESCRIPTION="block type MainZone-P"/><OtherTag ID="BT3409" LABEL="MainZone-Head" DESCRIPTION="block type MainZone-Head"/><OtherTag ID="BT3410" LABEL="MainZone-Other" DESCRIPTION="block type MainZone-Other"/><OtherTag ID="BT3411" LABEL="MainZone-Sp" DESCRIPTION="block type MainZone-Sp"/><OtherTag ID="BT3417" LABEL="MainZone-Sp-Continued" DESCRIPTION="block type MainZone-Sp-Continued"/><OtherTag ID="BT3418" LABEL="GraphicZone-Decoration" DESCRIPTION="block type GraphicZone-Decoration"/><OtherTag ID="BT3419" LABEL="MainZone-Entry" DESCRIPTION="block type MainZone-Entry"/><OtherTag ID="BT3420" LABEL="MainZone-Lg" DESCRIPTION="block type MainZone-Lg"/><OtherTag ID="BT3421" LABEL="MainZone-Entry-Continued" DESCRIPTION="block type MainZone-Entry-Continued"/><OtherTag ID="BT3422" LABEL="MarginTextZone-ManuscriptAddendum" DESCRIPTION="block type MarginTextZone-ManuscriptAddendum"/><OtherTag ID="BT3423" LABEL="MainZone-List" DESCRIPTION="block type MainZone-List"/>
    <OtherTag ID="LT7" LABEL="CustomLine" DESCRIPTION="line type CustomLine"/><OtherTag ID="LT8" LABEL="DefaultLine" DESCRIPTION="line type DefaultLine"/><OtherTag ID="LT9" LABEL="DropCapitalLine" DESCRIPTION="line type DropCapitalLine"/><OtherTag ID="LT10" LABEL="HeadingLine" DESCRIPTION="line type HeadingLine"/><OtherTag ID="LT11" LABEL="InterlinearLine" DESCRIPTION="line type InterlinearLine"/><OtherTag ID="LT12" LABEL="MusicLine" DESCRIPTION="line type MusicLine"/>
  </Tags>
  <Layout>
    <Page WIDTH="1000" HEIGHT="1448" PHYSICAL_IMG_NR="83" ID="eSc_dummypage_">
      <PrintSpace HPOS="0" VPOS="0" WIDTH="1000" HEIGHT="1448">
        <TextBlock HPOS="234.91983032226562" VPOS="79.88346862792969" WIDTH="208.27554321289062" HEIGHT="37.474029541015625" ID="block_1" TAGREFS="BT18">
          <Shape><Polygon POINTS="234.92 79.8835 443.195 79.8835 443.195 117.357 234.92 117.357 234.92 79.8835"/></Shape>
          <TextLine ID="line_1" TAGREFS="LT8" BASELINE="236 106 444 107" HPOS="235.0" VPOS="98.0" WIDTH="209.0" HEIGHT="21.0">
            <Shape><Polygon POINTS="437 98 429 98 421 98 413 98 405 98 397 98 389 98 381 98 373 98 365 98 357 98 349 98 341 98 333 98 325 98 316 98 308 98 300 98 292 98 284 98 276 98 268 98 260 98 252 98 244 98 236 98 236 106 235 117 308 115 311 117 312 119 313 119 314 119 352 119 353 119 353 119 354 119 354 119 358 116 360 114 378 114 382 115 390 119 391 119 392 119 443 114 444 107 444 98 437 98"/></Shape>
            <String CONTENT="CAFVT III." HPOS="235.0" VPOS="98.0" WIDTH="209.0" HEIGHT="21.0" WC="0.9629713416099548"/>
          </TextLine>
        </TextBlock>
        <TextBlock HPOS="584.1790161132812" VPOS="84.99346923828125" WIDTH="45.95849609375" HEIGHT="36.27649688720703" ID="block_2" TAGREFS="BT15">
          <Shape><Polygon POINTS="584.179 84.9935 630.138 84.9935 630.138 121.27 584.179 121.27 584.179 84.9935"/></Shape>
          <TextLine ID="line_2" TAGREFS="LT8" BASELINE="588 108 627 111" HPOS="587.0" VPOS="74.0" WIDTH="41.0" HEIGHT="45.0">
            <Shape><Polygon POINTS="588 108 587 117 625 119 627 111 628 76 589 74 588 108"/></Shape>
            <String CONTENT="175" HPOS="587.0" VPOS="74.0" WIDTH="41.0" HEIGHT="45.0"/>
          </TextLine>
        </TextBlock>
        <TextBlock HPOS="41.13955307006836" VPOS="117.08695220947266" WIDTH="591.6142311096191" HEIGHT="1068.0713729858398" ID="block_3" TAGREFS="BT3407">
          <Shape><Polygon POINTS="41.1396 117.087 632.754 117.087 632.754 1185.16 41.1396 1185.16 41.1396 117.087"/></Shape>
          <TextLine ID="line_3" TAGREFS="LT8" BASELINE="49 147 629 145" HPOS="49.0" VPOS="112.0" WIDTH="580.0" HEIGHT="43.0">
            <Shape><Polygon POINTS="49 147 49 155 629 152 629 145 628 119 584 119 570 112 569 112 568 112 539 113 539 113 526 119 436 119 425 112 424 112 423 112 388 112 387 112 362 118 344 114 343 114 342 114 341 114 341 114 332 120 283 120 276 114 276 113 275 113 275 113 274 113 215 119 186 113 185 113 185 113 166 119 156 113 156 113 155 113 154 113 110 119 67 113 66 113 65 113 49 119 49 147"/></Shape>
            <String CONTENT="etiam eſt admonitio Pauli Actor.20. verſ.28. Er" HPOS="49.0" VPOS="112.0" WIDTH="580.0" HEIGHT="43.0" WC="0.9884681004158994"/>
          </TextLine>
          <TextLine ID="line_4" TAGREFS="LT8" BASELINE="53 179 630 179" HPOS="53.0" VPOS="152.0" WIDTH="577.0" HEIGHT="40.0">
            <Shape><Polygon POINTS="53 186 89 191 90 192 154 192 154 191 155 191 156 191 160 188 161 187 174 188 227 191 228 192 279 192 279 191 280 191 281 191 284 189 286 187 296 189 309 191 310 191 311 191 319 189 327 187 444 190 499 191 500 191 501 191 502 191 502 190 506 187 519 190 522 191 522 191 523 191 524 191 525 191 525 190 530 187 566 187 629 191 630 179 629 156 583 152 582 152 581 152 568 156 557 160 385 160 377 154 376 153 375 153 374 153 374 153 368 154 344 159 312 153 298 152 297 152 296 152 296 152 293 153 285 159 277 153 276 152 275 152 275 152 274 152 273 152 270 153 251 159 239 153 238 152 237 152 236 152 235 152 234 152 234 153 225 160 194 160 185 152 184 152 183 152 182 152 181 152 175 152 156 156 111 152 102 152 102 152 101 152 100 152 91 160 70 160 53 152 53 179 53 186"/></Shape>
            <String CONTENT="go falſa eſt eorum ſententia, qui putant hîc à" HPOS="53.0" VPOS="152.0" WIDTH="577.0" HEIGHT="40.0" WC="0.9929259593288103"/>
          </TextLine>
          <TextLine ID="line_5" TAGREFS="LT8" BASELINE="49 210 629 210" HPOS="49.0" VPOS="185.0" WIDTH="580.0" HEIGHT="37.0">
            <Shape><Polygon POINTS="49 210 49 218 628 222 629 210 627 185 610 192 559 192 553 186 551 185 551 185 550 185 493 185 493 185 492 185 491 185 488 187 483 189 450 187 423 185 423 185 422 185 415 188 407 189 399 188 384 185 383 185 382 185 372 188 366 190 362 188 358 185 358 185 357 185 335 185 334 185 333 185 318 189 308 191 305 189 300 185 300 185 299 185 282 185 281 185 280 185 279 185 273 189 270 191 255 191 251 189 246 185 246 185 245 185 244 185 243 185 230 189 226 191 223 189 218 185 217 185 216 185 215 185 114 189 104 185 103 185 102 185 102 185 90 191 89 192 49 192 49 210"/></Shape>
            <String CONTENT="Paulo tantùm conferri legis cæremonias cum" HPOS="49.0" VPOS="185.0" WIDTH="580.0" HEIGHT="37.0" WC="0.9930929111879926"/>
          </TextLine>
          <TextLine ID="line_6" TAGREFS="LT8" BASELINE="49 244 625 244" HPOS="49.0" VPOS="215.0" WIDTH="576.0" HEIGHT="40.0">
            <Shape><Polygon POINTS="49 244 49 250 209 255 209 255 283 252 316 251 341 253 376 255 377 255 396 254 425 250 564 255 582 255 583 255 584 255 584 255 600 251 625 255 625 244 625 218 456 215 455 215 454 215 453 215 449 218 448 219 439 218 415 215 414 215 395 218 386 221 288 221 284 219 270 215 269 215 268 215 267 215 258 219 255 221 204 221 199 220 169 215 168 215 142 220 141 220 140 220 125 215 124 215 123 215 123 215 113 220 102 215 101 215 65 215 64 215 63 215 49 220 49 244"/></Shape>
            <String CONTENT="doctrinà Euangelij, tum quòd maior ſit huius," HPOS="49.0" VPOS="215.0" WIDTH="576.0" HEIGHT="40.0" WC="0.9915782720484632"/>
          </TextLine>
          <TextLine ID="line_7" TAGREFS="LT8" BASELINE="50 275 625 274" HPOS="49.0" VPOS="247.0" WIDTH="576.0" HEIGHT="36.0">
            <Shape><Polygon POINTS="50 275 50 283 625 281 625 274 624 255 572 255 572 254 543 247 461 247 460 247 460 247 459 247 452 254 433 249 432 249 432 249 431 249 411 254 403 247 402 247 401 247 400 247 399 247 375 254 374 254 373 254 345 250 345 250 344 250 336 254 335 255 282 255 277 254 262 250 261 250 260 250 229 254 220 255 218 254 209 248 209 248 208 248 115 248 115 248 114 248 113 248 105 253 83 248 82 248 82 248 81 248 74 254 72 255 49 254 50 275"/></Shape>
            <String CONTENT="quàm illarum vis: tum quòd non eãdem iam re¬" HPOS="49.0" VPOS="247.0" WIDTH="576.0" HEIGHT="36.0" WC="0.9783415997281988"/>
          </TextLine>
          <TextLine ID="line_8" TAGREFS="LT8" BASELINE="50 308 625 308" HPOS="50.0" VPOS="280.0" WIDTH="575.0" HEIGHT="44.0">
            <Shape><Polygon POINTS="50 308 50 317 61 323 62 323 63 323 97 318 108 316 111 318 118 321 119 321 119 321 120 321 129 318 135 316 145 318 156 320 157 320 158 320 165 319 174 316 217 319 275 323 275 323 276 323 287 320 300 316 365 316 374 320 375 320 376 320 378 320 477 316 487 322 489 323 489 323 490 323 491 324 511 324 511 323 512 323 514 322 526 316 563 316 575 323 576 323 576 323 577 324 625 324 625 308 625 280 613 280 612 280 611 280 610 280 601 288 563 288 554 281 553 280 552 280 551 280 551 280 504 281 503 281 502 281 502 282 493 287 448 283 440 282 440 282 439 282 438 282 437 283 431 287 425 283 423 281 423 281 422 281 371 280 370 280 370 280 363 283 355 288 293 288 285 284 273 280 272 280 271 280 271 280 270 280 264 285 263 286 259 285 251 283 250 283 249 283 248 283 247 283 245 285 242 288 191 288 189 286 181 280 181 280 180 280 179 280 104 284 90 280 89 280 88 280 87 280 86 280 86 281 80 287 50 287 50 308"/></Shape>
            <String CONTENT="quirat in futuro paſtore Eccleſiæ Euangelicæ, quę" HPOS="50.0" VPOS="280.0" WIDTH="575.0" HEIGHT="44.0" WC="0.9914983546733857"/>
          </TextLine>
          <TextLine ID="line_9" TAGREFS="LT8" BASELINE="49 341 627 338" HPOS="49.0" VPOS="312.0" WIDTH="578.0" HEIGHT="43.0">
            <Shape><Polygon POINTS="49 341 49 349 84 349 86 349 102 354 103 354 104 355 183 355 183 354 184 354 197 349 200 349 209 349 232 353 233 353 234 353 242 349 247 348 256 350 272 353 273 353 274 353 282 350 287 348 316 350 349 353 349 353 350 353 355 350 361 348 401 348 407 350 411 353 411 353 412 353 413 353 452 353 452 353 457 351 466 347 475 351 480 353 481 353 481 353 493 351 517 347 625 351 627 338 625 319 580 319 580 318 566 312 565 312 564 312 529 312 528 312 527 312 521 318 520 319 492 319 490 318 483 312 482 312 481 312 481 312 480 312 462 317 460 318 459 317 444 312 444 312 443 312 442 312 430 317 427 320 399 320 395 317 386 313 386 313 385 313 384 313 376 317 373 319 369 317 361 313 360 313 359 313 358 313 345 317 341 318 337 317 325 312 324 312 323 312 276 316 241 320 209 316 183 313 82 313 82 313 81 313 77 316 70 319 65 316 60 313 59 313 58 313 49 315 49 341"/></Shape>
            <String CONTENT="in lege ſua Dominus ſtatuit, &amp; præcepit obſerua¬" HPOS="49.0" VPOS="312.0" WIDTH="578.0" HEIGHT="43.0" WC="0.9851669582227865"/>
          </TextLine>
          <TextLine ID="line_10" TAGREFS="LT8" BASELINE="48 374 627 370" HPOS="47.0" VPOS="343.0" WIDTH="580.0" HEIGHT="41.0">
            <Shape><Polygon POINTS="48 374 48 384 346 384 346 383 347 383 348 383 350 381 353 379 397 380 489 382 490 382 491 382 504 379 508 378 526 379 613 382 613 382 614 382 627 378 627 370 625 349 509 343 508 343 507 343 506 343 497 349 497 350 418 350 415 349 406 346 405 346 404 346 403 346 388 350 386 350 382 350 335 344 334 344 300 351 296 351 293 351 267 345 266 345 235 349 229 345 228 345 227 345 193 345 192 345 191 345 190 345 190 345 184 352 183 353 106 353 106 352 93 345 92 345 63 345 62 345 61 345 47 351 48 374"/></Shape>
            <String CONTENT="ri à ſummo Sacerdote: Quæ ſententià eſt Chry¬" HPOS="47.0" VPOS="343.0" WIDTH="580.0" HEIGHT="41.0" WC="0.9859455392715779"/>
          </TextLine>
          <TextLine ID="line_11" TAGREFS="LT8" BASELINE="49 406 625 404" HPOS="48.0" VPOS="376.0" WIDTH="577.0" HEIGHT="43.0">
            <Shape><Polygon POINTS="49 406 49 419 60 414 98 418 99 418 142 414 316 418 335 418 336 418 337 418 337 418 345 413 623 416 625 404 623 383 573 383 573 382 565 376 564 376 563 376 542 376 541 376 540 376 539 376 532 382 531 382 530 382 487 376 411 376 410 376 409 376 408 376 401 382 399 382 385 382 342 378 341 378 329 381 318 384 293 384 289 381 284 377 283 377 283 377 260 377 259 377 259 377 258 377 258 378 254 381 252 382 247 381 236 377 235 377 234 377 234 377 233 377 228 381 224 383 201 381 169 377 168 377 168 377 157 380 148 384 103 384 97 380 90 377 90 377 89 377 48 379 49 406"/></Shape>
            <String CONTENT="ſoſtom. &amp; Eraſmi. Locus hic eſt ſanè ſingularis," HPOS="48.0" VPOS="376.0" WIDTH="577.0" HEIGHT="43.0" WC="0.9902481765163188"/>
          </TextLine>
          <TextLine ID="line_12" TAGREFS="LT8" BASELINE="49 438 625 436" HPOS="49.0" VPOS="409.0" WIDTH="576.0" HEIGHT="42.0">
            <Shape><Polygon POINTS="49 438 49 445 203 451 204 451 205 451 215 447 219 444 325 444 329 448 331 449 331 450 332 450 333 450 333 451 357 451 357 450 367 448 383 444 407 448 421 450 422 450 423 450 423 450 426 448 435 444 457 444 463 448 464 449 465 449 465 449 466 449 480 448 551 444 623 449 625 436 623 414 588 410 587 410 586 410 574 414 572 414 572 414 563 409 562 409 561 409 560 409 559 409 555 414 554 415 497 415 493 414 468 409 467 409 440 414 432 415 427 414 419 410 418 410 417 410 416 410 407 414 404 415 390 414 351 410 350 410 320 414 308 415 301 414 287 410 286 410 285 410 284 410 275 414 271 415 264 414 244 410 243 410 211 414 193 415 189 414 183 411 182 411 158 411 157 411 156 411 156 411 152 414 149 415 96 415 94 414 91 411 90 411 90 411 89 411 49 413 49 438"/></Shape>
            <String CONTENT="vbi auguſtè, &amp; breuiter tamen præcipuà doctrinę" HPOS="49.0" VPOS="409.0" WIDTH="576.0" HEIGHT="42.0" WC="0.994562953710556"/>
          </TextLine>
          <TextLine ID="line_13" TAGREFS="LT8" BASELINE="48 470 627 470" HPOS="48.0" VPOS="442.0" WIDTH="579.0" HEIGHT="43.0">
            <Shape><Polygon POINTS="48 470 48 480 204 484 205 484 205 484 206 484 211 480 213 478 227 478 233 480 246 484 247 484 248 484 282 480 288 484 288 484 289 484 290 485 347 485 347 484 348 484 361 479 364 478 371 479 392 482 393 482 394 482 395 482 399 479 401 478 492 478 493 479 500 484 501 484 502 484 502 484 525 479 528 478 602 478 603 478 613 484 614 484 615 484 616 484 627 478 627 470 627 448 604 442 603 442 576 442 575 442 574 442 573 442 563 448 531 448 524 442 523 442 522 442 522 442 521 442 506 448 494 448 457 448 457 448 450 442 449 442 448 442 425 442 424 442 423 442 423 442 416 447 368 442 367 442 366 442 354 448 354 448 319 448 319 448 302 442 301 442 300 442 300 442 299 442 291 448 274 442 273 442 272 442 271 442 271 442 262 448 261 448 217 443 216 443 215 443 202 448 201 448 128 448 128 448 122 443 122 442 121 442 120 442 119 442 86 446 57 442 57 442 56 442 55 442 48 446 48 470"/></Shape>
            <String CONTENT="Chriſtianæ capita, &amp; ſumma Dei in nos beneficia" HPOS="48.0" VPOS="442.0" WIDTH="579.0" HEIGHT="43.0" WC="0.996084081365707"/>
          </TextLine>
          <TextLine ID="line_14" TAGREFS="LT8" BASELINE="48 503 627 500" HPOS="47.0" VPOS="474.0" WIDTH="580.0" HEIGHT="43.0">
            <Shape><Polygon POINTS="48 503 48 512 156 517 157 517 158 517 168 513 171 512 181 513 209 516 209 516 226 513 236 511 238 513 242 516 242 516 243 516 244 516 245 516 254 514 260 511 263 514 265 516 266 516 267 516 267 516 283 514 292 512 300 514 313 516 314 516 315 516 320 514 325 511 329 514 335 516 336 516 337 516 367 514 410 510 440 514 452 515 453 515 465 514 507 510 566 514 568 514 569 514 570 514 584 510 625 514 627 500 625 479 532 474 531 474 530 474 513 479 482 474 481 474 419 475 419 475 418 475 412 480 388 475 387 475 386 475 386 475 379 480 379 481 374 481 353 481 339 475 338 475 337 475 337 475 336 475 329 481 329 481 326 481 284 476 283 476 283 476 271 481 246 476 246 476 225 480 209 476 209 476 208 476 207 476 191 481 190 482 144 482 144 481 127 477 127 477 126 477 74 481 57 477 56 477 55 477 54 477 53 477 47 480 48 503"/></Shape>
            <String CONTENT="complexus eſt Paulus. Atque huiuſmodi locos" HPOS="47.0" VPOS="474.0" WIDTH="580.0" HEIGHT="43.0" WC="0.9997694783432539"/>
          </TextLine>
          <TextLine ID="line_15" TAGREFS="LT8" BASELINE="46 536 626 534" HPOS="45.0" VPOS="509.0" WIDTH="581.0" HEIGHT="40.0">
            <Shape><Polygon POINTS="496 515 488 515 480 515 472 515 464 515 456 515 448 515 440 515 432 515 423 515 415 515 407 515 399 515 391 515 383 515 375 515 367 515 359 515 351 515 343 515 335 515 327 515 319 515 311 515 303 515 295 515 287 515 279 515 271 515 263 515 255 515 246 515 238 515 230 515 222 515 214 515 206 515 198 515 190 515 182 515 174 515 166 515 158 515 150 515 142 515 134 515 126 515 118 515 110 515 102 515 94 515 86 515 78 515 69 515 61 515 53 515 45 515 46 536 46 544 238 549 239 549 240 549 259 543 261 543 293 543 295 543 302 548 303 548 304 548 304 548 370 543 373 543 374 543 411 548 411 548 412 548 431 543 432 543 434 543 445 547 446 547 447 547 507 543 512 543 513 543 526 547 527 547 528 547 555 543 556 543 557 543 597 547 598 547 625 542 626 534 625 513 536 509 535 509 514 513 510 514 497 514 496 515"/></Shape>
            <String CONTENT="annotare operæpretium eſt, vt ſummam quãdam" HPOS="45.0" VPOS="509.0" WIDTH="581.0" HEIGHT="40.0" WC="0.9904965392567895"/>
          </TextLine>
          <TextLine ID="line_16" TAGREFS="LT8" BASELINE="46 568 626 567" HPOS="45.0" VPOS="538.0" WIDTH="581.0" HEIGHT="40.0">
            <Shape><Polygon POINTS="46 568 46 578 626 578 626 567 625 544 611 538 610 538 580 538 579 538 578 538 577 538 571 544 570 544 566 544 502 538 502 538 501 538 485 544 484 545 455 545 454 544 445 538 444 538 444 538 443 538 418 544 417 544 416 544 402 538 401 538 353 538 353 538 352 538 337 544 334 546 312 546 311 544 301 539 300 539 300 539 278 544 275 545 273 544 264 539 263 539 263 539 262 539 251 544 250 546 178 546 176 544 167 539 166 539 140 539 139 539 139 539 138 539 138 540 132 544 131 545 128 544 105 541 104 541 103 541 94 544 83 539 82 539 82 539 45 544 46 568"/></Shape>
            <String CONTENT="fidei noſtræ memoria conſeruemus. Similis etiã" HPOS="45.0" VPOS="538.0" WIDTH="581.0" HEIGHT="40.0" WC="0.9994157096172901"/>
          </TextLine>
          <TextLine ID="line_17" TAGREFS="LT8" BASELINE="46 600 624 598" HPOS="45.0" VPOS="571.0" WIDTH="579.0" HEIGHT="41.0">
            <Shape><Polygon POINTS="46 600 46 607 69 612 69 612 112 607 116 607 119 607 140 612 141 612 142 612 157 607 158 607 160 607 193 612 194 612 195 612 209 607 222 612 222 612 223 612 261 612 261 612 283 607 291 612 292 612 292 612 293 612 327 612 327 612 328 612 338 606 339 606 445 606 446 606 459 611 460 611 460 611 461 611 462 611 469 607 514 611 514 611 515 611 530 606 531 606 602 611 603 611 604 611 624 605 624 598 622 576 578 576 578 575 572 571 571 571 570 571 569 571 568 571 552 575 551 575 551 575 519 571 518 571 518 571 506 575 506 575 489 571 488 571 487 571 462 575 460 575 459 575 438 571 437 571 357 575 345 575 345 575 336 571 335 571 334 571 333 571 320 575 316 577 288 577 286 575 281 571 280 571 279 571 279 571 263 575 256 576 249 575 232 571 231 571 230 571 219 575 213 577 196 577 193 575 190 571 189 571 189 571 188 571 168 575 156 576 134 575 97 571 96 571 45 574 46 600"/></Shape>
            <String CONTENT="eſt locus alius apud eundem Paul.1. Corint.2.v.2." HPOS="45.0" VPOS="571.0" WIDTH="579.0" HEIGHT="41.0" WC="0.9988833118458184"/>
          </TextLine>
          <TextLine ID="line_18" TAGREFS="LT8" BASELINE="45 633 625 632" HPOS="45.0" VPOS="603.0" WIDTH="580.0" HEIGHT="44.0">
            <Shape><Polygon POINTS="45 633 45 647 102 641 116 646 117 646 118 646 156 641 181 646 181 646 241 641 325 646 330 646 331 646 333 646 360 641 411 641 421 645 422 645 423 645 423 645 443 641 471 645 472 645 473 645 473 645 508 641 521 645 522 645 522 645 523 645 533 641 624 645 625 632 623 608 592 608 584 603 583 603 582 603 581 603 580 603 571 608 485 603 484 603 483 603 482 603 474 608 447 608 440 603 440 603 439 603 438 603 437 603 423 607 419 603 419 603 418 603 371 603 370 603 370 603 369 603 362 608 335 603 334 603 333 603 320 609 275 609 266 604 265 604 264 604 263 604 263 604 262 604 256 609 218 609 199 604 198 604 197 604 197 604 196 604 189 609 133 609 126 604 125 604 124 604 81 604 80 604 45 609 45 633"/></Shape>
            <String CONTENT="apud Lucam Luc.24.v.47, &amp; Hebr.13.v.8. &amp; ſeq." HPOS="45.0" VPOS="603.0" WIDTH="580.0" HEIGHT="44.0" WC="0.9572373112042745"/>
          </TextLine>
          <TextLine ID="line_19" TAGREFS="LT8" BASELINE="82 664 624 664" HPOS="82.0" VPOS="637.0" WIDTH="542.0" HEIGHT="40.0">
            <Shape><Polygon POINTS="82 664 82 672 90 676 90 676 91 676 150 672 168 676 168 676 169 676 189 672 209 676 209 676 246 672 263 676 263 676 264 677 315 677 315 676 316 676 316 676 321 672 327 676 328 676 329 676 329 676 330 676 331 676 337 672 403 672 404 672 411 676 411 676 412 676 413 676 414 676 423 672 423 672 440 676 440 676 441 676 473 672 475 672 476 672 488 676 489 676 489 676 490 676 504 672 506 672 507 672 527 676 528 676 624 672 624 664 624 643 598 643 598 642 591 637 590 637 589 637 588 637 588 637 576 642 570 637 569 637 568 637 567 637 516 641 489 637 489 637 488 637 487 637 481 642 480 642 473 642 413 637 363 637 362 637 362 637 352 641 349 643 280 643 275 641 263 637 263 637 230 637 229 637 228 637 222 641 218 643 181 643 178 641 171 637 170 637 169 637 154 641 149 641 144 641 130 637 129 637 128 637 117 641 109 642 82 641 82 664"/></Shape>
            <String CONTENT="Vt autém ordine &amp; methodo quadam hîc lo¬" HPOS="82.0" VPOS="637.0" WIDTH="542.0" HEIGHT="40.0" WC="0.98659738330614"/>
          </TextLine>
          <TextLine ID="line_20" TAGREFS="LT8" BASELINE="45 697 623 697" HPOS="45.0" VPOS="668.0" WIDTH="578.0" HEIGHT="43.0">
            <Shape><Polygon POINTS="45 697 45 705 95 710 96 710 156 706 168 706 169 707 178 710 179 710 180 711 251 711 251 710 251 710 260 707 264 706 311 706 313 707 316 710 317 710 318 710 319 710 333 707 342 706 349 707 356 710 357 710 358 710 375 707 392 706 622 709 623 697 623 674 566 674 565 674 555 668 554 668 553 668 552 668 539 674 538 674 536 674 518 668 518 668 517 668 516 668 497 673 494 674 492 673 479 668 478 668 460 668 459 668 458 668 457 668 451 673 448 674 407 674 405 672 399 668 398 668 397 668 396 668 395 668 386 672 384 673 377 672 354 669 353 669 353 669 342 672 338 673 335 672 326 668 325 668 255 668 254 668 253 668 252 668 248 671 242 674 208 674 204 670 201 668 200 668 199 668 198 668 197 668 189 670 176 674 166 670 159 668 158 668 157 668 145 670 131 673 116 670 110 669 109 669 108 669 107 669 106 670 102 674 45 670 45 697"/></Shape>
            <String CONTENT="cus explicetur, eſt in ſuas partes diſtribuendus." HPOS="45.0" VPOS="668.0" WIDTH="578.0" HEIGHT="43.0" WC="0.9904559935842242"/>
          </TextLine>
          <TextLine ID="line_21" TAGREFS="LT8" BASELINE="45 729 621 728" HPOS="45.0" VPOS="700.0" WIDTH="576.0" HEIGHT="39.0">
            <Shape><Polygon POINTS="45 729 45 739 621 736 621 728 620 707 510 707 501 706 460 701 460 701 459 701 450 705 448 707 443 705 426 700 425 700 424 700 423 700 414 705 410 707 403 705 396 703 395 703 395 703 371 704 323 707 316 704 310 701 309 701 308 701 268 703 244 705 241 703 238 701 237 701 236 701 235 701 234 701 234 701 230 703 226 706 222 703 218 701 218 701 217 701 216 701 203 703 189 705 177 703 168 701 167 701 166 701 165 701 164 703 160 705 149 703 142 701 141 701 140 701 139 701 139 702 139 703 134 707 124 702 123 702 123 702 122 702 121 702 120 702 107 707 96 703 95 703 45 702 45 729"/></Shape>
            <String CONTENT="Sunt autem duæ. Primum enim hanc Dei verita¬" HPOS="45.0" VPOS="700.0" WIDTH="576.0" HEIGHT="39.0" WC="0.9863183186812834"/>
          </TextLine>
          <TextLine ID="line_22" TAGREFS="LT8" BASELINE="45 761 621 762" HPOS="44.0" VPOS="732.0" WIDTH="577.0" HEIGHT="43.0">
            <Shape><Polygon POINTS="45 761 44 768 69 774 69 774 96 770 105 774 106 774 106 775 159 775 159 774 185 769 236 774 237 774 307 769 309 769 310 769 339 775 340 775 374 770 386 775 387 775 388 775 419 770 447 770 535 770 536 770 545 774 546 774 547 774 567 771 574 775 575 775 576 775 576 775 577 775 588 770 595 775 596 775 596 775 597 775 621 770 621 762 621 739 601 733 600 733 600 733 564 738 544 733 543 733 481 733 481 733 480 733 479 733 472 738 469 738 428 734 427 734 427 734 426 734 420 738 419 739 384 739 383 738 377 733 376 733 375 733 324 732 323 732 297 737 257 733 256 733 255 733 255 733 248 737 247 738 166 738 165 737 158 732 157 732 156 732 156 732 123 737 119 737 45 737 45 761"/></Shape>
            <String CONTENT="tem explicat in generé ipſo, cuius conſeruandæ" HPOS="44.0" VPOS="732.0" WIDTH="577.0" HEIGHT="43.0" WC="0.9976671046399056"/>
          </TextLine>
          <TextLine ID="line_23" TAGREFS="LT8" BASELINE="45 793 620 796" HPOS="45.0" VPOS="765.0" WIDTH="575.0" HEIGHT="40.0">
            <Shape><Polygon POINTS="45 793 45 799 57 804 57 804 618 805 620 796 619 775 553 775 552 774 543 768 543 768 542 768 485 768 485 768 484 768 483 768 475 773 474 773 473 773 448 767 448 767 447 767 446 767 433 773 411 767 411 767 410 767 409 767 388 773 386 773 385 773 373 767 372 767 371 767 370 767 370 767 363 772 361 774 333 774 329 772 315 766 314 766 313 766 312 766 300 772 299 772 296 772 271 767 270 767 269 767 259 771 255 773 246 771 220 766 219 766 196 770 190 765 189 765 189 765 188 765 187 765 186 765 179 770 177 772 135 772 133 770 129 767 129 766 128 766 127 766 127 766 45 769 45 793"/></Shape>
            <String CONTENT="&amp; retinendæ inter homines gratia miniſterium" HPOS="45.0" VPOS="765.0" WIDTH="575.0" HEIGHT="40.0" WC="0.9980064738880504"/>
          </TextLine>
          <TextLine ID="line_24" TAGREFS="LT8" BASELINE="45 825 617 826" HPOS="44.0" VPOS="798.0" WIDTH="573.0" HEIGHT="41.0">
            <Shape><Polygon POINTS="45 825 44 832 67 838 68 839 185 839 185 838 186 838 193 834 199 838 200 838 201 838 201 838 248 834 251 834 252 834 274 838 275 838 342 835 349 839 349 839 350 839 351 839 352 839 353 839 359 835 371 839 372 839 373 839 405 835 408 835 414 835 473 839 474 839 616 835 617 826 616 805 552 805 552 804 538 799 537 799 489 799 488 799 487 799 486 799 481 803 469 799 469 799 468 799 440 804 439 804 436 804 414 799 413 799 412 799 397 804 396 804 395 804 384 799 383 799 382 799 346 804 341 804 337 804 294 798 293 798 242 803 241 804 171 804 170 803 162 798 161 798 160 798 160 798 80 803 72 803 71 803 60 798 59 798 58 798 57 798 45 802 45 825"/></Shape>
            <String CONTENT="Euangelicum conſtitutum eſt. Vocat igitur eam" HPOS="44.0" VPOS="798.0" WIDTH="573.0" HEIGHT="41.0" WC="0.9879227505789863"/>
          </TextLine>
          <TextLine ID="line_25" TAGREFS="LT8" BASELINE="44 858 617 860" HPOS="43.0" VPOS="830.0" WIDTH="574.0" HEIGHT="44.0">
            <Shape><Polygon POINTS="43 869 115 872 116 872 129 870 151 867 182 870 190 871 191 872 191 871 199 870 230 867 246 871 250 871 251 871 255 871 275 867 280 871 283 872 283 872 284 872 285 873 302 873 302 872 303 872 306 871 314 867 332 871 340 872 341 872 341 872 342 872 344 871 349 867 356 871 357 871 358 871 361 871 417 867 464 867 469 872 472 873 473 873 473 873 474 874 507 874 507 873 508 873 513 872 525 867 616 872 617 860 616 833 604 837 592 833 588 831 587 831 549 831 548 831 547 831 545 832 536 838 493 838 456 832 450 831 449 831 448 831 447 832 436 837 428 831 427 830 427 830 426 830 425 830 424 830 419 831 403 836 390 831 387 830 386 830 386 830 385 830 382 831 366 837 305 837 267 830 263 830 262 830 261 830 260 830 253 837 238 837 168 830 158 830 157 830 156 830 155 830 142 836 106 836 92 830 91 830 90 830 90 830 88 830 63 835 45 830 44 858 43 869"/></Shape>
            <String CONTENT="1 Myſterium, id eſt, arcanum. 2 Magnum, idqi" HPOS="43.0" VPOS="830.0" WIDTH="574.0" HEIGHT="44.0" WC="0.9851613532413136"/>
          </TextLine>
          <TextLine ID="line_26" TAGREFS="LT8" BASELINE="49 892 618 892" HPOS="49.0" VPOS="863.0" WIDTH="569.0" HEIGHT="41.0">
            <Shape><Polygon POINTS="49 892 49 904 115 899 157 904 158 904 202 899 231 904 232 904 255 899 277 904 278 904 310 899 329 904 329 904 330 904 362 900 397 904 398 904 399 904 418 899 434 904 435 904 436 904 463 899 617 904 618 892 617 867 579 870 574 866 571 863 570 863 569 863 520 863 519 863 518 863 518 863 514 866 508 871 451 871 445 866 443 863 442 863 441 863 422 863 421 863 420 863 411 866 395 870 390 866 389 865 389 864 388 864 387 864 366 863 366 863 365 863 364 863 362 866 358 868 325 865 316 865 316 865 312 865 291 870 267 865 255 863 255 863 227 865 161 870 152 865 148 863 148 863 147 863 146 863 145 863 144 865 137 871 99 871 90 865 90 864 90 864 89 864 88 864 49 864 49 892"/></Shape>
            <String CONTENT="3 Siue controuerſia tale eſſe affirmat. Myſterij" HPOS="49.0" VPOS="863.0" WIDTH="569.0" HEIGHT="41.0" WC="0.9958101759354273"/>
          </TextLine>
          <TextLine ID="line_27" TAGREFS="LT8" BASELINE="46 924 619 923" HPOS="45.0" VPOS="896.0" WIDTH="574.0" HEIGHT="41.0">
            <Shape><Polygon POINTS="46 924 46 932 139 932 141 932 156 936 157 936 158 936 184 932 192 931 193 932 201 937 201 937 202 937 203 937 244 933 258 931 270 933 303 937 304 937 325 933 334 931 344 933 365 937 366 937 390 937 390 937 391 937 399 933 403 931 428 933 453 935 454 935 464 933 473 931 476 933 480 937 481 937 481 937 482 937 531 936 532 936 538 933 544 931 551 933 556 935 557 935 558 935 618 933 619 923 618 904 599 896 598 896 597 896 596 896 596 896 585 903 571 896 570 896 555 896 554 896 553 896 552 896 544 903 544 904 462 904 461 903 454 896 453 896 452 896 452 896 451 896 434 903 432 903 429 903 403 898 402 898 401 898 400 898 395 902 386 897 385 897 384 897 383 897 382 897 374 902 373 904 345 904 342 902 332 896 331 896 330 896 308 901 300 896 300 896 299 896 298 896 297 896 287 902 285 903 283 902 269 896 268 896 246 896 246 896 245 896 234 902 232 903 230 902 218 896 218 896 197 896 197 896 196 896 195 896 195 897 189 901 189 903 187 901 179 896 178 896 177 896 176 896 176 896 162 901 157 903 149 901 124 896 123 896 45 900 46 924"/></Shape>
            <String CONTENT="vox hîc non ſignificat Sacramentum, quo ſenſu" HPOS="45.0" VPOS="896.0" WIDTH="574.0" HEIGHT="41.0" WC="0.9798827819202257"/>
          </TextLine>
          <TextLine ID="line_28" TAGREFS="LT8" BASELINE="45 955 620 955" HPOS="45.0" VPOS="928.0" WIDTH="575.0" HEIGHT="40.0">
            <Shape><Polygon POINTS="45 955 45 962 65 968 65 968 66 968 128 964 177 968 178 968 179 968 189 963 226 968 227 968 228 968 238 964 312 968 313 968 314 968 325 963 378 963 384 967 385 967 386 967 386 967 387 967 396 963 430 967 431 967 464 964 474 968 475 968 476 968 559 964 566 968 567 968 567 968 568 968 620 962 620 955 620 937 563 933 557 928 556 928 555 928 555 928 554 928 526 935 522 937 421 937 417 933 411 928 410 928 409 928 408 928 378 933 366 935 355 933 337 928 336 928 335 928 334 928 325 932 318 936 309 932 300 928 299 928 268 928 267 928 267 928 266 928 261 931 257 933 251 931 245 929 244 929 243 929 242 929 242 929 239 931 233 936 173 930 148 928 148 928 92 929 91 929 90 929 78 935 67 929 66 928 65 928 65 928 64 928 45 928 45 955"/></Shape>
            <String CONTENT="Cœnã Domini, &amp; Baptiſmus Sacramenta dicun¬" HPOS="45.0" VPOS="928.0" WIDTH="575.0" HEIGHT="40.0" WC="0.9996735689251922"/>
          </TextLine>
          <TextLine ID="line_29" TAGREFS="LT8" BASELINE="42 987 619 987" HPOS="42.0" VPOS="960.0" WIDTH="577.0" HEIGHT="41.0">
            <Shape><Polygon POINTS="42 987 42 995 80 1000 81 1001 120 1001 120 1000 121 1000 122 1000 128 996 186 996 191 1000 192 1000 193 1000 193 1000 226 996 328 996 333 1000 333 1000 334 1000 335 1001 435 1001 435 1000 436 1000 444 996 518 1000 518 1000 552 996 589 1000 590 1000 619 995 619 987 619 960 524 960 523 960 522 960 522 960 522 961 517 965 509 961 507 960 506 960 506 960 505 960 502 961 489 965 461 961 453 960 452 960 444 961 423 965 408 962 405 961 404 961 403 961 403 961 402 961 401 962 396 966 221 966 218 963 214 960 213 960 213 960 212 960 42 964 42 987"/></Shape>
            <String CONTENT="tur: ſed doctrinam arcanam, auguſtam, humani" HPOS="42.0" VPOS="960.0" WIDTH="577.0" HEIGHT="41.0" WC="0.9968785182996229"/>
          </TextLine>
          <TextLine ID="line_30" TAGREFS="LT8" BASELINE="42 1020 620 1020" HPOS="42.0" VPOS="994.0" WIDTH="578.0" HEIGHT="39.0">
            <Shape><Polygon POINTS="42 1020 42 1028 64 1032 65 1033 159 1033 159 1032 160 1032 168 1028 170 1028 174 1028 201 1032 202 1032 243 1029 255 1028 263 1029 287 1032 288 1032 316 1029 329 1028 343 1030 370 1032 370 1032 371 1032 382 1030 387 1028 394 1030 403 1032 404 1032 405 1032 406 1032 407 1032 410 1030 412 1028 423 1030 436 1032 437 1032 459 1030 479 1028 618 1031 620 1020 619 1000 587 1000 570 994 569 994 568 994 491 999 479 994 478 994 477 994 477 994 455 999 437 994 436 994 436 994 410 999 395 994 394 994 393 994 354 998 349 994 348 994 347 994 236 994 235 994 234 994 234 994 234 995 227 1000 202 1000 185 994 185 994 152 994 151 994 150 994 132 1000 68 1000 52 994 51 994 50 994 49 994 49 994 42 998 42 1020"/></Shape>
            <String CONTENT="ingenij viribus &amp; induſtria incomprehenſibilem" HPOS="42.0" VPOS="994.0" WIDTH="578.0" HEIGHT="39.0" WC="0.9813343584537506"/>
          </TextLine>
          <TextLine ID="line_31" TAGREFS="LT8" BASELINE="42 1052 617 1050" HPOS="41.0" VPOS="1024.0" WIDTH="576.0" HEIGHT="41.0">
            <Shape><Polygon POINTS="42 1052 42 1062 109 1064 110 1064 119 1062 131 1060 139 1062 148 1065 148 1065 149 1065 150 1065 151 1065 155 1062 158 1060 162 1062 166 1064 167 1064 168 1064 190 1061 203 1061 205 1061 209 1065 210 1065 211 1065 212 1065 261 1065 261 1065 262 1065 263 1065 267 1061 270 1060 282 1061 308 1065 308 1065 360 1061 386 1059 395 1061 412 1064 413 1064 414 1064 415 1064 418 1061 420 1059 471 1059 478 1060 498 1064 499 1065 594 1065 594 1064 616 1059 617 1050 615 1031 567 1031 566 1030 558 1024 557 1024 556 1024 555 1024 454 1029 428 1030 426 1029 420 1024 419 1024 419 1024 385 1024 384 1024 383 1024 372 1028 366 1030 360 1028 347 1024 346 1024 345 1024 345 1024 335 1028 327 1031 317 1028 311 1026 310 1026 309 1026 308 1026 302 1028 292 1031 288 1028 285 1025 284 1025 283 1025 283 1025 272 1028 258 1031 221 1027 200 1025 136 1025 135 1025 135 1025 134 1025 133 1026 129 1029 103 1026 93 1025 92 1025 87 1026 68 1031 61 1026 61 1025 61 1025 60 1025 59 1025 41 1025 42 1052"/></Shape>
            <String CONTENT="&amp; ex ſola Dei gratia, &amp; reuelatione notam, qua¬" HPOS="41.0" VPOS="1024.0" WIDTH="576.0" HEIGHT="41.0" WC="0.9908282262213687"/>
          </TextLine>
          <TextLine ID="line_32" TAGREFS="LT8" BASELINE="41 1084 616 1086" HPOS="41.0" VPOS="1055.0" WIDTH="575.0" HEIGHT="41.0">
            <Shape><Polygon POINTS="41 1084 41 1096 615 1096 616 1086 616 1062 604 1057 603 1057 602 1057 601 1057 590 1061 588 1062 580 1061 523 1057 522 1057 522 1057 521 1057 516 1061 515 1061 513 1061 495 1057 494 1057 493 1057 484 1061 479 1062 477 1061 473 1057 473 1057 473 1057 472 1057 423 1056 423 1056 422 1056 412 1060 407 1061 403 1060 394 1057 393 1057 392 1057 391 1057 382 1060 378 1061 376 1059 371 1056 370 1056 370 1056 336 1056 335 1056 334 1056 329 1059 323 1062 304 1062 292 1058 283 1056 282 1056 281 1056 262 1058 234 1061 213 1057 211 1057 210 1057 207 1057 180 1061 175 1057 175 1057 174 1057 173 1057 172 1057 168 1057 148 1060 138 1057 133 1055 132 1055 131 1055 131 1055 130 1055 128 1057 121 1061 65 1061 41 1056 41 1084"/></Shape>
            <String CONTENT="lis profectò eſt doctrina fidei, &amp; ſalutis noſtræ," HPOS="41.0" VPOS="1055.0" WIDTH="575.0" HEIGHT="41.0" WC="0.9841386161598504"/>
          </TextLine>
          <TextLine ID="line_33" TAGREFS="LT8" BASELINE="43 1117 619 1119" HPOS="42.0" VPOS="1089.0" WIDTH="577.0" HEIGHT="43.0">
            <Shape><Polygon POINTS="43 1117 42 1123 57 1129 57 1129 58 1129 180 1125 191 1130 192 1130 193 1130 193 1130 204 1127 235 1131 236 1131 295 1131 295 1131 296 1131 315 1126 349 1131 350 1131 393 1126 427 1131 428 1132 460 1132 460 1131 460 1131 461 1131 468 1127 498 1131 499 1131 530 1127 545 1131 546 1131 547 1131 569 1127 579 1131 580 1131 580 1132 610 1132 610 1131 611 1131 612 1131 618 1126 619 1119 618 1096 547 1096 544 1095 527 1090 526 1090 526 1090 525 1090 516 1094 515 1095 514 1094 510 1090 509 1090 508 1090 478 1090 477 1090 477 1090 476 1090 470 1094 468 1095 465 1094 454 1090 453 1090 452 1090 436 1094 428 1095 426 1094 420 1090 419 1090 419 1090 418 1090 417 1090 403 1094 398 1095 362 1095 361 1093 357 1090 356 1090 355 1090 291 1090 290 1090 289 1090 288 1090 285 1092 283 1094 281 1092 278 1090 277 1090 276 1090 275 1090 246 1092 225 1094 218 1092 212 1090 211 1090 210 1090 209 1090 202 1091 194 1094 190 1091 185 1089 184 1089 183 1089 164 1091 145 1094 43 1090 43 1117"/></Shape>
            <String CONTENT="vti docet Paulus Epheſ.3. verſ.4,5. Quanquam" HPOS="42.0" VPOS="1089.0" WIDTH="577.0" HEIGHT="43.0" WC="0.9916671108115803"/>
          </TextLine>
          <TextLine ID="line_34" TAGREFS="LT8" BASELINE="40 1149 617 1151" HPOS="39.0" VPOS="1121.0" WIDTH="578.0" HEIGHT="45.0">
            <Shape><Polygon POINTS="40 1149 39 1159 78 1164 78 1164 79 1164 80 1164 86 1160 87 1159 89 1160 106 1164 106 1164 107 1164 108 1164 120 1160 122 1159 123 1160 135 1164 136 1164 137 1164 163 1160 168 1164 169 1164 170 1164 171 1164 201 1160 251 1164 252 1164 253 1164 254 1164 261 1160 262 1159 324 1159 325 1160 332 1165 333 1165 333 1165 334 1165 440 1161 448 1164 448 1164 449 1164 450 1164 451 1164 458 1160 460 1160 493 1160 494 1160 503 1165 504 1165 505 1165 506 1166 576 1166 576 1165 576 1165 593 1160 595 1160 596 1160 609 1165 609 1165 610 1165 611 1165 612 1165 617 1160 617 1151 615 1123 595 1129 548 1129 528 1123 524 1122 523 1122 522 1122 522 1122 521 1122 520 1123 512 1128 456 1128 444 1123 444 1123 443 1123 442 1123 425 1127 407 1123 405 1122 404 1122 403 1122 403 1122 401 1123 384 1127 376 1124 375 1124 374 1124 338 1128 329 1122 329 1121 328 1121 327 1121 326 1121 321 1122 298 1128 215 1128 205 1121 205 1121 204 1121 131 1121 131 1121 130 1121 129 1121 111 1127 103 1123 102 1123 102 1123 80 1121 76 1121 75 1121 74 1121 61 1126 40 1121 40 1149"/></Shape>
            <String CONTENT="hoc ipſo ſenſu, quo vſurpat Paulus myſterium" HPOS="39.0" VPOS="1121.0" WIDTH="578.0" HEIGHT="45.0" WC="0.9909772805192254"/>
          </TextLine>
          <TextLine ID="line_35" TAGREFS="LT8" BASELINE="41 1183 613 1182" HPOS="40.0" VPOS="1155.0" WIDTH="573.0" HEIGHT="50.0">
            <Shape><Polygon POINTS="41 1183 41 1205 130 1204 131 1204 154 1198 186 1202 187 1202 208 1198 223 1204 224 1204 225 1205 274 1205 274 1204 275 1204 286 1198 612 1204 613 1182 613 1160 595 1155 594 1155 593 1155 592 1155 579 1160 573 1161 552 1160 519 1157 518 1157 518 1157 513 1160 509 1161 506 1160 501 1155 500 1155 499 1155 498 1155 497 1155 484 1159 476 1161 471 1159 464 1155 463 1155 462 1155 461 1155 451 1159 444 1162 288 1162 283 1158 280 1155 279 1155 279 1155 256 1155 255 1155 255 1155 254 1155 251 1157 246 1162 221 1162 212 1157 208 1155 207 1155 206 1155 176 1157 112 1160 88 1156 82 1155 81 1155 80 1155 79 1155 78 1156 73 1160 40 1156 41 1183"/></Shape>
            <String CONTENT="hoc loco, veteres Patres vocarunt doctrinam E¬" HPOS="40.0" VPOS="1155.0" WIDTH="573.0" HEIGHT="50.0" WC="0.980442824571029"/>
          </TextLine>
        </TextBlock>
      </PrintSpace>
    </Page>
  </Layout>
</alto>
