1000 1448
203.0 100.0 200.0 15.0 C ANVTVI.

583.0 80.0 41.0 43.0 457

56.0 115.0 577.0 41.0 adoraueris me. Animi cruciatum quantum auari

56.0 152.0 574.0 38.0 ſentiant & taciti perferant docet etiam impius

55.0 184.0 574.0 41.0 Lucianus in Dialogo qui Simon vel Αλεκλρύων

56.0 217.0 574.0 39.0 inſcribitur: Plautus in Euclione, & pulcherrimè

55.0 246.0 575.0 46.0 diſputat A. Gollius, ex verbis C. Criſp. Saluſtij

55.0 282.0 575.0 40.0 lib.3. Noct. Attic.cap.1. Adeò vt hîc animi dolor

57.0 312.0 571.0 43.0 qui ex diffidẽtia atq; infidelitate naſcitur, ſit eius

56.0 346.0 577.0 40.0 ipſius pœnæ quæ in inferno auaris iſtis, niſi reſi

56.0 382.0 575.0 41.0 puerint, parata eſt, præguſtamentũ quoddã atq;

55.0 412.0 578.0 40.0 delibatio miſerriina e ihiuauiſſima. Sed nõ tan¬

53.0 454.0 580.0 32.0 cumn aiim. verum etiain corporis perpetuus eſt

54.0 477.0 579.0 39.0 cruciatus & fatigatio auaritia, quemadmodum

57.0 511.0 494.0 40.0 præclarè his verſibus cecinit Q. Flaccus.

88.0 540.0 543.0 42.0 Impiger extremos currit mercator ad Indos

86.0 583.0 544.0 34.0 Per mare pauperiem fugiens, per ſaxa, per i¬

56.0 607.0 69.0 37.0 gnes.

54.0 634.0 576.0 46.0 Reliqua vitia ad paſtorum conciones pertinent,

57.0 682.0 530.0 30.0 quæ noc iococumnulaiiin auaritiam poſſunt.

90.0 730.0 539.0 47.0 71 Tu verò, homo Dei, iſta fuge, ſecta¬

53.0 770.0 578.0 46.0 re autem iuſtitiam, pietatem, fidem, charita¬

52.0 807.0 377.0 44.0 tem, tolerantiam, lenitatem.

86.0 857.0 547.0 44.0 Κατάβασις eſt. A generali enim præceptione,

56.0 893.0 577.0 38.0 quæ omnium Chriſtianorum, quemadmodum

53.0 925.0 580.0 40.0 dictum eſt à nobis, communis erat, adſpecialem

51.0 954.0 581.0 44.0 deſcendit vt hanc doctrinam peculiariter paſto¬

52.0 987.0 581.0 41.0 ribus in perſona Timothei applicet. Summa

52.0 1020.0 581.0 42.0 huius applicationis hæc eſt. Si quibus hominibus

53.0 1053.0 580.0 36.0 Chriſtianis ſcelus illud & teterrimum auaritiæ

56.0 1086.0 576.0 39.0 vitium fugiendum & cauendum ſit, vnis maxi mè

53.0 1116.0 577.0 42.0 paſtoribus, Doctoribus, Præfectis, Miniſtríſque

51.0 1150.0 578.0 47.0 omnibus Eccleſiæ id faciendum. Atque per ᚠ¬
