1000 1448
250.0 100.0 168.0 20.0 CARVTV.

572.0 77.0 40.0 47.0 393

46.0 113.0 572.0 44.0 ſcopos, & eo ſuperiores omnes ordines poſſe

45.0 151.0 572.0 39.0 excommunicare: at qui ſunt Epiſcopo inferiores

46.0 184.0 572.0 40.0 non poſſe, adeò vt & Preſbytero & Diacono idẽ

45.0 218.0 573.0 37.0 non concedant quaſi ex vnius Epiſcopi nutu &

47.0 246.0 572.0 40.0 ſentẽtia id fieri debeat. Sic igitur illi cẽſent. Cer¬

47.0 279.0 573.0 44.0 tè ab vno ſolo, quanquam Epiſcopo, fieri neque

47.0 314.0 573.0 38.0 debet, neque poteſt excommunicatio. Dicit e¬

45.0 343.0 574.0 43.0 nim Chriſtus, dic Eccleſiæ: & Paulus de excom¬

45.0 377.0 575.0 42.0 municatione agens, vult Eccleſiam cum ſuo ſpi¬

44.0 410.0 575.0 42.0 ritu congregatam eſſe 1.Corinth.5. verſ.4. Ratio

45.0 442.0 575.0 42.0 eſt, quòd differunt regna politica ab Eccleſia, &

45.0 481.0 573.0 36.0 Ecclelſaitico regimine. Nam regna vnius regis

44.0 506.0 575.0 39.0 nutu adminiſtrantur, at Eccleſia non item. Nec

45.0 540.0 574.0 42.0 enim paſtor eſt rex & dominus Eccleſiæ (vt ait

45.0 571.0 290.0 41.0 Petrus) 1. Pet.5.verſ.3.

70.0 602.0 549.0 43.0 Ait igitur Chriſtus reges & principes domi¬

45.0 637.0 572.0 41.0 nantur inter ſuos ſubditos: vos autem non ſic in

45.0 669.0 574.0 41.0 gregẽ Domini & Eccleſi.ã Quare vnus quidam

45.0 702.0 571.0 41.0 quantumuis magna in Eccleſia pręditus poteſta¬

42.0 733.0 576.0 38.0 te non poteſt ſolus excõmunicare. Nec aliud ſibi

42.0 765.0 575.0 41.0 vult Paulus cùm ait, Notate per Epiſtolam. Vult

43.0 810.0 574.0 31.0 quidemteneneo nuingnincari, ue puuore maio¬

41.0 831.0 575.0 38.0 ri afficiantur, quòd tam probroſè innoteſcant a¬

41.0 864.0 574.0 41.0 pud eum, quem reuereri debẽt. Quod ſi dicamus

41.0 896.0 576.0 40.0 & legamus, Notate, referentes vocem (Epistola,

41.0 932.0 576.0 33.0 ad verba ſermonem nostrum, hæc erit mens Pauli

42.0 958.0 577.0 44.0 vt velit rebelles à tota Theſſalonicenſium Eccle¬

43.0 991.0 327.0 40.0 ſia excommunicari.

69.0 1023.0 550.0 41.0 Et quod dicitur paſtor πρόεδρως non tribuit illi

40.0 1058.0 578.0 39.0 ius & imperium regium in Eccleſiam: ſed in pu¬

41.0 1090.0 576.0 40.0 blicis cœtibus eminentiorem tantùm locum, &

41.0 1121.0 573.0 44.0 primam in decernendo deliberandóque vocem.

71.0 1154.0 544.0 47.0 Sed vtrum à ſenatu Eccleſiaſtico, an verò à to¬
