1000 1448
399.0 103.0 55.0 28.0 172

507.0 89.0 377.0 38.0 AD I. PAVL. AD TIM.

395.0 119.0 579.0 47.0 Eccleſiæ ipſius, quaſi certitudinem ſuam ab Ec¬

396.0 156.0 578.0 42.0 cleſia, id eſt, hominum iudicio & approbatione

395.0 188.0 578.0 39.0 habeat ſacroſancta Dei veritas. Neque enim ab

395.0 222.0 577.0 37.0 hominibus pendet diuinæ vocis commendatio,

396.0 253.0 579.0 42.0 aut certitudo: ſed in diuina voce hominum ipſo¬

396.0 292.0 578.0 32.0 ruin demntio d rententia de veritate aut falſita¬

396.0 318.0 578.0 41.0 tate alicuius doctrinæ fundata eſſe debet Ioan.5,

398.0 354.0 100.0 41.0 verſ.39.

427.0 380.0 547.0 43.0 Ergo duobus modis Paulus hîc nobis deſcri¬

395.0 415.0 578.0 41.0 bit Eccleſiam I Cùm domum Dei appellat. 2

397.0 449.0 578.0 35.0 Cùm columnam veritatis. Ac domus quidẽ Dei

398.0 481.0 577.0 41.0 vocatur Eccleſia, quia eſt piorum & fidelium ho¬

395.0 512.0 580.0 43.0 minum cœtus Matth.21. verſ.33. Certè ſi quo in

395.0 546.0 580.0 41.0 alio mundi loco, maximè in eo cœtu illuſtria ſpe¬

395.0 575.0 577.0 46.0 cialiáque præſentię Dei ſigna & teſtimonia ex¬

393.0 608.0 579.0 43.0 tãt. Ergo dicebatur Deus habit are in ſuo taber¬

393.0 641.0 582.0 44.0 nacule, & in Sione, propter ſuæ præſentiæ & ma¬

393.0 678.0 582.0 39.0 ieſtatis ſigna peculiaria, quæ in eo loco poſita à

395.0 705.0 580.0 43.0 Deo ipſo erant Pſal.76. quia illîc & verbum Dei

394.0 739.0 580.0 43.0 purum audiebatur, & cultus ab eo præceptus ex¬

395.0 772.0 579.0 42.0 ercebatur. Non quòd Deus corporaliter illîc

395.0 805.0 579.0 39.0 verſaretur: non quòd extra eum cœtum nuſ¬

395.0 843.0 578.0 34.0 quani arior enet Deus, qui ſemper vbique eſt:

395.0 868.0 576.0 39.0 non quòd etiam Deus eodem, quo ipſa Eccleſia,

395.0 900.0 580.0 42.0 loco cõcludatur: ſed quòd cùm ſe maximè homi¬

396.0 932.0 579.0 42.0 mo uo communicet, per verbum ſuum, per Sacra¬

396.0 966.0 579.0 37.0 menta, & per cultum: hos omnes modos ſola Dei

397.0 996.0 577.0 40.0 Eccleſia ex omnious hominum cœtibus habet,

398.0 1032.0 149.0 38.0 quæ retinet

427.0 1058.0 549.0 45.0 Deinde quòd Eccleſia dicitur Columna veri¬

397.0 1094.0 578.0 38.0 tatis, oſtendit hanc eſſe veram & vnicam Eccleſiæ

398.0 1127.0 577.0 41.0 veræ notam, nempe veritatem & verbum ipſum

397.0 1159.0 580.0 50.0 Dei. Huic enim vni fundamento innititur. Nam

911.0 1193.0 68.0 46.0 oucs
