<?xml version='1.0' encoding='UTF-8'?>
<alto xmlns:xsi="http://www.w3.org/2001/XMLSchema-instance" xmlns="http://www.loc.gov/standards/alto/ns-v4#" xsi:schemaLocation="http://www.loc.gov/standards/alto/ns-v4# http://www.loc.gov/standards/alto/v4/alto-4-2.xsd">
  <Description>
    <MeasurementUnit>pixel</MeasurementUnit>
    <sourceImageInformation>
      <fileName>2013045.jpeg</fileName>
    </sourceImageInformation>
  </Description>
  <Tags>
    <OtherTag ID="BT7" LABEL="CustomZone" DESCRIPTION="block type CustomZone"/><OtherTag ID="BT8" LABEL="DamageZone" DESCRIPTION="block type DamageZone"/><OtherTag ID="BT9" LABEL="DigitizationArtefactZone" DESCRIPTION="block type DigitizationArtefactZone"/><OtherTag ID="BT10" LABEL="DropCapitalZone" DESCRIPTION="block type DropCapitalZone"/><OtherTag ID="BT11" LABEL="GraphicZone" DESCRIPTION="block type GraphicZone"/><OtherTag ID="BT12" LABEL="MainZone" DESCRIPTION="block type MainZone"/><OtherTag ID="BT13" LABEL="MarginTextZone" DESCRIPTION="block type MarginTextZone"/><OtherTag ID="BT14" LABEL="MusicZone" DESCRIPTION="block type MusicZone"/><OtherTag ID="BT15" LABEL="NumberingZone" DESCRIPTION="block type NumberingZone"/><OtherTag ID="BT17" LABEL="QuireMarksZone" DESCRIPTION="block type QuireMarksZone"/><OtherTag ID="BT18" LABEL="RunningTitleZone" DESCRIPTION="block type RunningTitleZone"/><OtherTag ID="BT19" LABEL="SealZone" DESCRIPTION="block type SealZone"/><OtherTag ID="BT20" LABEL="StampZone" DESCRIPTION="block type StampZone"/><OtherTag ID="BT21" LABEL="TableZone" DESCRIPTION="block type TableZone"/><OtherTag ID="BT22" LABEL="TitlePageZone" DESCRIPTION="block type TitlePageZone"/><OtherTag ID="BT3407" LABEL="MainZone-Continued" DESCRIPTION="block type MainZone-Continued"/><OtherTag ID="BT3408" LABEL="MainZone-P" DESCRIPTION="block type MainZone-P"/><OtherTag ID="BT3409" LABEL="MainZone-Head" DESCRIPTION="block type MainZone-Head"/><OtherTag ID="BT3410" LABEL="MainZone-Other" DESCRIPTION="block type MainZone-Other"/><OtherTag ID="BT3411" LABEL="MainZone-Sp" DESCRIPTION="block type MainZone-Sp"/><OtherTag ID="BT3417" LABEL="MainZone-Sp-Continued" DESCRIPTION="block type MainZone-Sp-Continued"/><OtherTag ID="BT3418" LABEL="GraphicZone-Decoration" DESCRIPTION="block type GraphicZone-Decoration"/><OtherTag ID="BT3419" LABEL="MainZone-Entry" DESCRIPTION="block type MainZone-Entry"/><OtherTag ID="BT3420" LABEL="MainZone-Lg" DESCRIPTION="block type MainZone-Lg"/><OtherTag ID="BT3421" LABEL="MainZone-Entry-Continued" DESCRIPTION="block type MainZone-Entry-Continued"/><OtherTag ID="BT3422" LABEL="MarginTextZone-ManuscriptAddendum" DESCRIPTION="block type MarginTextZone-ManuscriptAddendum"/><OtherTag ID="BT3423" LABEL="MainZone-List" DESCRIPTION="block type MainZone-List"/>
    <OtherTag ID="LT7" LABEL="CustomLine" DESCRIPTION="line type CustomLine"/><OtherTag ID="LT8" LABEL="DefaultLine" DESCRIPTION="line type DefaultLine"/><OtherTag ID="LT9" LABEL="DropCapitalLine" DESCRIPTION="line type DropCapitalLine"/><OtherTag ID="LT10" LABEL="HeadingLine" DESCRIPTION="line type HeadingLine"/><OtherTag ID="LT11" LABEL="InterlinearLine" DESCRIPTION="line type InterlinearLine"/><OtherTag ID="LT12" LABEL="MusicLine" DESCRIPTION="line type MusicLine"/>
  </Tags>
  <Layout>
    <Page WIDTH="1000" HEIGHT="1448" PHYSICAL_IMG_NR="41" ID="eSc_dummypage_">
      <PrintSpace HPOS="0" VPOS="0" WIDTH="1000" HEIGHT="1448">
        <TextBlock HPOS="253.56309509277344" VPOS="92.21942901611328" WIDTH="214.2563018798828" HEIGHT="35.811439514160156" ID="block_1" TAGREFS="BT18">
          <Shape><Polygon POINTS="253.563 92.2194 467.819 92.2194 467.819 128.031 253.563 128.031 253.563 92.2194"/></Shape>
          <TextLine ID="line_1" TAGREFS="LT8" BASELINE="254 119 465 115" HPOS="253.0" VPOS="107.0" WIDTH="212.0" HEIGHT="24.0">
            <Shape><Polygon POINTS="462 107 454 107 446 107 438 107 430 107 422 107 414 107 406 107 398 107 390 107 382 107 374 107 366 107 358 107 349 107 341 107 333 107 325 107 317 107 309 107 301 107 293 107 285 107 277 107 269 107 261 107 253 107 254 119 254 130 300 131 300 131 301 131 302 131 302 130 304 128 308 124 316 127 318 128 319 128 320 129 320 128 320 128 324 127 331 124 334 127 338 130 339 130 340 130 341 130 341 130 342 130 342 129 346 127 349 124 372 125 406 127 407 127 407 127 415 123 417 123 421 123 451 127 452 127 452 127 465 121 465 115 463 107 462 107"/></Shape>
            <String CONTENT="CANVT III." HPOS="253.0" VPOS="107.0" WIDTH="212.0" HEIGHT="24.0" WC="0.9997351288795471"/>
          </TextLine>
        </TextBlock>
        <TextBlock HPOS="614.3746337890625" VPOS="95.91743469238281" WIDTH="41.62249755859375" HEIGHT="33.69911193847656" ID="block_2" TAGREFS="BT15">
          <Shape><Polygon POINTS="614.375 95.9174 655.997 95.9174 655.997 129.617 614.375 129.617 614.375 95.9174"/></Shape>
          <TextLine ID="line_2" TAGREFS="LT8" BASELINE="617 119 650 121" HPOS="617.0" VPOS="85.0" WIDTH="33.0" HEIGHT="45.0">
            <Shape><Polygon POINTS="617 119 617 130 650 130 650 121 650 85 637 90 618 88 617 119"/></Shape>
            <String CONTENT="133" HPOS="617.0" VPOS="85.0" WIDTH="33.0" HEIGHT="45.0" WC="0.9999873638153076"/>
          </TextLine>
        </TextBlock>
        <TextBlock HPOS="73.70013427734375" VPOS="133.00686645507812" WIDTH="582.8486938476562" HEIGHT="195.19659423828125" ID="block_3" TAGREFS="BT3407">
          <Shape><Polygon POINTS="73.7001 133.007 656.549 133.007 656.549 328.203 73.7001 328.203 73.7001 133.007"/></Shape>
          <TextLine ID="line_3" TAGREFS="LT8" BASELINE="75 160 654 155" HPOS="74.0" VPOS="124.0" WIDTH="580.0" HEIGHT="49.0">
            <Shape><Polygon POINTS="75 160 75 173 171 173 171 172 172 172 176 171 185 168 201 171 210 172 211 172 218 171 232 168 246 170 259 172 259 172 260 172 264 170 272 165 320 168 352 171 353 171 353 171 359 168 366 164 432 167 458 168 459 168 460 168 460 168 461 166 465 164 502 164 507 165 511 168 512 168 513 168 514 168 514 168 522 165 525 164 528 165 543 169 543 169 544 169 545 169 555 164 561 163 580 164 624 168 625 168 654 163 654 155 651 127 605 131 600 127 597 126 596 126 596 126 595 126 574 127 573 127 569 127 554 133 540 128 530 124 529 124 499 124 498 124 497 124 497 124 492 128 485 134 460 134 408 129 389 127 388 127 387 127 381 129 362 135 331 135 322 130 317 127 316 127 316 127 315 127 308 130 296 135 266 136 213 136 205 131 200 127 199 127 198 127 172 127 171 127 170 127 169 127 169 127 168 127 166 131 155 127 154 127 153 127 152 127 145 131 141 134 137 131 131 127 130 127 129 127 128 127 74 131 75 160"/></Shape>
            <String CONTENT="pinis abſtinere, vt eſt apud Sozom. lib.5. cap.36." HPOS="74.0" VPOS="124.0" WIDTH="580.0" HEIGHT="49.0" WC="0.9811468088626861"/>
          </TextLine>
          <TextLine ID="line_4" TAGREFS="LT8" BASELINE="74 192 652 185" HPOS="74.0" VPOS="161.0" WIDTH="578.0" HEIGHT="42.0">
            <Shape><Polygon POINTS="74 192 74 203 288 203 288 202 289 202 296 199 300 197 365 197 384 198 421 201 422 201 498 199 499 199 506 196 508 195 526 196 581 198 582 198 583 198 591 195 592 194 598 194 631 198 632 198 651 193 652 185 650 167 596 167 585 161 584 161 584 161 583 161 582 161 573 167 572 168 565 167 514 162 514 162 513 162 512 162 504 168 502 168 492 168 435 163 434 163 433 163 414 168 410 169 399 168 353 164 353 164 352 164 339 169 336 171 288 171 287 169 279 165 279 165 278 165 277 165 276 165 268 169 267 171 265 170 261 167 260 167 259 167 259 167 258 167 246 170 242 171 222 170 150 166 149 166 148 166 139 171 136 172 130 171 106 167 106 167 74 171 74 192"/></Shape>
            <String CONTENT="&amp; extat de ea re decretũ concilij Laodiceni cap." HPOS="74.0" VPOS="161.0" WIDTH="578.0" HEIGHT="42.0" WC="0.9969753099947559"/>
          </TextLine>
          <TextLine ID="line_5" TAGREFS="LT8" BASELINE="75 224 652 218" HPOS="74.0" VPOS="193.0" WIDTH="578.0" HEIGHT="45.0">
            <Shape><Polygon POINTS="75 224 75 233 98 238 99 238 139 234 197 237 198 237 199 237 218 232 221 231 222 232 226 235 226 235 227 235 283 236 284 236 285 236 286 236 286 235 292 231 292 230 300 231 348 235 349 235 349 235 350 235 355 230 356 230 357 230 383 234 384 234 424 230 436 229 447 230 482 233 483 233 502 229 507 228 513 229 527 232 528 232 651 227 652 218 650 198 620 193 619 193 588 197 560 193 559 193 559 193 558 193 550 199 490 199 464 194 463 194 440 200 325 201 320 196 319 196 318 196 299 196 298 196 297 196 280 201 166 197 165 197 100 202 90 198 89 198 88 198 87 198 74 203 75 224"/></Shape>
            <String CONTENT="24. Denique cano. Non oportet, &amp; cano. ſeq. di¬" HPOS="74.0" VPOS="193.0" WIDTH="578.0" HEIGHT="45.0" WC="0.9943569315240738"/>
          </TextLine>
          <TextLine ID="line_6" TAGREFS="LT8" BASELINE="75 255 654 250" HPOS="74.0" VPOS="224.0" WIDTH="580.0" HEIGHT="44.0">
            <Shape><Polygon POINTS="75 255 75 263 170 268 171 268 206 263 235 267 236 267 275 263 288 267 288 267 289 267 290 267 303 262 355 267 356 267 357 267 358 267 367 261 448 261 459 266 460 266 460 266 461 266 485 260 518 263 519 263 598 259 624 264 625 264 654 258 654 250 652 226 590 230 584 226 580 224 580 224 579 224 578 224 545 225 544 225 536 227 524 231 518 227 514 225 514 225 513 225 497 225 496 225 495 225 494 225 490 228 486 231 481 228 475 225 474 225 473 225 473 225 465 228 457 232 453 228 450 226 449 226 448 226 448 226 435 229 423 231 418 229 411 226 411 226 410 226 409 226 408 226 403 229 397 233 377 233 372 230 366 226 366 226 365 226 364 226 363 226 356 230 349 234 301 234 298 230 295 228 295 227 294 227 293 227 292 227 279 230 265 234 254 230 242 227 241 227 208 227 207 227 206 227 205 227 201 231 197 234 157 234 151 232 142 228 141 228 140 228 118 232 110 234 103 232 86 228 86 228 85 228 84 228 74 232 75 255"/></Shape>
            <String CONTENT="ſtinct.44. de ijs rebus, &amp; miniſtris Eccleſiæ qui" HPOS="74.0" VPOS="224.0" WIDTH="580.0" HEIGHT="44.0" WC="0.9910145706059982"/>
          </TextLine>
          <TextLine ID="line_7" TAGREFS="LT8" BASELINE="76 287 654 282" HPOS="75.0" VPOS="258.0" WIDTH="579.0" HEIGHT="44.0">
            <Shape><Polygon POINTS="534 264 526 266 518 266 510 266 502 266 493 266 485 266 477 266 469 266 461 266 453 266 445 266 437 266 429 266 421 266 413 266 405 266 397 266 389 266 381 266 373 266 365 266 357 266 349 266 341 266 333 266 325 266 319 266 316 266 308 266 300 266 292 266 289 266 284 266 276 266 268 266 260 266 252 266 244 266 236 266 228 266 220 266 212 266 204 266 196 266 188 266 181 266 180 267 153 266 148 266 139 266 131 266 123 266 115 266 107 266 99 266 91 266 83 266 75 266 76 287 76 302 107 297 122 301 124 302 125 302 126 302 135 301 168 297 175 300 177 301 178 301 179 302 236 302 236 301 237 301 242 299 253 296 289 298 321 300 322 300 386 300 386 300 399 296 406 294 422 296 453 299 454 299 455 299 456 299 460 295 462 294 480 295 551 297 551 297 552 297 569 292 572 292 580 292 639 296 640 296 641 296 654 291 654 282 652 261 591 258 590 258 589 258 578 261 572 263 558 261 539 259 538 259 537 259 534 264"/></Shape>
            <String CONTENT="huiuſmodi loca adeunt &amp; frequentant ſeueriſſi¬" HPOS="75.0" VPOS="258.0" WIDTH="579.0" HEIGHT="44.0" WC="0.9955441809218862"/>
          </TextLine>
          <TextLine ID="line_8" TAGREFS="LT8" BASELINE="76 320 272 319" HPOS="75.0" VPOS="292.0" WIDTH="197.0" HEIGHT="41.0">
            <Shape><Polygon POINTS="76 320 76 329 102 333 103 333 104 333 117 329 119 329 120 329 135 333 135 333 136 333 174 330 192 329 214 331 231 333 232 333 233 333 234 333 234 332 234 332 238 329 271 332 272 319 271 300 251 292 251 292 250 292 213 299 173 292 172 292 172 292 161 296 141 293 140 293 139 293 139 293 139 294 135 297 106 293 105 293 104 293 75 300 76 320"/></Shape>
            <String CONTENT="mè edictum eſt." HPOS="75.0" VPOS="292.0" WIDTH="197.0" HEIGHT="41.0" WC="0.9979901574552059"/>
          </TextLine>
        </TextBlock>
        <TextBlock HPOS="76.84647369384766" VPOS="330.27032470703125" WIDTH="587.8585433959961" HEIGHT="880.0545043945312" ID="block_4" TAGREFS="BT3408">
          <Shape><Polygon POINTS="76.8465 330.27 664.705 330.27 664.705 1210.32 76.8465 1210.32 76.8465 330.27"/></Shape>
          <TextLine ID="line_9" TAGREFS="LT8" BASELINE="106 353 654 347" HPOS="105.0" VPOS="320.0" WIDTH="549.0" HEIGHT="46.0">
            <Shape><Polygon POINTS="106 353 106 359 120 366 121 366 122 366 123 366 123 366 131 360 147 366 148 366 148 366 197 365 197 365 198 365 198 364 204 360 211 365 212 365 213 365 213 365 262 364 263 364 263 364 267 360 279 364 279 364 280 364 313 360 314 360 316 360 363 363 364 363 365 363 366 363 366 362 369 360 370 358 386 360 418 363 419 363 456 360 502 356 582 359 583 359 622 355 654 360 654 347 653 323 599 320 598 320 597 320 596 320 596 320 592 323 590 326 568 326 557 324 543 320 542 320 541 320 531 324 524 326 514 324 497 320 497 320 469 324 452 327 448 324 440 321 440 321 439 321 438 321 437 321 433 325 430 328 385 328 369 326 341 322 340 322 296 323 296 323 295 323 289 327 286 329 105 329 106 353"/></Shape>
            <String CONTENT="Non percuſſorem) Decet enim famulum Dei" HPOS="105.0" VPOS="320.0" WIDTH="549.0" HEIGHT="46.0" WC="0.9887467958988287"/>
          </TextLine>
          <TextLine ID="line_10" TAGREFS="LT8" BASELINE="76 386 652 379" HPOS="75.0" VPOS="354.0" WIDTH="577.0" HEIGHT="43.0">
            <Shape><Polygon POINTS="76 386 76 392 130 397 131 397 164 392 166 392 196 396 197 396 234 392 290 395 291 395 292 395 304 391 305 390 313 390 362 394 363 394 407 390 415 390 419 390 432 393 433 393 434 393 440 390 443 389 456 390 493 393 493 393 494 393 506 390 512 388 651 388 652 379 650 359 616 359 614 359 600 354 599 354 598 354 597 354 596 354 590 359 590 360 539 360 536 360 513 355 512 355 511 355 510 355 510 356 505 360 504 362 404 362 403 362 394 357 393 357 392 357 370 362 369 362 368 362 359 357 358 357 358 357 357 357 356 357 350 362 349 363 325 363 321 362 296 357 296 357 295 357 282 362 200 359 199 359 171 363 166 364 163 363 148 359 147 359 146 359 75 364 76 386"/></Shape>
            <String CONTENT="manſuetudo animi atque in omnes humanitas." HPOS="75.0" VPOS="354.0" WIDTH="577.0" HEIGHT="43.0" WC="0.9981543379170554"/>
          </TextLine>
          <TextLine ID="line_11" TAGREFS="LT8" BASELINE="78 417 654 413" HPOS="78.0" VPOS="386.0" WIDTH="576.0" HEIGHT="43.0">
            <Shape><Polygon POINTS="78 417 78 427 192 429 193 429 207 427 225 424 271 427 301 428 302 428 319 427 352 423 390 427 403 427 404 427 405 427 409 427 424 423 503 427 514 427 514 427 515 427 516 427 523 423 564 426 565 426 566 426 567 426 572 422 653 426 654 413 653 394 606 394 597 386 596 386 596 386 572 386 572 386 571 386 570 386 557 394 538 394 536 394 519 387 518 387 518 387 517 387 503 394 502 395 414 395 411 394 401 388 400 388 399 388 399 388 366 394 358 396 326 396 324 394 316 388 315 388 314 388 313 388 277 394 273 394 272 394 262 389 261 389 260 389 197 390 196 390 195 390 189 394 156 390 156 390 155 390 147 394 143 396 133 394 112 390 111 390 78 394 78 417"/></Shape>
            <String CONTENT="Vti enim Chriſtus fuit animo miti, ſic paſtores," HPOS="78.0" VPOS="386.0" WIDTH="576.0" HEIGHT="43.0" WC="0.9901301773885886"/>
          </TextLine>
          <TextLine ID="line_12" TAGREFS="LT8" BASELINE="77 450 654 444" HPOS="76.0" VPOS="419.0" WIDTH="578.0" HEIGHT="45.0">
            <Shape><Polygon POINTS="534 428 530 420 525 419 524 419 523 419 522 419 507 427 455 427 448 422 448 422 447 422 446 422 445 422 431 426 419 421 418 421 365 421 364 421 363 421 362 421 357 425 319 422 318 422 317 422 316 422 308 427 297 422 296 422 296 422 260 428 238 425 237 425 207 429 198 423 197 423 197 423 148 423 148 423 122 428 90 424 89 424 88 424 76 430 77 450 77 461 102 464 103 464 104 464 111 461 115 460 119 461 122 464 123 464 123 464 124 464 125 464 134 461 149 457 157 461 159 462 160 462 160 462 168 461 187 458 191 461 193 463 193 463 194 463 195 464 282 464 282 463 293 460 316 456 350 460 364 462 365 462 366 462 373 460 395 455 414 458 415 458 436 454 462 460 463 460 464 460 481 454 496 460 497 460 498 460 499 460 500 460 501 460 502 460 510 453 551 453 558 459 558 460 559 460 559 460 560 460 580 460 580 460 580 460 581 460 595 452 627 452 651 459 654 444 651 425 546 425 537 423 534 428"/></Shape>
            <String CONTENT="qui illius imaginem hîc in Dei populo gerunt," HPOS="76.0" VPOS="419.0" WIDTH="578.0" HEIGHT="45.0" WC="0.9996003689973251"/>
          </TextLine>
          <TextLine ID="line_13" TAGREFS="LT8" BASELINE="77 483 655 476" HPOS="76.0" VPOS="452.0" WIDTH="579.0" HEIGHT="43.0">
            <Shape><Polygon POINTS="534 462 531 456 525 459 523 460 426 460 424 460 399 456 399 456 371 460 360 455 359 455 358 455 268 456 267 456 253 463 200 463 193 457 192 457 191 457 163 457 162 457 161 457 160 457 153 463 104 458 103 458 76 464 77 483 77 490 171 490 172 490 204 495 205 495 279 489 305 488 310 489 320 493 320 493 321 493 322 493 336 489 339 489 340 489 345 493 345 493 346 493 347 493 390 493 390 493 390 493 391 493 398 489 399 488 401 489 408 492 409 492 410 492 411 492 411 492 415 489 419 486 427 489 437 492 438 492 439 492 462 489 484 485 493 489 502 491 502 491 503 491 520 488 541 485 654 487 655 476 653 457 591 457 575 452 574 452 573 452 572 452 572 452 565 458 564 458 541 454 540 454 539 454 538 454 534 462"/></Shape>
            <String CONTENT="mites eſſe oportet. Vnde nec inferiorés clericos" HPOS="76.0" VPOS="452.0" WIDTH="579.0" HEIGHT="43.0" WC="0.995540689448921"/>
          </TextLine>
          <TextLine ID="line_14" TAGREFS="LT8" BASELINE="75 514 655 507" HPOS="74.0" VPOS="483.0" WIDTH="581.0" HEIGHT="43.0">
            <Shape><Polygon POINTS="533 492 530 486 517 486 494 485 493 485 493 485 487 487 474 490 468 487 461 485 460 485 460 485 385 489 360 490 355 489 335 486 334 486 333 486 333 486 328 490 324 493 308 490 282 487 281 487 253 492 242 494 129 495 124 494 98 489 98 489 74 495 75 514 75 523 321 526 322 526 323 526 341 521 395 525 396 525 397 525 414 519 415 519 422 519 482 523 483 523 484 523 502 518 502 518 525 523 526 523 559 522 560 522 561 522 567 518 568 517 654 516 655 507 654 484 611 483 610 483 609 483 603 485 583 489 535 487 533 492"/></Shape>
            <String CONTENT="etiam peccantes pugnis cędere licuit vnquam E¬" HPOS="74.0" VPOS="483.0" WIDTH="581.0" HEIGHT="43.0" WC="0.999594862156726"/>
          </TextLine>
          <TextLine ID="line_15" TAGREFS="LT8" BASELINE="76 548 656 540" HPOS="75.0" VPOS="516.0" WIDTH="581.0" HEIGHT="45.0">
            <Shape><Polygon POINTS="76 548 76 561 109 556 159 559 160 559 201 555 225 559 227 559 228 559 230 559 251 554 321 557 337 557 338 557 344 556 366 552 380 555 385 556 386 556 395 555 424 551 458 554 478 555 479 555 508 553 546 550 557 552 566 554 567 554 567 554 576 551 584 550 655 550 656 540 654 522 624 518 623 518 518 522 502 516 501 516 500 516 466 521 410 518 409 518 408 518 407 518 402 522 399 525 365 525 358 523 345 518 344 518 343 518 322 523 313 525 300 523 271 519 271 519 201 520 200 520 199 520 194 524 189 528 137 528 130 524 123 522 123 522 122 522 75 524 76 548"/></Shape>
            <String CONTENT="piſcopo, cui tamẽ multa in clericos ſuos iure po¬" HPOS="75.0" VPOS="516.0" WIDTH="581.0" HEIGHT="45.0" WC="0.9883072602748871"/>
          </TextLine>
          <TextLine ID="line_16" TAGREFS="LT8" BASELINE="77 580 658 572" HPOS="76.0" VPOS="546.0" WIDTH="582.0" HEIGHT="46.0">
            <Shape><Polygon POINTS="534 557 530 548 451 554 401 548 400 548 354 554 341 549 341 549 340 549 339 549 338 549 338 550 331 555 279 551 279 551 278 551 277 551 270 556 207 551 206 551 141 558 106 552 106 552 105 552 104 552 95 559 76 559 77 580 77 588 133 588 142 592 143 592 144 592 144 592 145 592 164 587 167 587 171 587 205 592 205 592 206 592 221 587 225 586 249 586 252 587 261 592 262 592 263 592 296 587 314 585 382 587 452 589 452 589 475 587 528 582 539 587 541 588 542 588 543 588 549 587 594 582 657 587 658 572 657 552 610 552 602 546 601 546 600 546 600 546 599 546 585 552 563 547 562 547 561 547 539 547 534 557"/></Shape>
            <String CONTENT="teſtatis Epiſcopalis concedebantur &amp; licebant." HPOS="76.0" VPOS="546.0" WIDTH="582.0" HEIGHT="46.0" WC="0.9989048799742823"/>
          </TextLine>
          <TextLine ID="line_17" TAGREFS="LT8" BASELINE="78 612 654 604" HPOS="77.0" VPOS="579.0" WIDTH="577.0" HEIGHT="46.0">
            <Shape><Polygon POINTS="78 612 78 624 180 620 185 622 189 625 190 625 191 625 192 625 193 625 200 622 206 619 243 619 248 621 255 624 255 624 256 624 314 620 328 619 331 619 348 623 349 623 380 618 394 617 401 618 413 621 414 621 415 621 423 617 427 616 431 617 439 621 440 621 440 622 480 622 480 621 481 621 495 617 499 615 518 616 587 620 588 620 588 620 600 614 603 613 609 614 645 619 646 619 646 619 647 619 654 614 654 604 652 584 597 579 596 579 596 579 595 579 595 580 589 584 580 580 579 580 578 580 536 584 534 584 533 584 516 580 515 580 514 580 514 580 513 580 506 584 506 585 502 584 485 582 485 582 448 585 432 586 430 585 425 581 424 581 423 581 423 581 422 581 407 585 399 587 393 585 383 582 382 582 382 582 354 585 346 586 340 585 322 583 321 583 320 583 314 585 306 588 77 587 78 612"/></Shape>
            <String CONTENT="Sed nec quenquam è plebe &amp; grege Domini cę¬" HPOS="77.0" VPOS="579.0" WIDTH="577.0" HEIGHT="46.0" WC="0.9977617528703477"/>
          </TextLine>
          <TextLine ID="line_18" TAGREFS="LT8" BASELINE="78 643 657 637" HPOS="77.0" VPOS="611.0" WIDTH="580.0" HEIGHT="46.0">
            <Shape><Polygon POINTS="78 643 78 651 120 651 122 651 148 657 149 657 185 650 187 650 200 650 418 654 419 654 419 654 443 647 444 647 445 647 454 652 455 652 456 652 488 649 510 653 511 653 542 647 583 652 584 652 584 652 585 652 592 645 593 645 595 645 625 651 625 651 656 645 657 637 655 617 631 617 623 611 622 611 621 611 621 611 569 617 514 612 513 612 512 612 511 612 503 618 417 613 416 613 415 613 415 613 409 618 353 620 315 614 314 614 284 620 222 615 221 615 220 615 196 621 162 618 161 618 131 622 115 617 115 617 86 617 85 617 84 617 83 617 77 621 78 643"/></Shape>
            <String CONTENT="dere poteſt, ſed ne Iudæos quidem ipſos aut ido¬" HPOS="77.0" VPOS="611.0" WIDTH="580.0" HEIGHT="46.0" WC="0.9978224523365498"/>
          </TextLine>
          <TextLine ID="line_19" TAGREFS="LT8" BASELINE="77 676 655 669" HPOS="76.0" VPOS="643.0" WIDTH="579.0" HEIGHT="45.0">
            <Shape><Polygon POINTS="534 654 529 644 528 644 527 644 526 644 526 644 522 648 518 651 483 651 475 648 464 645 463 645 462 645 424 649 395 652 379 649 362 646 361 646 360 646 353 649 348 652 342 649 333 646 333 646 332 646 331 646 323 650 317 653 307 650 293 647 292 647 292 647 291 647 287 650 283 653 263 651 233 648 232 648 231 648 230 648 226 651 223 654 203 654 176 652 159 650 158 650 144 652 125 655 122 653 118 649 117 649 116 649 115 649 76 653 77 676 77 684 203 688 204 688 205 688 221 683 267 686 268 686 317 682 328 686 329 686 329 686 407 681 437 685 438 685 515 680 524 684 525 684 526 684 526 684 539 679 589 683 590 683 642 682 643 682 655 677 655 669 653 646 625 649 621 646 615 643 614 643 591 643 590 643 589 643 588 643 583 647 579 649 576 647 573 645 572 645 572 645 539 644 534 654"/></Shape>
            <String CONTENT="lolatras, qui ſunt ab Eccleſia alieni, vt à blaſphe¬" HPOS="76.0" VPOS="643.0" WIDTH="579.0" HEIGHT="45.0" WC="0.9790584040137956"/>
          </TextLine>
          <TextLine ID="line_20" TAGREFS="LT8" BASELINE="78 707 654 702" HPOS="77.0" VPOS="678.0" WIDTH="577.0" HEIGHT="41.0">
            <Shape><Polygon POINTS="78 707 78 719 242 719 242 719 242 719 243 719 244 718 251 714 465 716 486 716 487 716 488 716 489 716 496 711 567 715 570 715 571 715 572 715 584 711 653 715 654 702 653 685 499 678 498 678 497 678 497 678 486 686 452 686 440 679 440 679 439 679 409 678 408 678 407 678 407 678 402 682 358 679 357 679 356 679 333 686 320 682 320 682 319 682 318 682 299 688 240 689 200 689 185 681 185 681 184 681 133 686 99 682 98 682 98 682 77 690 78 707"/></Shape>
            <String CONTENT="miis in Deum eos cogat abſtinere. Toleta. con¬" HPOS="77.0" VPOS="678.0" WIDTH="577.0" HEIGHT="41.0" WC="0.9993665166523146"/>
          </TextLine>
          <TextLine ID="line_21" TAGREFS="LT8" BASELINE="78 740 656 735" HPOS="77.0" VPOS="709.0" WIDTH="579.0" HEIGHT="43.0">
            <Shape><Polygon POINTS="78 740 78 748 160 752 161 752 162 752 172 748 174 748 175 748 187 752 188 752 189 752 235 748 241 748 244 748 267 752 268 752 269 752 280 748 284 747 655 747 656 735 654 715 622 709 621 709 563 714 483 710 482 710 420 717 420 718 365 718 364 718 348 712 347 712 346 712 345 712 336 716 328 711 327 711 326 711 325 711 325 711 313 717 280 714 279 714 279 714 259 719 229 712 228 712 199 719 133 719 125 714 124 714 123 714 98 713 98 713 97 713 77 720 78 740"/></Shape>
            <String CONTENT="cilio 4. cap. 56.cano. Neminem quiſquam diſtin." HPOS="77.0" VPOS="709.0" WIDTH="579.0" HEIGHT="43.0" WC="0.9792345052069806"/>
          </TextLine>
          <TextLine ID="line_22" TAGREFS="LT8" BASELINE="80 774 655 767" HPOS="79.0" VPOS="742.0" WIDTH="576.0" HEIGHT="44.0">
            <Shape><Polygon POINTS="80 774 80 786 144 781 341 781 455 781 456 781 654 775 655 767 652 743 641 746 588 744 547 742 546 742 545 742 544 742 541 744 536 748 531 744 529 743 528 743 527 743 526 743 526 743 520 744 508 750 461 751 423 751 415 747 408 744 407 744 407 744 374 747 333 752 301 752 292 748 282 745 281 745 280 745 279 745 267 749 256 752 240 749 234 748 233 748 232 748 231 748 230 749 226 753 186 753 182 750 178 747 177 747 176 747 176 747 156 751 150 752 142 751 107 748 106 748 79 752 80 774"/></Shape>
            <String CONTENT="35. Verborum enim correctione, non verberum" HPOS="79.0" VPOS="742.0" WIDTH="576.0" HEIGHT="44.0" WC="0.9956718101057895"/>
          </TextLine>
          <TextLine ID="line_23" TAGREFS="LT8" BASELINE="78 804 655 799" HPOS="78.0" VPOS="776.0" WIDTH="577.0" HEIGHT="41.0">
            <Shape><Polygon POINTS="78 804 78 816 181 812 245 815 264 816 265 816 275 815 298 812 317 814 332 817 333 817 333 817 339 814 347 811 355 814 362 817 362 817 363 817 364 817 365 817 365 816 367 814 370 812 386 814 399 816 400 816 401 816 402 816 404 814 410 810 419 814 422 815 423 815 423 815 434 814 462 810 469 814 469 814 470 814 471 814 473 814 497 810 502 814 505 815 506 815 506 815 507 815 525 814 551 810 654 812 655 799 653 776 78 782 78 804"/></Shape>
            <String CONTENT="metu timeri debet Epiſcopus, vt Grego. Magnus" HPOS="78.0" VPOS="776.0" WIDTH="577.0" HEIGHT="41.0" WC="0.9981348673502605"/>
          </TextLine>
          <TextLine ID="line_24" TAGREFS="LT8" BASELINE="78 836 656 831" HPOS="78.0" VPOS="806.0" WIDTH="578.0" HEIGHT="45.0">
            <Shape><Polygon POINTS="536 808 530 809 530 810 524 814 508 810 507 810 506 810 505 810 448 814 444 811 442 810 440 810 432 810 423 810 419 810 413 812 406 815 300 815 293 814 279 810 279 810 271 810 268 810 261 814 258 817 226 817 223 815 214 810 214 810 206 810 205 810 179 813 156 810 155 810 154 810 153 810 147 814 141 810 140 810 139 810 102 810 101 810 100 810 78 817 78 836 78 845 101 845 112 851 113 851 114 851 148 845 173 851 174 851 203 844 217 850 218 850 218 850 219 850 235 844 262 850 263 850 290 843 292 843 296 843 366 849 366 849 399 843 402 843 403 843 419 848 420 848 421 848 474 843 485 842 502 843 587 847 588 847 619 843 649 847 650 847 650 847 651 847 656 843 656 831 654 808 638 806 637 806 637 806 636 806 633 808 630 810 627 808 624 806 623 806 622 806 621 806 621 806 613 808 600 813 591 809 587 807 586 807 538 806 536 808"/></Shape>
            <String CONTENT="reſpõdit. Nec paſtores percuſſores excuſat quòd" HPOS="78.0" VPOS="806.0" WIDTH="578.0" HEIGHT="45.0" WC="0.9988118446603114"/>
          </TextLine>
          <TextLine ID="line_25" TAGREFS="LT8" BASELINE="78 869 655 864" HPOS="78.0" VPOS="841.0" WIDTH="577.0" HEIGHT="36.0">
            <Shape><Polygon POINTS="78 869 78 877 654 872 655 864 654 847 594 847 594 847 586 841 585 841 584 841 560 841 559 841 559 841 558 841 549 847 547 847 516 843 515 843 514 843 506 847 505 847 498 847 469 842 468 842 467 842 466 842 460 847 456 849 415 849 411 847 407 843 406 843 405 843 404 843 378 847 357 850 292 850 284 846 277 843 276 843 275 843 275 843 274 843 270 846 263 850 252 846 247 844 246 844 246 844 220 846 153 851 78 846 78 869"/></Shape>
            <String CONTENT="Dominus noſter ementes &amp; vendentes de tem¬" HPOS="78.0" VPOS="841.0" WIDTH="577.0" HEIGHT="36.0" WC="0.9969752657981146"/>
          </TextLine>
          <TextLine ID="line_26" TAGREFS="LT8" BASELINE="79 901 656 896" HPOS="78.0" VPOS="872.0" WIDTH="578.0" HEIGHT="41.0">
            <Shape><Polygon POINTS="537 889 533 878 509 878 502 877 476 872 475 872 474 872 473 872 468 877 465 880 441 880 437 877 430 872 429 872 428 872 408 872 407 872 407 872 395 877 390 879 382 877 370 873 369 873 368 873 309 874 308 874 308 874 304 876 298 880 289 876 283 874 282 874 269 874 268 874 267 874 267 874 264 876 259 880 251 876 244 874 243 874 242 874 242 874 232 876 212 881 189 876 181 875 181 875 180 875 175 876 159 882 136 876 133 876 132 876 131 876 131 876 129 876 119 882 105 876 103 876 102 876 102 876 78 876 79 901 79 909 160 913 161 913 192 909 194 909 197 909 242 912 243 912 284 908 292 908 298 908 329 911 330 911 366 908 379 907 656 907 656 896 654 878 593 872 592 872 592 872 581 877 580 878 540 878 537 889"/></Shape>
            <String CONTENT="plo flagello eiecit. Nã illud iure ſupre mæ pote¬" HPOS="78.0" VPOS="872.0" WIDTH="578.0" HEIGHT="41.0" WC="0.9914989995956421"/>
          </TextLine>
          <TextLine ID="line_27" TAGREFS="LT8" BASELINE="78 934 655 928" HPOS="77.0" VPOS="904.0" WIDTH="578.0" HEIGHT="44.0">
            <Shape><Polygon POINTS="535 923 531 911 528 911 526 909 518 905 518 905 517 905 516 905 515 905 514 905 507 909 505 911 498 909 484 905 483 905 482 905 447 909 427 912 337 910 304 909 303 909 294 910 261 913 257 910 255 909 255 908 254 908 253 908 230 908 229 908 228 908 219 910 205 914 170 910 153 909 152 909 152 909 151 909 148 910 143 915 136 910 135 909 135 909 134 909 133 909 77 910 78 934 78 942 110 942 111 942 119 948 119 948 120 948 121 948 147 942 221 947 222 947 222 947 237 941 238 941 241 941 279 946 280 946 281 946 282 946 291 941 291 940 315 940 318 940 358 946 358 946 401 941 437 945 438 945 439 945 458 939 493 943 493 943 554 938 560 942 561 942 562 942 563 942 600 937 603 937 604 937 623 942 624 942 625 942 654 936 655 928 654 909 583 904 582 904 581 904 563 909 559 911 539 911 535 923"/></Shape>
            <String CONTENT="ſtatis, &amp; magiſtratus vtraq; quę illi ſoli in Eccle¬" HPOS="77.0" VPOS="904.0" WIDTH="578.0" HEIGHT="44.0" WC="0.994487169778572"/>
          </TextLine>
          <TextLine ID="line_28" TAGREFS="LT8" BASELINE="78 967 659 961" HPOS="78.0" VPOS="936.0" WIDTH="581.0" HEIGHT="43.0">
            <Shape><Polygon POINTS="78 967 78 979 151 979 152 979 181 974 213 979 213 979 214 979 233 973 245 978 246 978 246 978 320 972 351 977 352 977 353 977 353 977 375 971 397 971 404 976 405 976 406 976 407 976 407 976 423 971 458 975 459 975 460 975 473 970 658 973 659 961 658 938 551 936 550 936 531 940 526 941 524 940 515 936 514 936 514 936 513 936 497 941 492 942 487 941 470 937 469 937 469 937 468 937 463 941 461 942 428 942 423 942 401 937 400 937 399 937 399 937 394 942 393 943 365 943 360 942 337 938 337 938 336 938 324 943 323 943 322 943 300 938 300 938 299 938 287 944 286 944 283 944 249 939 248 939 247 939 246 939 241 945 234 945 218 945 216 945 181 940 181 940 151 946 145 942 144 942 144 942 143 942 116 946 111 941 110 941 109 941 90 941 90 941 89 941 78 946 78 967"/></Shape>
            <String CONTENT="ſiã cõpetit, fecit Chriſtus. Nam in Eccleſia ipſa" HPOS="78.0" VPOS="936.0" WIDTH="581.0" HEIGHT="43.0" WC="0.9867409643004922"/>
          </TextLine>
          <TextLine ID="line_29" TAGREFS="LT8" BASELINE="82 1000 658 993" HPOS="81.0" VPOS="967.0" WIDTH="577.0" HEIGHT="45.0">
            <Shape><Polygon POINTS="82 1000 82 1011 150 1007 158 1011 163 1012 164 1012 164 1012 260 1011 261 1011 267 1010 279 1006 316 1009 336 1011 337 1011 358 1009 402 1004 447 1008 462 1009 463 1009 464 1009 468 1007 481 1003 573 1006 574 1006 603 1002 657 1006 658 993 655 971 605 971 604 971 599 967 598 967 597 967 596 967 571 971 567 972 564 971 550 967 549 967 548 967 547 967 547 967 541 972 540 972 532 972 465 968 465 968 464 968 455 973 452 974 440 973 403 969 402 969 382 973 374 975 348 975 345 974 339 970 338 970 337 970 337 970 336 970 321 974 315 976 284 976 281 974 274 970 273 970 272 970 271 970 263 974 258 976 253 974 244 971 243 971 219 971 218 971 218 971 217 971 213 974 211 976 206 974 197 972 197 972 196 972 169 975 144 978 141 975 139 973 138 973 137 973 136 973 135 973 135 973 131 975 127 978 81 976 82 1000"/></Shape>
            <String CONTENT="ve rè eſt &amp; fuit &amp; Paſtor &amp; Magiſtratus ſummus." HPOS="81.0" VPOS="967.0" WIDTH="577.0" HEIGHT="45.0" WC="0.9879635411004225"/>
          </TextLine>
          <TextLine ID="line_30" TAGREFS="LT8" BASELINE="111 1032 657 1024" HPOS="110.0" VPOS="1001.0" WIDTH="547.0" HEIGHT="43.0">
            <Shape><Polygon POINTS="111 1032 111 1040 134 1044 135 1044 176 1040 184 1039 186 1039 200 1043 201 1043 201 1043 220 1039 221 1039 222 1039 230 1043 230 1043 231 1043 290 1039 351 1041 352 1041 353 1041 362 1037 366 1036 377 1037 411 1040 412 1040 428 1036 435 1036 447 1036 473 1039 474 1039 491 1036 501 1035 656 1035 657 1024 654 1001 594 1006 573 1002 566 1001 565 1001 564 1001 563 1001 562 1003 557 1007 534 1007 496 1003 474 1002 473 1002 473 1002 468 1004 460 1007 433 1004 414 1003 413 1003 412 1003 411 1003 411 1003 409 1005 406 1008 392 1005 382 1003 381 1003 380 1003 374 1006 366 1008 333 1007 296 1004 295 1004 280 1007 267 1011 110 1011 111 1032"/></Shape>
            <String CONTENT="Ius tamen patriæ poteſtatis in liberos ſuos nõ" HPOS="110.0" VPOS="1001.0" WIDTH="547.0" HEIGHT="43.0" WC="0.9921362577600682"/>
          </TextLine>
          <TextLine ID="line_31" TAGREFS="LT8" BASELINE="78 1063 659 1056" HPOS="78.0" VPOS="1030.0" WIDTH="581.0" HEIGHT="47.0">
            <Shape><Polygon POINTS="78 1063 78 1073 131 1077 131 1077 168 1072 175 1071 176 1072 187 1077 188 1077 189 1077 263 1076 264 1076 265 1076 273 1070 275 1069 277 1070 292 1075 292 1075 293 1076 335 1076 335 1075 368 1071 380 1074 381 1074 382 1074 382 1074 403 1069 407 1068 410 1069 423 1072 424 1072 425 1072 530 1067 547 1066 552 1066 590 1071 591 1071 592 1071 592 1071 592 1070 596 1066 604 1069 604 1069 605 1069 658 1065 659 1056 658 1036 588 1030 587 1030 586 1030 569 1036 567 1037 566 1036 560 1032 559 1032 559 1032 536 1031 535 1031 534 1031 534 1031 525 1036 522 1038 514 1036 492 1032 459 1032 458 1032 457 1032 456 1032 449 1036 444 1040 407 1040 403 1036 402 1035 401 1035 400 1035 399 1035 399 1035 393 1036 382 1040 329 1040 268 1037 267 1037 236 1041 230 1036 227 1035 226 1035 226 1035 225 1035 215 1036 200 1040 191 1036 188 1036 187 1036 186 1036 158 1037 90 1040 78 1037 78 1063"/></Shape>
            <String CONTENT="amittit Epiſcopus propter hoc dictum Paulimne¬" HPOS="78.0" VPOS="1030.0" WIDTH="581.0" HEIGHT="47.0" WC="0.9922326323778733"/>
          </TextLine>
          <TextLine ID="line_32" TAGREFS="LT8" BASELINE="80 1096 662 1089" HPOS="79.0" VPOS="1065.0" WIDTH="583.0" HEIGHT="43.0">
            <Shape><Polygon POINTS="80 1096 80 1108 385 1106 395 1106 426 1101 596 1099 661 1102 662 1089 659 1066 639 1069 621 1067 608 1065 607 1065 606 1065 605 1065 602 1067 597 1070 588 1068 580 1065 580 1065 579 1065 578 1065 573 1068 567 1072 539 1072 530 1069 522 1066 521 1066 520 1066 519 1066 518 1066 515 1069 511 1073 469 1073 444 1070 405 1067 404 1067 403 1067 390 1072 384 1074 338 1075 296 1075 294 1073 280 1069 279 1069 279 1069 278 1069 267 1074 264 1076 210 1076 205 1076 154 1070 153 1070 152 1070 152 1070 145 1074 88 1072 87 1072 86 1072 86 1072 79 1076 80 1096"/></Shape>
            <String CONTENT="que ius ſuum in ſeruos, quin eos moderatè cùm" HPOS="79.0" VPOS="1065.0" WIDTH="583.0" HEIGHT="43.0" WC="0.9910233464646847"/>
          </TextLine>
          <TextLine ID="line_33" TAGREFS="LT8" BASELINE="82 1128 659 1121" HPOS="81.0" VPOS="1097.0" WIDTH="578.0" HEIGHT="45.0">
            <Shape><Polygon POINTS="82 1128 82 1137 134 1142 135 1142 135 1142 152 1138 337 1139 338 1139 339 1139 349 1135 353 1134 658 1134 659 1121 658 1103 639 1097 638 1097 637 1097 580 1104 551 1104 544 1098 543 1098 543 1098 542 1098 503 1104 481 1098 480 1098 479 1098 478 1098 464 1106 432 1106 424 1100 423 1100 423 1100 422 1100 421 1100 400 1106 274 1101 273 1101 239 1107 114 1103 113 1103 81 1110 82 1128"/></Shape>
            <String CONTENT="res poſtulat, caſtigare etiam verberibus poſſit." HPOS="81.0" VPOS="1097.0" WIDTH="578.0" HEIGHT="45.0" WC="0.9853401072323322"/>
          </TextLine>
          <TextLine ID="line_34" TAGREFS="LT8" BASELINE="80 1161 662 1154" HPOS="79.0" VPOS="1128.0" WIDTH="583.0" HEIGHT="45.0">
            <Shape><Polygon POINTS="80 1161 80 1172 250 1173 251 1173 268 1170 276 1168 290 1169 324 1172 325 1172 342 1168 349 1168 363 1168 402 1172 403 1172 425 1168 432 1167 439 1168 460 1171 460 1171 489 1167 498 1166 506 1167 532 1170 533 1170 662 1164 662 1154 660 1133 627 1134 621 1133 599 1128 598 1128 597 1128 596 1128 596 1129 592 1133 589 1135 511 1135 504 1134 489 1130 489 1130 488 1130 487 1130 474 1134 467 1136 461 1134 452 1131 452 1131 422 1131 421 1131 420 1131 419 1131 414 1135 411 1136 385 1135 342 1131 341 1131 341 1131 334 1135 331 1136 297 1135 277 1135 276 1135 275 1135 275 1135 275 1135 271 1138 267 1135 263 1133 263 1133 262 1133 261 1133 233 1135 192 1139 79 1137 80 1161"/></Shape>
            <String CONTENT="Pertinet enim hæc Pauli ſentẽtia ad eos, qui fero¬" HPOS="79.0" VPOS="1128.0" WIDTH="583.0" HEIGHT="45.0" WC="0.9961121467983022"/>
          </TextLine>
          <TextLine ID="line_35" TAGREFS="LT8" BASELINE="77 1192 666 1188" HPOS="76.0" VPOS="1162.0" WIDTH="590.0" HEIGHT="51.0">
            <Shape><Polygon POINTS="77 1192 77 1207 122 1207 137 1213 138 1213 139 1213 168 1207 186 1213 187 1213 188 1213 263 1207 292 1212 292 1212 293 1212 308 1206 312 1205 316 1206 332 1211 333 1211 333 1212 366 1212 366 1211 367 1211 368 1211 374 1206 379 1211 380 1211 381 1211 382 1211 423 1210 424 1210 436 1206 444 1205 487 1205 493 1206 504 1210 505 1210 506 1211 548 1211 548 1210 549 1210 560 1206 569 1204 581 1206 595 1209 596 1209 596 1209 608 1206 619 1204 666 1206 666 1188 664 1162 635 1168 582 1163 576 1163 575 1163 574 1163 573 1163 567 1168 543 1168 480 1164 458 1164 457 1164 442 1165 409 1169 335 1167 270 1165 269 1165 268 1165 262 1168 258 1171 222 1171 218 1169 205 1165 204 1165 203 1165 137 1170 136 1170 135 1170 96 1166 95 1166 94 1166 76 1170 77 1192"/></Shape>
            <String CONTENT="ci &amp; militari animo &amp; imperioſo pugnos &amp; ver¬" HPOS="76.0" VPOS="1162.0" WIDTH="590.0" HEIGHT="51.0" WC="0.9892595198419359"/>
          </TextLine>
        </TextBlock>
        <TextBlock HPOS="477.4427490234375" VPOS="1203.36181640625" WIDTH="60.26513671875" HEIGHT="32.65625" ID="block_5" TAGREFS="BT17">
          <Shape><Polygon POINTS="477.443 1203.36 537.708 1203.36 537.708 1236.02 477.443 1236.02 477.443 1203.36"/></Shape>
          <TextLine ID="line_36" TAGREFS="LT8" BASELINE="477 1221 538 1221" HPOS="477.0" VPOS="1199.0" WIDTH="61.0" HEIGHT="48.0">
            <Shape><Polygon POINTS="477 1221 477 1240 537 1247 538 1221 538 1207 477 1199 477 1221"/></Shape>
            <String CONTENT="i.iij." HPOS="477.0" VPOS="1199.0" WIDTH="61.0" HEIGHT="48.0" WC="0.9076574842135111"/>
          </TextLine>
        </TextBlock>
      </PrintSpace>
    </Page>
  </Layout>
</alto>
