1000 1448
554.0 88.0 47.0 54.0 301

231.0 110.0 174.0 25.0 CAPVT V.

26.0 125.0 574.0 52.0 cleſia Chriſti receſſerũt, vti Nouatiani & Dona

26.0 164.0 576.0 45.0 tiſtæ. Reſp.igitur cauſſam ipſam ſeceſſionis ſpe¬

27.0 196.0 572.0 42.0 ctandam eſſe. Nam ſi quis idcircò deflectit à fi¬

28.0 229.0 573.0 45.0 de, quòd iugum Chriſti ferre nolit, diſcedat. Sin

26.0 262.0 576.0 46.0 autem quod tyrannidis pręter Chriſti legem

28.0 294.0 574.0 46.0 iugum ſibi impoſitum ferre non poteſt & recu¬

27.0 325.0 574.0 46.0 ſat, certè illud iugum tollendum eſt, & demen¬

28.0 358.0 574.0 45.0 dum. Neque enim quiſquam iugum Chriſti du¬

27.0 391.0 577.0 43.0 rum ſentiet, niſi qui omnino ſceleratus & im¬

29.0 423.0 575.0 45.0 pius eſſe volet. Ergo quædam nimio iſto rigore

28.0 466.0 576.0 34.0 cœlibatus ſam offenſæ diſceſſerãt atque deflexe¬

26.0 488.0 577.0 46.0 rant à fide, & ad Satanam reuerſæ erant, abiurata

24.0 520.0 354.0 47.0 nimirum Euangelij doctrina.

65.0 593.0 536.0 42.0 10 Quod ſi quis fidelis aut ſi qua fidelis

25.0 626.0 575.0 44.0 habet viduas, eis ſubuenito, & non onerator

26.0 662.0 576.0 58.0 Eccleſia, vt iis qua verè viduæ ſant ſubue¬

26.0 707.0 87.0 42.0 niat.

57.0 742.0 542.0 47.0 Concluſio eſt totius ſuperioris diſputationis

26.0 779.0 576.0 43.0 de viduis pauperibus, quæ quidem ſunt fideles.

27.0 823.0 575.0 28.0 Continee aucein mne loeuo eclai cauonem illi

25.0 844.0 576.0 43.0 primo ſi millimum, qui ſup. verſ.4. explicatus eſt.

24.0 876.0 577.0 42.0 Eſt autem hic canon ſextus numero, Quiſque fi¬

24.0 909.0 576.0 42.0 delis ſuas viduas alito: Illis, quę à cognatis ali &

24.0 942.0 576.0 41.0 exhiberi poſſunt, eccleſia ne grauator, vt aliis

24.0 972.0 577.0 43.0 omni auxilio deſtitutis ſubuenire & ſuppeditare

24.0 1004.0 246.0 42.0 poſſit quod ſatis eſt.

57.0 1036.0 545.0 40.0 Primum quoad verba, Eraſmus cenſet hæc à

24.0 1069.0 576.0 42.0 σςὴ à ſtudioſo aliquo qui mentem Pauli ple¬

24.0 1102.0 573.0 43.0 nius explicare gloſſemate voluit, fuiſſe addita

26.0 1134.0 572.0 45.0 Vult igitur hunc locum ſic reſtituendum eſſe

20.0 1167.0 578.0 50.0 ὐτις πσὸς ἰχει χόρας. Sed perinde eſt. Nam etiam
