1000 1448
360.0 93.0 59.0 23.0 400

506.0 78.0 339.0 37.0 D I. TAVL. AD TIM.

357.0 109.0 577.0 47.0 tur fuerit, antequam lux illa de qua Geneſ.1.facta

357.0 144.0 575.0 45.0 mentio eſt, crearetur & extitiſſet. Neque enim

354.0 175.0 577.0 43.0 hîc lucis vocabulum natiuo ſignificato ſumendũ

354.0 208.0 575.0 47.0 eſt: ſed pro eo ſplendore, maieſtate, ſtatu qui o¬

353.0 242.0 576.0 42.0 mnem admirationem cogitationémque huma¬

352.0 273.0 578.0 46.0 nam longè ſuperat, habétque optabilem & lętiſsi¬

353.0 308.0 573.0 43.0 mam meditationem, qualis eſt nobis ipſe lucis

351.0 352.0 576.0 34.0 aipectus, vt ex Ilai.57. verſ.15. ſatis perſpici poteſt

351.0 371.0 574.0 48.0 & quidem tantam, vt ad eam humanæ etiam mẽ¬

352.0 403.0 194.0 41.0 tis acies caliget.

382.0 434.0 542.0 46.0 Ergo huius epitheti duplex eſt ſenſus. Primus

351.0 468.0 571.0 46.0 quidem, vt omnẽ nobis diuinæ maieſtatis curio¬

349.0 504.0 572.0 42.0 ſius perſcrutandæ pruritum ( qui ex magna qua¬

348.0 534.0 573.0 45.0 dam vanitate naſci ſolet) adimat, ac tollat. Præ¬

348.0 565.0 573.0 45.0 clarè enim Bernar. ſerm. 62.in Cantica opprimi¬

346.0 597.0 575.0 45.0 tur ſcrutator maieſtatis Dei: non tamen volun¬

345.0 629.0 575.0 45.0 tatis. Nam vt ij flammis ſtatim correpti & con¬

345.0 662.0 574.0 45.0 ſumpti ſunt, qui tres illos adoleſcentes Abdena¬

345.0 695.0 572.0 45.0 gum, Mizaelum, & Sydracum in fornacem con¬

343.0 726.0 572.0 47.0 iecerunt. Daniel. 3. Vti puniti ſunt Betſemitæ,

345.0 758.0 572.0 47.0 quòd in arcam Domini inſpexerint 1. Samuel.6.

343.0 792.0 571.0 47.0 Sic conſumuntur & obruuntur Dei maieſtate,

341.0 824.0 572.0 44.0 qui in eam curioſè, & aliter, quàm oportet, in¬

338.0 856.0 577.0 46.0 tueri atque inquirere volunt. Deniq; hoc ipſum

338.0 888.0 574.0 48.0 eſt, quod ait alibi Paulus, Dei maieſtatem, atque

338.0 919.0 574.0 49.0 iudicia eſſe imperueſtigabilia atque ἀνεξερευιητα.

338.0 953.0 574.0 46.0 Ergo præclarè Bern.ſer.31.in Can. ad Deũ acce¬

337.0 983.0 573.0 49.0 dendũ, eſt, ait, nonirruendũ, ne irreuerens ſcruta¬

335.0 1016.0 574.0 49.0 tor maieſtatis opprimatur ab ipſiꝰ gloria & ſplẽ¬

335.0 1048.0 574.0 49.0 dore. In quo tamẽ illud eſt diligẽter obſeruandũ

333.0 1081.0 574.0 48.0 quod idem Bernard. dixit ſerm.62.opprimi ſcru¬

329.0 1113.0 576.0 44.0 tatorem maieſtatis Dei:non item voluntatis. Nã

327.0 1145.0 575.0 56.0 eam voluntatem Dei, quam quidem nobis notã

845.0 1185.0 56.0 53.0 eſſe
