1000 1448
369.0 108.0 58.0 25.0 420

493.0 94.0 358.0 38.0 AD I. PAVL. AD TIM

366.0 132.0 514.0 39.0 Cντητο͂ meminit Paulus 1. Corinth.1.verſ.2o.

395.0 162.0 547.0 42.0 Pia verò eadem doctrina Euãgelij ab effectu

364.0 197.0 577.0 40.0 nominatur, quia pietatem nos docet. Eſt autem

367.0 232.0 575.0 37.0 pietas, Verus Dei cultus, qui veram proximi

363.0 262.0 579.0 42.0 dilectionem parit ex ſeſe, tanquam primarium

363.0 289.0 122.0 42.0 fructum.

395.0 323.0 545.0 43.0 Huic pietati opponit Paulus vitia contrariæ

364.0 357.0 578.0 40.0 doctrinæ & Matæologiæ ſorbonicæ, hæc nimi¬

364.0 390.0 578.0 41.0 rum Mendacium, quia veritate priuantur: Aua¬

364.0 425.0 578.0 37.0 ritiam, Pietatem in quæſtum conuertunt: & Vi¬

362.0 454.0 580.0 41.0 tia peſsima quæ profert, qualis eſt Inuidia, Male¬

362.0 487.0 580.0 41.0 dicentia, Suſpicio mala, Vaniloquentiam, Con¬

363.0 520.0 579.0 35.0 tentiones, Pugnæ. Denique peruerſa exercitatio

366.0 549.0 577.0 42.0 Tit 3.verſ 9. ſup.1.verſ.6. Cæteræ voces ſunt faci¬

362.0 584.0 579.0 40.0 les & perſpicue. Vna hæc, πθαδιατριβαὶ, obſcura.

362.0 616.0 581.0 39.0 Attingit enim Paulus eorum ſpecioſos quidens

362.0 649.0 582.0 37.0 ſed tamẽ falſos prætextus, cùm huiuſmodi quæ¬

360.0 678.0 583.0 37.0 ſtiones inſtituunt. Hoc enim ſe & conari & velle

362.0 713.0 582.0 36.0 ad Philoſophorum imitationem (qui de ſue ſectæ

362.0 744.0 582.0 41.0 dogmate, ſtudioſè inquirunt & diſputant, ſcho¬

364.0 778.0 580.0 40.0 laſque inſtitutas habent) vt aliquæ de pulcherri¬

359.0 810.0 583.0 41.0 ma omnium ſcientia, nempe de vera Dei Theo¬

361.0 842.0 583.0 41.0 logia, & modeſtæ diſputationes inſtituantur, &

362.0 876.0 582.0 41.0 vigeant inter Chriſtiãnos, quò ſint aduerſus &

362.0 906.0 582.0 41.0 hæreticorum & Ethnicorũ argumẽta paratiores

364.0 939.0 580.0 42.0 atq; munitiores. Philoſophi ſuas illas Scholas &

364.0 973.0 580.0 39.0 diſputationes vocabant διατειβας. Hi quoq; ſuas

362.0 1005.0 581.0 40.0 de rebus diuinis diſſertationes, vt ex hoc loco

362.0 1036.0 582.0 41.0 apparet, διαταβὰς nominabant. Ergo Paulus allu¬

363.0 1069.0 581.0 40.0 dit ad hanc ipſam vocem, quam in eos ipſos le¬

363.0 1100.0 582.0 39.0 pidè retorquet. Docet enim huiuſmodi diſputa¬

364.0 1133.0 580.0 38.0 tiones quę à ſana doctrina, recedunt, nõ eſſe δια¬

366.0 1165.0 577.0 48.0 τθας, id eſt, honeſtas ſcholas & diſputationes

847.0 1197.0 98.0 53.0 veiliter

954.0 1205.0 5.0 34.0 .
