1000 1448
206.0 106.0 200.0 18.0 CAPVT VI.

561.0 87.0 39.0 45.0 41

26.0 121.0 580.0 41.0 rendum eſt, non idcirco tamen priuata authori¬

28.0 157.0 576.0 40.0 tate ſibi ius dicere ſerui Chriſtiani conceduntur,

28.0 190.0 581.0 42.0 ſéque in libertatem aſſerere, iugũ dominorum ex¬

28.0 224.0 580.0 40.0 cutere: ſed Magiſtratus authoritatem implorare

29.0 255.0 580.0 42.0 debent, Deo prius inuocato. Eſt ergo, vt ad ſeriẽ

28.0 287.0 580.0 42.0 huius loci veniamus, hic verſiculus μετάβοσις, id

28.0 321.0 579.0 41.0 eſt, Tranſitio. Conſtituuntur enim canones duo

32.0 353.0 575.0 42.0 vtiliſſimi de ſeruis, vti ſpectari poteſt eorum cõ¬

28.0 386.0 581.0 41.0 ditio duplex ex perſona dominorum, quibus ſer¬

28.0 424.0 581.0 34.0 uiunt. Ivam ade imidenbus yuue Piuelibus do¬

30.0 449.0 580.0 42.0 minis illi ſubiiciuntur. Ac primus canon ad eos

28.0 484.0 581.0 42.0 pertinet, qui dominos infideles habent. Eſt autẽ

28.0 518.0 145.0 37.0 huiuſmodi.

60.0 543.0 548.0 45.0 Serui Chriſtiani dominos ſuos etiam infideles

28.0 580.0 581.0 41.0 omni honore proſequuntor, eíſque ſubiiciuntor.

28.0 612.0 577.0 38.0 ne & nomen & doctrina Dei blaſphemetur. Se¬

26.0 645.0 576.0 38.0 cundus autẽ canõ in ſequẽte verſiculo cõtinetur.

60.0 679.0 545.0 36.0 Similis eſt huic locus apud Petrũ 1.Pet.2.v.28.

61.0 709.0 546.0 43.0 Sed ſingula Pauli verba perpendamus. Nam

28.0 741.0 576.0 44.0 & Anabaptiſtas refutant, & Α’ναρχικὸς homines,

29.0 776.0 578.0 39.0 qui omne diſcrimen perſonarum ſublatum, o¬

28.0 807.0 530.0 41.0 mnéſque humanas politias abolitas vellent.

59.0 838.0 547.0 46.0 Ait Paulus οι υπὸ ζυγὸν, id eſt, Qui ſub iugo ſunt,

28.0 872.0 577.0 43.0 Iugi voce notare voluit Paulus duram ipſam &

28.0 906.0 579.0 41.0 miſeram ſeruorum conditionem, & tanquam i¬

27.0 936.0 580.0 42.0 ſtius detrectationis ſeruitutis cauſam. Itaque ſtu¬

28.0 969.0 580.0 42.0 det ipſis ſeruorum querelis obuiam ire, quaſi di¬

28.0 1002.0 579.0 42.0 ceret, De hoc maximè cõquerimini quòd iugum

28.0 1034.0 579.0 41.0 veſtrum durum eſt, & conditio miſera, quia ſer¬

27.0 1066.0 579.0 40.0 uilis. Hoc concedo ait Paulus, ſed quia dominus

27.0 1098.0 579.0 45.0 ipſe vos ijs ſubiecit, & iugum hoc vobis impo¬

25.0 1131.0 579.0 43.0 ſuit, æquo animo ferendum eſt. Nam cùm vos

26.0 1163.0 576.0 50.0 dominus ipſe depreſſerit, alios autem vobis im¬
