1000 1448
367.0 98.0 44.0 35.0 338

493.0 78.0 352.0 45.0 AD I. PAVL. AD TIM

364.0 108.0 570.0 58.0 tamẽ & ipſi ciuiles magiſtratus θιῦ διάκονο & ſa¬

363.0 155.0 575.0 44.0 crretiamnomdney ſeu me cecienaſtica tantum

363.0 191.0 245.0 42.0 perſequitur Paulus.

399.0 211.0 540.0 51.0 Quæritur autem, quæ ſit huius præcepti occa¬

366.0 243.0 575.0 53.0 ſio, & cur de eo fuerint etiam prudentiſſimi cu¬

365.0 277.0 573.0 47.0 iuſque eccleſiæ paſtores, qualis Timotheus, qua¬

365.0 309.0 574.0 50.0 léſque nobis ſub Timothei perſona proponun¬

366.0 340.0 573.0 51.0 tur, monendi. Reſp. fuiſſe multiplicem neceſſita¬

366.0 373.0 571.0 50.0 tem ac rationẽ cur hoc præceptum ſpiritus ſan¬

366.0 402.0 574.0 56.0 ctus adderet: ſed imprimis fuit triplex, nimirũ ſci

367.0 439.0 574.0 47.0 licet propter Impudentiam, Importunitatem

366.0 470.0 575.0 49.0 tũ Populorũ tum Ordinandorum, & Nouitatis

366.0 501.0 574.0 49.0 ſtudium erat neceſſarium hoc præceptum. Nam

366.0 534.0 573.0 49.0 ferè homines nouis Miniſtris gaudent: Ergo ne

367.0 568.0 581.0 50.0 qui ſemel arriſit, ſtatim probetur & eligatur, ca¬

368.0 600.0 578.0 45.0 uendum eſt. Nam permulti ſunt, in quibus egre¬

368.0 630.0 582.0 52.0 giæ quidem animi dotes elucẽt, qualis eſt vel ze

368.0 662.0 578.0 54.0 lus in Dei gloriam, vel etiam ſumma doctrina,

370.0 696.0 576.0 52.0 quíque propterea ſunt commendabiles: qui ta¬

369.0 728.0 574.0 49.0 men ad munus eccleſiaſticum ſunt prorſus pro¬

370.0 759.0 576.0 54.0 pter alios defectus inepti, illiuſque incapaces. Et

370.0 794.0 580.0 46.0 certè qui ad huiuſmodi muner a alios commen¬

370.0 826.0 577.0 50.0 dant, hoc notent diligenter, quod ait hoc loco

370.0 857.0 576.0 52.0 Paulus, quódque Horatius Flaccus, quanquam

371.0 895.0 378.0 48.0 poëta prophanus, rectè monuit.

403.0 921.0 541.0 53.0 Qualem cõmendes etiam atque etiam aſpice,

446.0 968.0 120.0 35.0 ne mox

401.0 984.0 479.0 54.0 Incutiant aliena tibi peccata pudorem.

403.0 1018.0 550.0 50.0 Affert autem remedia aduerſus omnes ſupe¬

370.0 1048.0 588.0 54.0 riores rationes, quibus impulſi eligentes peccare

371.0 1084.0 587.0 51.0 ſolent. Primum igitur remedium primáque excu¬

371.0 1114.0 587.0 53.0 ſatio iuſtiſsima, quæ contrà afferri debet eſt hæc,

374.0 1146.0 580.0 62.0 Neminem Dei præceptis præponendum, & idcir

913.0 1185.0 37.0 51.0 co
