1000 1448
469.0 80.0 374.0 43.0 AD I. PAVL. AD TIM.

360.0 94.0 65.0 29.0 102

360.0 107.0 582.0 52.0 ſunt reiiciendæ, nec nobis Euangelij lucem ade¬

360.0 143.0 582.0 49.0 ptis iam retinendæ, vel in Epiſcoporum electio¬

358.0 176.0 583.0 46.0 ne requirẽdæ, & obſeruandæ. Nec ferè locus eſt,

362.0 209.0 581.0 48.0 quẽ ſcupuloſius canoniſtæ tractarint, quàm hic

361.0 242.0 581.0 45.0 qui eſt de clericorum & Epiſcoporum electione

361.0 277.0 581.0 43.0 vti apparet tota prima parte decretorum & à di¬

360.0 307.0 581.0 46.0 ſtinct.23.ad 1o2. Nos quantum videbitur, & ad v¬

359.0 340.0 581.0 42.0 ſum noſtrum, & ad Eccleſiæ Papiſticæ perturba¬

359.0 375.0 583.0 44.0 tionem & συνχύπν patefaciendam, ex illis etiam

358.0 407.0 584.0 43.0 hauriemus. Primùm igitur ait, Irreprehenſibilem,

359.0 438.0 583.0 46.0 vel irreprehenſum. Paulus in Epiſtola ad Titum 1.

359.0 471.0 584.0 45.0 verſ.7. ἀνέγκλητον, id eſt, non à quoquam publici

358.0 505.0 584.0 42.0 criminis accuſatum, ſed inculpatum. Ratio eſt,

362.0 535.0 580.0 45.0 quòd multum de dignitate & authoritate Epi¬

361.0 568.0 584.0 44.0 ſcopi & paſtoris detrahit publica nõ tantùm ſce¬

360.0 601.0 585.0 43.0 leris damnatio:ſed etiam accuſatio, quia in ea

361.0 633.0 582.0 46.0 perpetrati criminis ſuſpicio quædam ineſt, quan¬

361.0 668.0 581.0 41.0 quam non eſt conuictus. Et qui cæteros repre¬

359.0 698.0 585.0 42.0 henſurus eſt, debet ne ſordeſcat eius admonitio,

359.0 730.0 586.0 44.0 omnibus vitijs carere. Debet enim omni vitio

359.0 763.0 586.0 42.0 carere, qui in alterum dicere paratus eſt, vt ait M.

366.0 795.0 577.0 44.0 Tull. Iſtud vero Pauli dictum, vt ſit irreprehẽſus

360.0 827.0 582.0 47.0 Epiſcopus, de publica infamia & de eo ſcelere,

358.0 859.0 584.0 45.0 quod accuſatione publica obnoxium, aut dignũ

359.0 893.0 582.0 42.0 eſt, intelligitur, quo carere & illius accuſatione,

360.0 927.0 583.0 40.0 debet futurus paſtor: non autem de peccato vel

358.0 958.0 588.0 42.0 infirmitate qualibet accipitur, cui etiam optimi

359.0 992.0 586.0 41.0 quique ſunt obnoxij, vt ea in futuro Epiſcopo

358.0 1022.0 587.0 44.0 nulla ineſſe omnino poſſit. Ἀνέγκλητοι quidem

358.0 1055.0 586.0 44.0 eſſe poſſumus, Αυναμαότητοι verò eſſe nõ poſſumus

359.0 1090.0 586.0 41.0 Peccatorum igitur, vt docet etiam ſæpe & appo¬

356.0 1122.0 589.0 41.0 ſitè quidem ad huius loci explicationem Augu¬

358.0 1152.0 587.0 63.0 guſt quædam ſunt Crimina, & Peccata, vel infir¬

846.0 1188.0 99.0 57.0 mitates
