1000 1448
261.0 99.0 197.0 20.0 CANVT VI..

576.0 75.0 54.0 45.0 489

58.0 115.0 575.0 41.0 eſſe voluit, inquirere diligenter & licet & cõceſ¬

59.0 152.0 574.0 40.0 ſum eſt, vt docet exẽplo Patrum Pet.1. epi.1.V.II.

58.0 185.0 573.0 40.0 Dicitur hęc Dei lux inacceſſa. Ne proprio marte

57.0 216.0 575.0 42.0 propriiſq; ingenij noſtri, quantumuis viuidi, viri¬

57.0 249.0 576.0 43.0 bus ad eam accedere tentemus. Qui enim ſic ad

57.0 282.0 576.0 41.0 eam adire tentant, excæcantur illius fulgore. Sed

57.0 314.0 575.0 41.0 prius à Dei ſpiritu nos illuminari petamus & pa¬

57.0 349.0 576.0 38.0 tiamur. Nam illuminatis patet facilis ad illam

56.0 378.0 577.0 42.0 Dei maieſtatem & lucem intuendam acceſſus: &

54.0 411.0 579.0 41.0 Deus ipſe prius eos illuminat, à quibus ſe

55.0 446.0 578.0 39.0 videri & ſua arcana cognoſci, atque tanquam

53.0 476.0 580.0 42.0 conſpici vult. Pſ34.v.6.Cùm autẽ ad eam venire

55.0 510.0 576.0 40.0 volumus, neq; locorũmutatione, neque corpo¬

53.0 541.0 580.0 42.0 ris agitatione ad Deum appropinquamus: ſed

52.0 575.0 580.0 37.0 claritatibus, incorporeis & ſpiritualibus, ſuiíſque

52.0 606.0 578.0 39.0 muneribus, qualis eſt fides, vitæ ſanctitas, zelus

54.0 637.0 575.0 41.0 verus ad eam accedere nos oportet, vt ait Ber¬

51.0 669.0 422.0 37.0 nardus, & exBernardo Anſelmus.

84.0 700.0 545.0 45.0 Porrò ſecundus huius epitheti vſus eſt. Quòd

49.0 734.0 579.0 38.0 cùm dicitur Dei domicilium lucidum eſſe: imò

49.0 768.0 578.0 42.0 eſſe lux ipſa, culpa omnis noſtræ de Deo ignora¬

49.0 801.0 578.0 41.0 tionis in nos ipſos transfertur. Nec enim Deus

49.0 833.0 578.0 42.0 in tenebris habitat, vt agnoſci aut videri nõ poſ¬

48.0 864.0 577.0 44.0 ſit: ſed in luce ſplendidiſſima. Ergo quod eum,

48.0 898.0 578.0 42.0 illiúſque admirabilem maieſtatem cernere non

49.0 929.0 576.0 45.0 poſſumus, id aciei noſtræ imbecillitatis, & inge¬

48.0 963.0 578.0 42.0 nij tenuitate fit, non ipſius quidem loci, in quo

48.0 994.0 577.0 42.0 Deus eſt, obſcuritati tribuendum eſt. Omnia e¬

47.0 1026.0 579.0 44.0 nim quodammodo Dei ipſius maieſtatem nobis

46.0 1061.0 579.0 41.0 repræſentant, & illuſtrant, quocunque conuerta¬

46.0 1094.0 579.0 37.0 mus oculos, vt docet Paulus Rom.1.verſ.2o. Sed

44.0 1126.0 580.0 40.0 imprimis verbum Euangelij, in quo ſe nobis in

45.0 1156.0 577.0 52.0 Chriſto perſpicuum & aſpectabilem reddit, eum
