1000 1448
253.0 101.0 235.0 18.0 CARVT IIII

602.0 81.0 23.0 38.0 19

61.0 112.0 585.0 53.0 ctificandi ratio proponitur, verbum Dei, &

65.0 149.0 581.0 48.0 Precatio. Verbum Dei, quia tum demum ſana

65.0 181.0 583.0 45.0 conſcientia ſumimus hos cibos, cùm per Dei

67.0 214.0 583.0 47.0 verbum intelligimus eos nobis in eſum conceſ¬

67.0 246.0 583.0 46.0 ſos & datos eſſe. Itaque hoc Dei verbum fide à

67.0 278.0 582.0 46.0 nobis apprehendi prius debet, quàm hic cibus

68.0 312.0 582.0 45.0 ſanctificari poſſit. Cur autem ad Dei ſermonẽ ſit

67.0 345.0 584.0 46.0 nobis recurrẽdum, ratio eſt, quòd per Adamum

69.0 377.0 584.0 47.0 omne ius illud, quod prius in Dei creaturas, &

70.0 408.0 584.0 48.0 mundũ hunc habuimus, perdidimus. Quod nobis

70.0 441.0 584.0 48.0 reſtitutũ eſſe nõniſi ex Dei verbo fide apprehen

71.0 475.0 582.0 47.0 ſo poſſumus agnoſcere. Hanc fidẽ ſequitur pre¬

70.0 506.0 584.0 49.0 catio noſtra, quæ à Deo petit, qu'od eſt ipſe mera

70.0 543.0 584.0 45.0 luu belignitate pomeltus, & agnoſcit eum tan¬

69.0 571.0 583.0 46.0 torum bonorum authorem eſſe. Atque tunc de¬

72.0 602.0 584.0 50.0 mum noſtrum eſſe & à Deo nobis donatũ, quod

74.0 639.0 581.0 47.0 apponitur, intelligimus, vt ſine animi ſcrupulo

76.0 680.0 109.0 35.0 vtamur.

109.0 700.0 546.0 46.0 Hæc autem ſanctificatio communis menſæ

76.0 732.0 581.0 46.0 differt ab ea, quæ fit in myſtica Cœna Domini,

78.0 769.0 457.0 41.0 vti præclarè docet hoc loco Caluinus.

109.0 798.0 549.0 49.0 Quærit Chryſoſtom. de delicijs ciborum, v¬

74.0 831.0 585.0 45.0 trum ijs ver niecat homini Chriſtiano. Reſpond.

73.0 865.0 584.0 43.0 verò cùm nobis profuſa liberalitate ſua dona

74.0 898.0 587.0 48.0 largitus ſit Dominus, nec vnius tantùm generis

74.0 930.0 585.0 42.0 cibos in vſum noſtrum creauerit, poſſe nos cum

78.0 962.0 582.0 47.0 gratiarum actione, etiam cibis lautioribus vti.

79.0 995.0 581.0 47.0 neque tantùm vulgaribus, modò omnis luxus,

80.0 1027.0 520.0 50.0 ingluuies, intemperantia, & crapula abſit.

486.0 1186.0 73.0 51.0 n.iiij.

123.0 1094.0 541.0 57.0 6 Hæc ſi ſubieceris fratribus bonus eris

82.0 1139.0 582.0 63.0 miniſter Ieſu Christi, innutritus in ſermoni¬
