1000 1448
387.0 89.0 52.0 17.0 31e

493.0 72.0 387.0 34.0 AD le HavLe AB TIM.

379.0 104.0 575.0 37.0 ſus inepta & barbara excudant, qualia apud eos

378.0 136.0 576.0 42.0 ſunt penè infinita. Præclarè tamen Auguſtinus

378.0 171.0 575.0 39.0 lib.15.contra Fauſtum cap.3. Non omnis nouitas

378.0 204.0 574.0 39.0 eſt fugienda:nõ omnis vetuſtas appetenda. Nam

379.0 235.0 574.0 43.0 & Chriſtus nouumſe præceptum dare dixit, &

377.0 267.0 574.0 40.0 οκούσιον Patres vocemvt ait Athanaſius tunc tem¬

378.0 300.0 572.0 41.0 poris nouam aduerſus Arrianos induxerunt ad

378.0 338.0 572.0 36.0 noubo nompe morum ertores nigulandos. Sed

378.0 365.0 572.0 42.0 iſtorum noua vocabulares ipſas obſcurant, &

378.0 395.0 211.0 44.0 planè inuoluunt.

415.0 440.0 536.0 48.0 21 Quam nonnulli præ ſe ferentes, cir¬

375.0 476.0 576.0 51.0 ca fidem aberrarunt à ſcopo. Gratia ſit tecũ

374.0 522.0 127.0 35.0 Amen.

405.0 558.0 547.0 38.0 Α'ιτιολογέα, confirmat enim ſuperiorem ſentẽ¬

374.0 591.0 575.0 38.0 tiam ab effectu, ne fruſtrà aut temerè iſtam ma¬

374.0 625.0 576.0 41.0 tæologiam tam ſeuerè damnare videatur. Euen¬

372.0 658.0 578.0 37.0 tus enim ipſe iam tempore Pauli docuit omnes

370.0 689.0 580.0 39.0 huiuſmodi inanes quæſtiones & clamoris, & ine¬

372.0 722.0 578.0 42.0 ptæ occupationis plenas veriſſimam eſſe doctri¬

370.0 756.0 579.0 37.0 næ fidei peſtem, & labem. Nam ex ijs qui, eas

371.0 787.0 578.0 41.0 funt cõſectati, quidam à vera fide iam defecerãt

373.0 818.0 575.0 42.0 Quòd ſi obijcitur. At nondum erat nata ſchola¬

370.0 851.0 578.0 42.0 ſtica Theologia, quæ demum fub Innocentio3. &

370.0 885.0 579.0 41.0 poſt Alberti Magni tempora extare cœpit, Tho¬

369.0 918.0 580.0 40.0 ma Aquinate nimirum multum eam promouen¬

369.0 948.0 580.0 42.0 te & commendante. Reſpond. Aliæ quæſtiones

369.0 984.0 580.0 37.0 iam tempore Pauli pro vera & ſolida fidei do¬

367.0 1012.0 582.0 41.0 ctrina inuehebãtur tum à Iudæis, tum ab hære¬

367.0 1044.0 579.0 43.0 ticis, de quibus cap 1.& cap.4. & hoc ipſo capite

368.0 1077.0 580.0 41.0 facta mentio eſt, quibus poſtea depulſis & ex¬

368.0 1109.0 581.0 41.0 ploſis in earum locũ ſcholaſtica & inanis Theo¬

367.0 1140.0 581.0 52.0 logia, quæ in Papiſtarum ſcholis viget, ſubſtituta

908.0 1178.0 42.0 45.0 eſt
