1000 1448
252.0 104.0 200.0 27.0 CARVT III.

598.0 95.0 52.0 43.0 107

67.0 123.0 583.0 45.0 beri debuerunt, maximè futuris paſtoribus. Cur

66.0 160.0 584.0 42.0 autem diſertè iſtud commemorare oportuerit ra¬

67.0 193.0 580.0 41.0 tio eſt, tum ludæorum receptus & vulgaris iam

66.0 224.0 580.0 43.0 mos, vt docet Chryſoſtom. qui ſibi plures ſimul

69.0 257.0 578.0 41.0 vxores ſumebant: tum communis omnium penè

68.0 292.0 578.0 40.0 populorum, imprimis autem Græcorum & O¬

66.0 322.0 581.0 42.0 rientalium opinio, barbara quidem, ſed tamen

64.0 354.0 580.0 44.0 iam confirmata: qui id minimé turpe putabant,

64.0 387.0 582.0 42.0 maximè ſi priori vxori repudij libellus etiam

63.0 419.0 583.0 41.0 ſine cauſa miſſus eſſet. Nam & Diogenes Laert.

65.0 452.0 583.0 43.0 ſcribit in Socrate id præceptum fuiſſe & edictũ

63.0 485.0 583.0 41.0 Athenis, vt duas vxores vir quiſque haberet: &

65.0 522.0 581.0 37.0 Socrat. lib.4. cap.32. tradit eandem legem etiam

65.0 550.0 579.0 36.0 à Valentinia.3. imperatore Romano repetitam

64.0 582.0 582.0 43.0 fuiſſe & ſancitam, tam leue peccatum habebatur

65.0 617.0 150.0 35.0 Polygamia.

93.0 641.0 553.0 47.0 Epiphan.in lib. Hæreſ. de Cataphrygib. agens

69.0 677.0 575.0 40.0 putat ad Chriſti ſummi Sacerdotis imitationem,

62.0 709.0 584.0 43.0 cuius imaginẽ gerunt Eccleſiæ doctores, iſtud à

65.0 741.0 581.0 40.0 Paulo præcipi. Nã quemadmodũ habet Chriſtus

64.0 775.0 581.0 40.0 vnã tãtùm Eccleſiã:ſic Epiſcopus ait vnã tantùm

66.0 806.0 577.0 45.0 vxorem habere debet. Auguſtinus lib. de Bono

63.0 842.0 581.0 41.0 coniugali cap.18. vnitatem Gentium nomine v¬

61.0 872.0 582.0 43.0 nius vxoris ſignificari ait, Ineptè certè, pace tan¬

65.0 906.0 580.0 42.0 torum virorum dictum ſit, vtrique. Ergo procul¬

62.0 937.0 583.0 43.0 dubio Epiſcopos, Preſbyteros, & Diaconos con¬

61.0 970.0 583.0 43.0 iuges habuit vetus Eccleſia & proxima Apoſto¬

61.0 1003.0 583.0 41.0 lorum temporibus ætas, vt apparet ex Hiſtoria

60.0 1032.0 581.0 45.0 Eccleſiaſtica: imprimiſque Euſeb. lib. 6. cap.42.

61.0 1066.0 582.0 44.0 Socrat. Scholaſt.lib5.cap. 22. Sed & ex ipſis quo¬

61.0 1099.0 580.0 44.0 que Papiſtarum canonibus & decreto Gratiani.

61.0 1130.0 580.0 44.0 Sed & Auguſt. cùm ſcribit ad Paulinum Nolæ

59.0 1164.0 582.0 59.0 Epiſcopum Tarracaſiæ quoque ipſius vxoris me¬
