1000 1448
350.0 108.0 62.0 44.0 164

456.0 86.0 382.0 56.0 AD I. PAVL. AD TIM.

427.0 271.0 181.0 39.0 Crucem ferre.

388.0 291.0 544.0 54.0 6 Prædicare ad populum Euangelium, &

359.0 332.0 278.0 48.0 Apoſtolicas Epiſtolas.

432.0 381.0 242.0 23.0 Officium precandi.

389.0 389.0 546.0 53.0 8 Exhortatur & iubet populum clamare ad

358.0 422.0 577.0 52.0 Deum, & ad eum cor & aures erigere & habere.

372.0 458.0 563.0 49.0 Vnde hic ordo inter ſacros præcipuè refertur,

360.0 489.0 577.0 53.0 tum propter materiam (aiunt Cañoniſtæ) quam

360.0 521.0 574.0 52.0 tractat (eſt autẽ Euchariſtia) tum propter ipſam

360.0 551.0 577.0 56.0 inſtitutionis formam, quæ in Papatu magnas

363.0 596.0 238.0 41.0 cæremonias habet.

392.0 616.0 554.0 54.0 Cùm verò tanta complecteretur hoc vnum

362.0 647.0 580.0 56.0 Diaconorum munus, vt penè reliquas omnes di¬

364.0 682.0 580.0 53.0 gnitates Eccleſiaſticas abſorberet, contentiones

366.0 713.0 575.0 54.0 variæ natæ ſunt, & cogitatũ eſt, de hoc officio in¬

367.0 745.0 576.0 53.0 tra certos quoſdã cancellos & limites coercẽdo,

369.0 777.0 574.0 56.0 Itaque Synodis conſtitutum eſt, vt Diaconi in

369.0 810.0 576.0 57.0 poſterum neque calicem benedicerent, neque

370.0 845.0 580.0 55.0 corpus Chriſti ofrerrent ;iten neque præcinerẽt.

370.0 875.0 577.0 57.0 populo, id eſt, cantum publicum moderarentur,

371.0 909.0 575.0 53.0 nec ea tractarent & vſurparẽt, quæ primis ſupe¬

372.0 942.0 576.0 51.0 riorioui jue ordinibus ſunt decreta. Id quod ex

372.0 972.0 575.0 56.0 concilijs Laodicenſi & Chartaginenſi apparet,

373.0 1003.0 573.0 57.0 & eſt relatum in cano. Non oportet & ſeq. diſt.

376.0 1043.0 305.0 51.0 93. cano. In ſancta diſt 92.

403.0 1069.0 547.0 49.0 Denique Durandus anxiè verſat hanc quæ¬

373.0 1098.0 577.0 57.0 ſtionem. in lib.4. Sententiarũ P. Lombardi diſt.

375.0 1133.0 577.0 55.0 13. quæſt. 4. Vtrum ad Diaconum pertineat Eu¬

376.0 1164.0 578.0 60.0 chariſtiam populo miniſtrare, tam multa abſur¬

833.0 1195.0 121.0 48.0 da conſe¬

349.0 142.0 223.0 43.0 te, patena, calice.

352.0 226.0 64.0 29.0 tare.

423.0 156.0 507.0 60.0 Oblationes inferre & diſponere ſuper al¬

387.0 225.0 545.0 55.0 4 Componere & ſternere menſam Domini
