1000 1448
266.0 68.0 190.0 42.0 CAPVT VI.

86.0 138.0 338.0 18.0 xerunt doloribus multis.

621.0 71.0 45.0 46.0 453

135.0 157.0 531.0 54.0 Alterum argumentum eſt ſuperioris ſenten¬

85.0 199.0 581.0 43.0 tiæ confirmandæ gratia, ex eodem loco ab effe¬

86.0 230.0 581.0 44.0 ctis ductum. Eſt autem hoc effectum longè ſu¬

87.0 266.0 580.0 44.0 perioribus, quanquam teterrimis, tetrius. Nam

87.0 298.0 580.0 42.0 docetur φιλσπλεσία & φιλαργυεία eſſe, non vnius

87.0 327.0 582.0 45.0 tantùm vitij: ſed omnium fons & radix, impri¬

88.0 360.0 583.0 46.0 míſque Defectionis à fide, & Cruciatus ſummi a¬

90.0 391.0 580.0 46.0 nimi. Similis locus Coloſſ3. v.5. Epheſ. 5. verſ.3.

89.0 424.0 581.0 45.0 Matth.13. verſ. 22. vbi diuttiæ fallaces à Chriſto

88.0 461.0 583.0 40.0 nominantur, quod nos à recto tramite abducant,

88.0 493.0 583.0 41.0 & ſpirituale ſemen verbi Dei in nobis extinguãt

90.0 523.0 580.0 43.0 ac ſuffocent, vt eſt etiam Eccleſiaſtici 1o. verſ.9.

91.0 554.0 579.0 49.0 Diſſimilis verò huic locus Eccleſiaſtici cap.1o.v.

94.0 591.0 379.0 42.0 15.Initium peccati eſt ſuperbia.

122.0 618.0 552.0 44.0 Hos locos vt concilient quidam, volunt hoc

93.0 652.0 580.0 44.0 dicẽdi genus, quo vſus eſt Paulus, eſſe υρερβολικὸν,

94.0 686.0 582.0 41.0 quòdrem nimium augeat, neque ſit ad viuum

93.0 716.0 582.0 47.0 reſecandum. Reſpondeo verò verum dixiſſe Pau¬

92.0 750.0 582.0 44.0 lum, neque plus dixiſſe, quàm res eſt, quámque

93.0 783.0 583.0 43.0 ipſa expetientia quotidie verum eſſe docet: ſed

93.0 816.0 583.0 41.0 non eſſe hanc ſententiam in vna tantùm auaritia

94.0 849.0 580.0 40.0 exploratam: verum in multis quoque alijs vitijs,

94.0 879.0 584.0 45.0 de quibus nos idem ſtatuere poſſimus, ea nimi¬

94.0 916.0 585.0 42.0 rum omne malorum genus gignere & produce¬

96.0 945.0 586.0 43.0 re. Qantò enim quódque vitium nos longius à

98.0 977.0 583.0 43.0 Dei metu, & vera fide abducit, eò plura maiorá¬

98.0 1008.0 583.0 42.0 que vitia in nobis parit. Cùm ſit enim fides o¬

99.0 1040.0 584.0 44.0 mnium virtutum fons, quantò longius à fide re¬

100.0 1074.0 585.0 44.0 cedimus, eò pluribus grauioribúſque peccatis

101.0 1107.0 581.0 40.0 abundamus. At auarus & φιλάργυαςς animus lon¬

105.0 1137.0 578.0 58.0 giſsimè abeſt à fide, ſiue fiducia in Deum collo¬

510.0 1176.0 65.0 51.0 Fiij.
