<?xml version='1.0' encoding='UTF-8'?>
<alto xmlns:xsi="http://www.w3.org/2001/XMLSchema-instance" xmlns="http://www.loc.gov/standards/alto/ns-v4#" xsi:schemaLocation="http://www.loc.gov/standards/alto/ns-v4# http://www.loc.gov/standards/alto/v4/alto-4-2.xsd">
  <Description>
    <MeasurementUnit>pixel</MeasurementUnit>
    <sourceImageInformation>
      <fileName>2013233.jpeg</fileName>
    </sourceImageInformation>
  </Description>
  <Tags>
    <OtherTag ID="BT7" LABEL="CustomZone" DESCRIPTION="block type CustomZone"/><OtherTag ID="BT8" LABEL="DamageZone" DESCRIPTION="block type DamageZone"/><OtherTag ID="BT9" LABEL="DigitizationArtefactZone" DESCRIPTION="block type DigitizationArtefactZone"/><OtherTag ID="BT10" LABEL="DropCapitalZone" DESCRIPTION="block type DropCapitalZone"/><OtherTag ID="BT11" LABEL="GraphicZone" DESCRIPTION="block type GraphicZone"/><OtherTag ID="BT12" LABEL="MainZone" DESCRIPTION="block type MainZone"/><OtherTag ID="BT13" LABEL="MarginTextZone" DESCRIPTION="block type MarginTextZone"/><OtherTag ID="BT14" LABEL="MusicZone" DESCRIPTION="block type MusicZone"/><OtherTag ID="BT15" LABEL="NumberingZone" DESCRIPTION="block type NumberingZone"/><OtherTag ID="BT17" LABEL="QuireMarksZone" DESCRIPTION="block type QuireMarksZone"/><OtherTag ID="BT18" LABEL="RunningTitleZone" DESCRIPTION="block type RunningTitleZone"/><OtherTag ID="BT19" LABEL="SealZone" DESCRIPTION="block type SealZone"/><OtherTag ID="BT20" LABEL="StampZone" DESCRIPTION="block type StampZone"/><OtherTag ID="BT21" LABEL="TableZone" DESCRIPTION="block type TableZone"/><OtherTag ID="BT22" LABEL="TitlePageZone" DESCRIPTION="block type TitlePageZone"/><OtherTag ID="BT3407" LABEL="MainZone-Continued" DESCRIPTION="block type MainZone-Continued"/><OtherTag ID="BT3408" LABEL="MainZone-P" DESCRIPTION="block type MainZone-P"/><OtherTag ID="BT3409" LABEL="MainZone-Head" DESCRIPTION="block type MainZone-Head"/><OtherTag ID="BT3410" LABEL="MainZone-Other" DESCRIPTION="block type MainZone-Other"/><OtherTag ID="BT3411" LABEL="MainZone-Sp" DESCRIPTION="block type MainZone-Sp"/><OtherTag ID="BT3417" LABEL="MainZone-Sp-Continued" DESCRIPTION="block type MainZone-Sp-Continued"/><OtherTag ID="BT3418" LABEL="GraphicZone-Decoration" DESCRIPTION="block type GraphicZone-Decoration"/><OtherTag ID="BT3419" LABEL="MainZone-Entry" DESCRIPTION="block type MainZone-Entry"/><OtherTag ID="BT3420" LABEL="MainZone-Lg" DESCRIPTION="block type MainZone-Lg"/><OtherTag ID="BT3421" LABEL="MainZone-Entry-Continued" DESCRIPTION="block type MainZone-Entry-Continued"/><OtherTag ID="BT3422" LABEL="MarginTextZone-ManuscriptAddendum" DESCRIPTION="block type MarginTextZone-ManuscriptAddendum"/><OtherTag ID="BT3423" LABEL="MainZone-List" DESCRIPTION="block type MainZone-List"/>
    <OtherTag ID="LT7" LABEL="CustomLine" DESCRIPTION="line type CustomLine"/><OtherTag ID="LT8" LABEL="DefaultLine" DESCRIPTION="line type DefaultLine"/><OtherTag ID="LT9" LABEL="DropCapitalLine" DESCRIPTION="line type DropCapitalLine"/><OtherTag ID="LT10" LABEL="HeadingLine" DESCRIPTION="line type HeadingLine"/><OtherTag ID="LT11" LABEL="InterlinearLine" DESCRIPTION="line type InterlinearLine"/><OtherTag ID="LT12" LABEL="MusicLine" DESCRIPTION="line type MusicLine"/>
  </Tags>
  <Layout>
    <Page WIDTH="1000" HEIGHT="1448" PHYSICAL_IMG_NR="229" ID="eSc_dummypage_">
      <PrintSpace HPOS="0" VPOS="0" WIDTH="1000" HEIGHT="1448">
        <TextBlock HPOS="603.5237426757812" VPOS="89.95681762695312" WIDTH="44.8458251953125" HEIGHT="31.443740844726562" ID="block_1" TAGREFS="BT15">
          <Shape><Polygon POINTS="603.524 89.9568 648.37 89.9568 648.37 121.401 603.524 121.401 603.524 89.9568"/></Shape>
          <TextLine ID="line_1" TAGREFS="LT8" BASELINE="604 108 647 108" HPOS="604.0" VPOS="71.0" WIDTH="43.0" HEIGHT="54.0">
            <Shape><Polygon POINTS="604 123 646 125 647 108 646 78 631 80 605 71 604 108 604 123"/></Shape>
            <String CONTENT="524" HPOS="604.0" VPOS="71.0" WIDTH="43.0" HEIGHT="54.0" WC="0.9999936024347941"/>
          </TextLine>
        </TextBlock>
        <TextBlock HPOS="227.8828887939453" VPOS="75.75142669677734" WIDTH="182.88768005371094" HEIGHT="36.758995056152344" ID="block_2" TAGREFS="BT18">
          <Shape><Polygon POINTS="227.883 75.7514 410.771 75.7514 410.771 112.51 227.883 112.51 227.883 75.7514"/></Shape>
          <TextLine ID="line_2" TAGREFS="LT8" BASELINE="229 101 410 102" HPOS="228.0" VPOS="92.0" WIDTH="182.0" HEIGHT="23.0">
            <Shape><Polygon POINTS="406 92 398 92 390 92 382 92 374 92 366 92 358 92 349 92 341 92 333 92 325 92 317 92 309 92 301 92 293 92 285 92 277 92 269 92 261 92 253 92 245 92 237 92 229 92 229 101 228 109 291 115 292 115 304 112 322 108 331 113 336 115 337 115 337 115 338 115 339 115 341 114 346 110 382 108 389 114 389 115 390 115 390 115 408 115 410 102 408 92 406 92"/></Shape>
            <String CONTENT="CABVT. V." HPOS="228.0" VPOS="92.0" WIDTH="182.0" HEIGHT="23.0" WC="0.9999748335944282"/>
          </TextLine>
        </TextBlock>
        <TextBlock HPOS="55.909324645996094" VPOS="114.92793273925781" WIDTH="587.4947280883789" HEIGHT="427.1096649169922" ID="block_3" TAGREFS="BT3407">
          <Shape><Polygon POINTS="55.9093 114.928 643.404 114.928 643.404 542.038 55.9093 542.038 55.9093 114.928"/></Shape>
          <TextLine ID="line_3" TAGREFS="LT8" BASELINE="61 140 644 145" HPOS="61.0" VPOS="110.0" WIDTH="583.0" HEIGHT="44.0">
            <Shape><Polygon POINTS="61 140 61 148 642 154 644 145 643 119 591 113 590 113 589 113 572 119 570 119 569 119 547 112 546 112 545 112 544 112 524 117 519 113 518 113 518 113 473 113 472 113 471 113 457 118 456 118 440 117 309 111 308 111 272 111 271 111 271 111 265 116 264 116 261 116 222 110 179 110 178 110 177 110 167 115 156 115 127 115 127 115 115 110 114 110 113 110 61 114 61 140"/></Shape>
            <String CONTENT="cto, indici debet. Publicũ autem delictũ duobus" HPOS="61.0" VPOS="110.0" WIDTH="583.0" HEIGHT="44.0" WC="0.9902518038847008"/>
          </TextLine>
          <TextLine ID="line_4" TAGREFS="LT8" BASELINE="61 172 643 176" HPOS="60.0" VPOS="146.0" WIDTH="583.0" HEIGHT="43.0">
            <Shape><Polygon POINTS="61 172 60 181 148 181 149 182 156 187 157 187 158 187 159 187 243 183 257 183 260 184 277 188 278 188 353 189 354 189 355 189 368 185 369 185 373 189 374 189 374 189 375 189 439 189 439 189 440 189 440 189 445 185 448 184 469 186 498 189 499 189 518 187 532 185 543 187 555 189 555 189 566 187 574 185 581 188 588 189 588 189 589 189 590 189 594 188 599 185 641 188 643 176 642 156 612 149 611 149 583 153 572 148 572 148 571 148 492 153 483 148 482 148 481 148 481 148 480 148 461 154 461 155 415 155 414 154 400 148 399 148 399 148 398 148 375 154 374 154 372 154 352 147 351 147 350 147 312 153 311 154 276 154 275 153 268 147 267 147 267 147 266 147 265 147 242 153 239 153 237 153 214 148 213 148 195 152 188 146 187 146 186 146 185 146 185 146 184 146 176 151 153 146 152 146 152 146 139 152 128 147 127 147 127 147 126 147 107 152 106 152 61 152 61 172"/></Shape>
            <String CONTENT="modis dicitur, vel quod Pluribus, vel quod Omni¬" HPOS="60.0" VPOS="146.0" WIDTH="583.0" HEIGHT="43.0" WC="0.9936636437972387"/>
          </TextLine>
          <TextLine ID="line_5" TAGREFS="LT8" BASELINE="61 205 641 209" HPOS="61.0" VPOS="179.0" WIDTH="580.0" HEIGHT="42.0">
            <Shape><Polygon POINTS="61 217 639 221 641 209 639 188 570 188 565 186 553 182 552 182 522 182 521 182 520 182 510 185 502 188 498 185 494 182 493 182 493 182 492 182 491 182 480 185 475 186 470 185 460 181 459 181 458 181 421 182 420 182 419 182 417 184 413 188 384 188 378 184 374 181 374 181 373 181 372 181 371 181 365 183 354 186 310 182 304 182 303 182 300 182 282 186 274 182 271 181 271 181 223 181 222 181 222 181 220 181 207 186 109 182 108 182 89 185 62 179 61 205 61 217"/></Shape>
            <String CONTENT="bus notum eſt: ídque, vel ex ipſius facti perpe¬" HPOS="61.0" VPOS="179.0" WIDTH="580.0" HEIGHT="42.0" WC="0.9900102639684871"/>
          </TextLine>
          <TextLine ID="line_6" TAGREFS="LT8" BASELINE="61 238 638 242" HPOS="60.0" VPOS="212.0" WIDTH="578.0" HEIGHT="43.0">
            <Shape><Polygon POINTS="61 238 60 247 66 252 67 252 68 252 69 252 125 247 157 253 158 253 218 248 221 248 223 248 253 254 254 254 301 250 309 249 316 250 349 255 350 255 399 255 399 255 399 255 400 255 404 251 407 250 637 255 638 242 637 217 610 222 578 222 570 217 569 216 568 216 567 216 567 216 566 216 565 216 565 217 558 222 543 217 542 217 541 217 540 217 514 221 504 217 501 215 500 215 499 215 481 217 454 219 445 217 437 214 436 214 436 214 388 217 341 219 329 217 312 213 311 213 310 213 303 217 298 220 255 220 235 217 206 213 205 213 172 217 157 218 148 217 119 212 118 212 117 212 116 212 110 217 110 218 61 218 61 238"/></Shape>
            <String CONTENT="trandi ratione vt quod in publico loco, vel corã" HPOS="60.0" VPOS="212.0" WIDTH="578.0" HEIGHT="43.0" WC="0.9993095203321807"/>
          </TextLine>
          <TextLine ID="line_7" TAGREFS="LT8" BASELINE="59 269 640 275" HPOS="58.0" VPOS="245.0" WIDTH="582.0" HEIGHT="42.0">
            <Shape><Polygon POINTS="59 269 58 279 63 283 64 283 65 283 149 283 150 283 171 279 199 283 200 283 201 283 214 279 216 279 222 279 259 284 260 284 380 283 473 282 493 285 501 286 502 286 513 285 552 283 557 286 558 287 559 287 559 287 560 287 576 287 619 283 638 287 640 275 640 254 629 249 628 249 609 249 609 249 608 249 607 249 601 254 556 248 555 248 481 253 474 253 471 253 445 248 444 248 444 248 443 248 437 252 413 247 412 247 375 251 308 246 307 246 283 250 283 251 239 251 238 250 223 245 222 245 222 245 221 245 204 250 59 249 59 269"/></Shape>
            <String CONTENT="magno cœtu hominũ committitur: ex &amp; ſparſo" HPOS="58.0" VPOS="245.0" WIDTH="582.0" HEIGHT="42.0" WC="0.9973915704461032"/>
          </TextLine>
          <TextLine ID="line_8" TAGREFS="LT8" BASELINE="60 304 639 306" HPOS="60.0" VPOS="277.0" WIDTH="579.0" HEIGHT="38.0">
            <Shape><Polygon POINTS="60 304 60 315 638 314 639 306 638 285 502 285 494 283 469 278 469 278 443 282 440 283 436 282 415 278 414 278 380 282 353 284 336 281 323 279 322 279 308 280 294 283 288 280 281 277 280 277 279 277 245 279 227 281 221 279 212 277 211 277 210 277 200 279 188 282 162 279 146 277 145 277 137 279 118 283 96 279 95 279 94 279 86 283 60 278 60 304"/></Shape>
            <String CONTENT="poſtea illius facti rumore, &amp; pluribus communi¬" HPOS="60.0" VPOS="277.0" WIDTH="579.0" HEIGHT="38.0" WC="0.9993465669611667"/>
          </TextLine>
          <TextLine ID="line_9" TAGREFS="LT8" BASELINE="58 335 638 340" HPOS="57.0" VPOS="309.0" WIDTH="581.0" HEIGHT="43.0">
            <Shape><Polygon POINTS="58 335 57 342 68 348 69 348 69 348 141 344 146 344 148 344 172 349 172 349 207 345 213 345 220 345 264 349 265 349 301 346 316 345 333 347 362 350 363 350 402 348 438 346 442 349 444 350 444 350 445 350 446 350 464 349 497 347 528 350 544 352 545 352 551 351 564 348 575 351 577 352 578 352 579 352 584 351 604 348 637 352 638 340 637 319 584 313 584 313 530 316 522 312 522 312 521 312 474 316 444 312 444 312 443 312 431 316 398 312 397 312 372 316 370 316 369 316 364 312 363 312 362 312 333 311 333 311 236 315 234 315 233 315 208 310 207 310 179 315 176 315 174 315 149 309 148 309 124 314 123 314 58 314 58 335"/></Shape>
            <String CONTENT="cato, vti multa peccata priuatim &amp; clàm primum" HPOS="57.0" VPOS="309.0" WIDTH="581.0" HEIGHT="43.0" WC="0.9965722205791068"/>
          </TextLine>
          <TextLine ID="line_10" TAGREFS="LT8" BASELINE="58 369 463 369 635 374" HPOS="57.0" VPOS="341.0" WIDTH="578.0" HEIGHT="43.0">
            <Shape><Polygon POINTS="58 369 57 377 73 382 74 382 74 382 115 378 119 378 132 378 215 382 216 382 237 379 249 378 252 379 255 382 255 382 256 382 257 382 299 380 345 378 362 381 377 383 378 383 378 383 379 383 382 381 388 378 444 378 471 382 484 384 485 384 494 382 516 379 633 384 635 374 635 350 616 344 615 344 614 344 613 344 600 349 586 343 585 343 584 343 584 343 564 349 549 343 548 343 547 343 547 343 546 343 538 349 511 344 510 344 510 344 509 344 501 349 500 350 461 350 460 349 445 342 444 342 444 342 396 349 395 349 320 349 320 349 297 342 296 342 296 342 232 348 209 341 208 341 207 341 155 346 147 341 146 341 145 341 114 341 113 341 112 341 111 341 105 346 81 341 80 341 79 341 58 347 58 369"/></Shape>
            <String CONTENT="admiſſa poſtea ex fama innoteſcunt, &amp; diuulgã," HPOS="57.0" VPOS="341.0" WIDTH="578.0" HEIGHT="43.0" WC="0.9831062009994019"/>
          </TextLine>
          <TextLine ID="line_11" TAGREFS="LT8" BASELINE="56 401 637 404" HPOS="55.0" VPOS="375.0" WIDTH="582.0" HEIGHT="41.0">
            <Shape><Polygon POINTS="56 401 55 413 198 414 199 414 236 409 242 413 243 413 244 413 245 413 333 410 419 415 419 415 420 415 431 410 478 410 492 415 493 415 493 415 545 411 561 415 562 415 563 415 563 415 572 411 588 416 589 416 590 416 591 416 606 411 635 416 637 404 637 386 515 385 513 383 506 380 506 380 505 380 455 382 420 383 417 382 411 377 411 377 410 377 409 377 351 380 309 382 305 379 301 376 300 376 300 376 248 376 247 376 246 376 246 376 242 378 235 383 211 383 201 378 200 377 199 377 198 377 193 378 164 382 157 377 156 376 156 376 155 376 56 375 56 401"/></Shape>
            <String CONTENT="tur. Ergo quæ delicta omnibus innotuerunt, ea" HPOS="55.0" VPOS="375.0" WIDTH="582.0" HEIGHT="41.0" WC="0.9985001338852777"/>
          </TextLine>
          <TextLine ID="line_12" TAGREFS="LT8" BASELINE="57 433 637 436" HPOS="56.0" VPOS="408.0" WIDTH="581.0" HEIGHT="40.0">
            <Shape><Polygon POINTS="514 435 506 435 498 435 490 435 482 435 474 435 466 435 458 435 450 435 442 435 434 435 426 435 418 435 410 435 402 435 394 435 386 435 378 435 370 435 362 435 353 435 350 421 336 411 333 409 333 409 332 409 331 409 330 409 324 411 303 419 284 411 283 411 283 411 282 411 250 419 212 410 202 408 201 408 183 410 137 415 127 410 123 408 123 408 70 408 69 408 69 408 67 409 61 412 59 409 57 433 56 440 99 446 100 447 129 447 129 446 130 446 139 441 142 441 170 445 171 445 201 442 204 442 205 442 210 447 211 447 212 447 213 447 292 444 334 442 350 444 370 448 371 448 386 445 398 443 413 445 427 448 427 448 444 446 473 443 480 447 482 448 483 448 484 448 500 447 546 444 559 448 562 448 563 448 563 448 568 448 586 444 636 448 637 436 637 414 612 411 611 411 610 411 603 413 595 416 590 413 587 411 586 411 585 411 545 411 544 411 543 411 539 413 518 422 514 435"/></Shape>
            <String CONTENT="coram omnibus agnoſciep huprouum eſt, &amp; de" HPOS="56.0" VPOS="408.0" WIDTH="581.0" HEIGHT="40.0" WC="0.9701495198976426"/>
          </TextLine>
          <TextLine ID="line_13" TAGREFS="LT8" BASELINE="56 466 637 468" HPOS="55.0" VPOS="440.0" WIDTH="582.0" HEIGHT="40.0">
            <Shape><Polygon POINTS="56 466 55 478 145 479 146 479 147 479 148 479 148 478 153 475 189 477 212 479 213 479 233 477 266 474 335 477 430 480 431 480 432 480 443 476 445 475 449 476 464 478 465 478 558 475 563 475 565 475 625 480 625 480 626 480 636 474 637 468 636 450 616 450 615 449 607 442 606 442 605 442 604 442 568 448 563 450 502 450 497 448 488 444 487 444 486 444 485 444 485 444 481 447 480 448 425 449 421 446 416 442 415 442 415 442 391 442 390 442 390 442 389 442 384 445 381 448 378 445 374 442 373 442 372 442 371 442 358 445 347 448 343 444 339 441 338 441 337 441 323 441 322 441 321 441 320 441 317 444 312 448 264 444 240 441 239 441 238 441 238 441 235 443 225 449 168 449 156 442 154 441 153 441 119 441 118 441 117 441 116 441 105 448 97 443 96 443 95 443 56 440 56 466"/></Shape>
            <String CONTENT="ijs publicam in totius Eccleſiæ cœtu exomolo¬" HPOS="55.0" VPOS="440.0" WIDTH="582.0" HEIGHT="40.0" WC="0.9992932425604926"/>
          </TextLine>
          <TextLine ID="line_14" TAGREFS="LT8" BASELINE="57 499 635 501" HPOS="57.0" VPOS="475.0" WIDTH="578.0" HEIGHT="42.0">
            <Shape><Polygon POINTS="57 499 57 514 73 515 74 515 74 515 75 515 85 508 193 515 199 515 200 515 201 515 201 515 215 507 260 507 272 515 273 515 274 515 275 515 275 515 332 507 363 511 364 511 407 508 427 516 428 516 429 516 430 517 458 517 458 516 459 516 460 516 470 508 478 514 479 514 480 514 481 514 481 514 499 508 543 508 563 516 563 516 564 517 634 517 635 501 634 482 613 482 613 481 606 476 605 476 604 476 604 476 603 476 584 481 582 481 470 476 469 476 469 476 455 481 454 482 355 482 353 481 347 477 346 477 345 477 345 477 320 480 314 475 313 475 312 475 312 475 231 481 226 481 180 481 179 481 173 476 173 475 172 475 172 475 171 475 170 475 157 480 151 475 150 475 149 475 122 475 121 475 120 475 119 475 113 481 112 481 57 481 57 499"/></Shape>
            <String CONTENT="geſin fieri oportet, ſi verum remedium morbo" HPOS="57.0" VPOS="475.0" WIDTH="578.0" HEIGHT="42.0" WC="0.9775225316936319"/>
          </TextLine>
          <TextLine ID="line_15" TAGREFS="LT8" BASELINE="54 532 283 532" HPOS="54.0" VPOS="507.0" WIDTH="229.0" HEIGHT="36.0">
            <Shape><Polygon POINTS="54 543 283 543 283 532 283 515 226 514 225 514 219 508 219 507 218 507 218 507 217 507 192 513 183 514 169 512 150 509 149 509 148 509 139 511 128 514 124 511 119 507 119 507 118 507 79 507 78 507 78 507 77 507 74 510 69 514 55 510 54 532 54 543"/></Shape>
            <String CONTENT="adhibere velimus." HPOS="54.0" VPOS="507.0" WIDTH="229.0" HEIGHT="36.0" WC="0.9995570919092964"/>
          </TextLine>
        </TextBlock>
        <TextBlock HPOS="52.635345458984375" VPOS="543.1110229492188" WIDTH="584.1299743652344" HEIGHT="159.4615478515625" ID="block_4" TAGREFS="BT3408">
          <Shape><Polygon POINTS="52.6353 543.111 636.765 543.111 636.765 702.573 52.6353 702.573 52.6353 543.111"/></Shape>
          <TextLine ID="line_16" TAGREFS="LT8" BASELINE="88 564 633 566" HPOS="87.0" VPOS="536.0" WIDTH="546.0" HEIGHT="44.0">
            <Shape><Polygon POINTS="88 564 87 575 187 579 188 579 189 579 189 579 189 578 192 576 196 572 213 571 238 575 238 575 239 575 240 575 247 571 291 571 299 577 300 577 300 577 301 577 302 577 303 577 321 571 355 571 368 577 369 577 370 577 370 577 383 572 452 576 453 576 506 572 532 578 533 578 559 574 567 580 567 580 568 580 569 580 632 580 633 566 632 545 580 545 580 544 571 537 570 537 569 537 521 537 520 537 519 537 518 537 510 543 502 537 501 537 500 537 476 537 475 537 474 537 473 537 465 543 461 545 449 545 446 543 438 537 437 537 436 537 436 537 435 537 423 543 419 544 383 543 383 542 378 537 377 537 376 537 375 537 358 538 358 538 357 538 357 538 353 542 350 543 335 543 333 542 326 536 325 536 325 536 310 536 309 536 308 536 308 536 300 541 296 543 232 543 227 540 218 536 218 536 217 536 216 536 203 540 193 543 182 540 175 538 174 538 173 538 172 538 168 540 162 543 88 539 88 564"/></Shape>
            <String CONTENT="Quæ pluribus tantùm &amp; non toti Eccleſię nec" HPOS="87.0" VPOS="536.0" WIDTH="546.0" HEIGHT="44.0" WC="0.998512249522739"/>
          </TextLine>
          <TextLine ID="line_17" TAGREFS="LT8" BASELINE="52 598 366 596 633 600" HPOS="51.0" VPOS="571.0" WIDTH="582.0" HEIGHT="41.0">
            <Shape><Polygon POINTS="52 598 51 607 170 610 171 610 172 610 172 610 175 608 180 604 201 604 229 608 241 610 242 610 242 610 246 608 253 605 339 605 347 609 350 611 351 611 352 612 374 612 374 611 375 611 376 611 378 609 384 605 429 605 465 610 473 611 473 611 474 611 475 611 476 610 482 605 500 605 510 610 510 611 510 611 511 611 512 612 539 612 539 611 540 611 541 611 547 606 554 610 555 610 631 611 633 600 632 578 471 571 470 571 469 571 448 577 448 578 312 578 310 577 289 571 288 571 288 571 247 577 244 577 241 577 201 571 201 571 170 576 153 572 152 572 152 572 151 572 141 577 52 577 52 598"/></Shape>
            <String CONTENT="maiori parti innotuerunt peccata, illa in ſenatu" HPOS="51.0" VPOS="571.0" WIDTH="582.0" HEIGHT="41.0" WC="0.9979439725478491"/>
          </TextLine>
          <TextLine ID="line_18" TAGREFS="LT8" BASELINE="50 629 433 629 630 633" HPOS="49.0" VPOS="604.0" WIDTH="581.0" HEIGHT="40.0">
            <Shape><Polygon POINTS="50 629 49 637 112 643 113 643 114 643 131 638 131 638 133 638 182 643 183 643 201 639 209 637 239 639 271 641 272 641 288 640 312 637 316 641 320 644 321 644 322 644 323 644 324 644 333 641 336 640 350 641 389 644 390 644 390 644 396 641 403 638 629 644 630 633 630 611 609 604 608 604 607 604 606 604 605 604 597 611 551 611 535 605 534 605 534 605 533 605 532 605 525 610 525 611 328 611 325 610 274 604 273 604 119 608 106 604 105 604 104 604 103 604 102 604 98 608 85 604 84 604 83 604 82 604 82 604 75 610 50 610 50 629"/></Shape>
            <String CONTENT="tantùm Eccleſiaſtico:non autem coram vniuerſa" HPOS="49.0" VPOS="604.0" WIDTH="581.0" HEIGHT="40.0" WC="0.9956792282021564"/>
          </TextLine>
          <TextLine ID="line_19" TAGREFS="LT8" BASELINE="49 662 325 660 628 665" HPOS="49.0" VPOS="634.0" WIDTH="579.0" HEIGHT="46.0">
            <Shape><Polygon POINTS="49 662 50 673 65 670 100 674 128 677 129 677 130 677 131 677 135 674 144 670 170 670 181 674 185 677 186 677 187 677 188 677 189 677 192 674 201 670 217 670 222 674 223 674 224 674 225 674 226 674 240 670 246 675 246 676 247 676 248 676 249 676 250 676 251 675 262 670 290 676 301 678 302 678 303 678 304 678 306 676 316 670 361 670 407 670 432 678 437 678 438 678 439 678 440 678 442 678 456 671 478 678 481 678 481 678 482 678 483 678 484 678 484 678 489 674 502 678 506 679 507 679 508 679 514 678 534 674 543 678 545 679 546 679 547 680 627 680 628 665 627 644 572 638 571 638 570 638 556 642 554 643 554 642 548 638 548 637 547 637 547 637 546 637 545 637 528 642 527 642 521 637 520 637 519 637 518 637 492 641 487 642 485 641 475 636 474 636 473 636 402 641 368 642 347 640 336 638 335 638 306 639 235 641 230 638 226 634 226 634 225 634 205 634 204 634 203 634 202 634 198 637 194 641 163 641 155 637 148 634 148 634 147 634 132 637 119 639 107 637 105 636 104 636 103 636 102 636 102 636 96 641 79 636 73 634 72 634 71 634 49 635 49 662"/></Shape>
            <String CONTENT="Eccleſia confiteri oportet, ne latiùs illud pate¬" HPOS="49.0" VPOS="634.0" WIDTH="579.0" HEIGHT="46.0" WC="0.9992934203147888"/>
          </TextLine>
          <TextLine ID="line_20" TAGREFS="LT8" BASELINE="51 695 432 693" HPOS="50.0" VPOS="667.0" WIDTH="382.0" HEIGHT="37.0">
            <Shape><Polygon POINTS="51 695 51 703 431 704 432 693 430 672 421 673 419 672 415 668 415 667 414 667 413 667 412 667 411 667 397 671 393 673 390 671 379 667 378 667 378 667 377 667 367 671 366 672 365 671 353 667 353 667 352 667 351 667 350 667 345 671 344 673 341 671 333 667 332 667 312 667 312 667 311 667 310 667 310 668 306 671 304 674 247 674 244 671 240 668 239 668 238 668 238 668 224 671 213 674 172 674 170 671 167 669 167 668 166 668 165 668 164 668 164 668 154 671 147 674 139 671 132 668 131 668 131 668 130 668 129 668 129 669 127 671 123 674 86 674 80 671 76 668 75 668 74 668 74 668 50 670 51 695"/></Shape>
            <String CONTENT="fiat, quod occultum eſſe debuit." HPOS="50.0" VPOS="667.0" WIDTH="382.0" HEIGHT="37.0" WC="0.9799314141273499"/>
          </TextLine>
        </TextBlock>
        <TextBlock HPOS="48.541194915771484" VPOS="704.0276489257812" WIDTH="581.7385292053223" HEIGHT="163.392333984375" ID="block_5" TAGREFS="BT3408">
          <Shape><Polygon POINTS="48.5412 704.028 630.28 704.028 630.28 867.42 48.5412 867.42 48.5412 704.028"/></Shape>
          <TextLine ID="line_21" TAGREFS="LT8" BASELINE="82 726 626 729" HPOS="81.0" VPOS="697.0" WIDTH="545.0" HEIGHT="44.0">
            <Shape><Polygon POINTS="212 697 211 697 210 697 209 697 199 702 196 703 193 702 185 698 184 698 183 698 182 698 173 702 169 704 115 704 111 701 107 698 106 698 106 698 105 698 82 700 82 726 81 732 106 739 106 739 107 739 108 739 122 734 139 737 139 737 140 737 153 733 164 739 165 739 166 739 167 739 168 739 175 733 216 733 230 740 230 740 231 740 260 740 260 740 261 740 273 734 300 738 301 738 345 734 358 740 358 740 359 741 421 741 421 740 422 740 434 736 467 740 468 740 495 736 503 741 504 741 505 741 506 741 549 737 589 741 590 741 625 735 626 729 625 707 574 699 573 699 572 699 553 706 551 706 545 706 490 699 489 699 489 699 477 705 476 705 475 705 460 699 459 699 458 699 427 704 420 706 359 706 358 703 352 699 352 698 351 698 350 698 349 698 300 703 286 704 279 703 262 698 261 698 228 698 227 698 226 698 226 698 220 702 219 703 218 702 213 698 213 697 212 697"/></Shape>
            <String CONTENT="Illa verò delicti noſtri, quo offendebatur Ec¬" HPOS="81.0" VPOS="697.0" WIDTH="545.0" HEIGHT="44.0" WC="0.9964490114374364"/>
          </TextLine>
          <TextLine ID="line_22" TAGREFS="LT8" BASELINE="48 758 627 762" HPOS="47.0" VPOS="730.0" WIDTH="580.0" HEIGHT="45.0">
            <Shape><Polygon POINTS="48 758 47 766 66 772 67 772 68 772 92 769 165 773 166 773 223 773 223 773 224 773 225 773 230 769 238 773 239 773 240 773 302 769 332 773 333 773 425 770 432 774 433 774 434 774 435 774 510 770 527 775 528 775 529 775 530 775 545 771 626 771 627 762 627 740 603 740 603 740 595 734 594 734 593 734 592 734 569 740 568 740 567 740 551 733 551 733 550 733 549 733 528 740 526 740 477 740 476 739 438 732 437 732 403 739 401 739 400 739 391 732 390 732 390 732 389 732 388 732 370 738 369 738 279 731 279 731 241 736 222 731 221 731 220 731 196 735 176 731 176 731 175 731 156 736 156 737 114 737 114 736 102 731 102 731 75 730 74 730 74 730 73 730 63 736 61 736 48 736 48 758"/></Shape>
            <String CONTENT="cleſia, confeſſio publicè præſentéque tota Eccle¬" HPOS="47.0" VPOS="730.0" WIDTH="580.0" HEIGHT="45.0" WC="0.9983661209835726"/>
          </TextLine>
          <TextLine ID="line_23" TAGREFS="LT8" BASELINE="46 791 625 794" HPOS="45.0" VPOS="765.0" WIDTH="580.0" HEIGHT="42.0">
            <Shape><Polygon POINTS="46 791 45 801 86 805 86 805 126 802 138 801 140 802 149 805 150 805 151 805 173 802 181 801 188 802 208 806 209 806 281 802 299 802 306 802 336 806 337 806 337 806 348 802 349 802 350 802 371 806 372 806 427 802 437 802 439 803 448 806 449 806 450 806 482 803 483 803 488 807 489 807 489 807 490 807 624 803 625 794 625 773 604 769 603 769 602 769 601 769 600 769 592 773 592 774 510 774 502 772 480 767 479 767 478 767 469 771 466 773 436 773 432 771 425 767 424 767 423 767 361 769 338 770 337 769 333 766 333 766 332 766 331 766 294 769 251 771 238 768 233 766 232 766 231 766 226 767 206 772 164 772 156 766 156 765 155 765 154 765 153 765 152 765 151 766 142 771 126 765 125 765 124 765 90 765 87 765 86 765 86 765 85 765 77 770 46 765 46 791"/></Shape>
            <String CONTENT="ſia facta, exomologeſis ſpeciali &amp; antiquo nomi¬" HPOS="45.0" VPOS="765.0" WIDTH="580.0" HEIGHT="42.0" WC="0.9905526141325632"/>
          </TextLine>
          <TextLine ID="line_24" TAGREFS="LT8" BASELINE="45 824 625 827" HPOS="45.0" VPOS="797.0" WIDTH="580.0" HEIGHT="43.0">
            <Shape><Polygon POINTS="45 824 45 835 232 839 233 839 296 835 315 835 321 835 345 839 345 839 346 839 362 835 363 835 365 835 391 839 392 839 451 835 458 835 459 835 467 839 468 839 469 839 469 839 479 835 480 835 483 835 510 839 510 839 534 836 539 840 540 840 541 840 542 840 624 835 625 827 624 806 526 801 525 801 505 803 494 805 492 803 488 800 488 799 487 799 486 799 485 799 485 799 474 803 471 804 465 803 444 798 444 798 399 802 368 804 357 801 347 798 346 798 345 798 345 798 337 801 328 803 316 801 303 798 302 798 288 800 270 803 242 799 233 798 232 798 231 798 230 798 230 799 224 803 192 798 177 797 176 797 176 797 171 798 157 802 122 798 114 797 113 797 107 798 78 802 45 797 45 824"/></Shape>
            <String CONTENT="ne dicta eſt, quemadmodum ex Latino Cypria¬" HPOS="45.0" VPOS="797.0" WIDTH="580.0" HEIGHT="43.0" WC="0.9978533290153326"/>
          </TextLine>
          <TextLine ID="line_25" TAGREFS="LT8" BASELINE="45 858 465 858" HPOS="45.0" VPOS="832.0" WIDTH="420.0" HEIGHT="40.0">
            <Shape><Polygon POINTS="45 858 45 867 52 871 53 871 53 871 139 867 145 867 153 872 154 872 155 872 156 872 226 867 229 867 231 867 271 872 272 872 273 872 291 867 292 867 356 867 362 872 363 872 364 872 365 872 398 872 398 872 399 872 399 872 404 867 440 872 441 872 465 866 465 858 465 839 363 839 358 837 340 832 339 832 299 832 298 832 297 832 290 836 285 839 274 835 263 833 262 833 261 833 260 833 252 835 242 839 236 835 231 832 230 832 230 832 203 832 202 832 201 832 201 832 198 835 193 839 162 839 155 834 153 832 152 832 152 832 125 832 124 832 123 832 123 832 122 833 116 838 111 834 111 833 111 833 110 833 94 832 94 832 93 832 91 833 74 839 45 832 45 858"/></Shape>
            <String CONTENT="no, &amp; Græcis ſcriptoribus apparet." HPOS="45.0" VPOS="832.0" WIDTH="420.0" HEIGHT="40.0" WC="0.9983556130353142"/>
          </TextLine>
        </TextBlock>
        <TextBlock HPOS="41.47474670410156" VPOS="866.973876953125" WIDTH="582.2372894287109" HEIGHT="330.015625" ID="block_6" TAGREFS="BT3408">
          <Shape><Polygon POINTS="41.4747 866.974 623.712 866.974 623.712 1196.99 41.4747 1196.99 41.4747 866.974"/></Shape>
          <TextLine ID="line_26" TAGREFS="LT8" BASELINE="75 889 624 892" HPOS="74.0" VPOS="859.0" WIDTH="550.0" HEIGHT="44.0">
            <Shape><Polygon POINTS="75 889 74 896 98 901 99 901 243 897 256 897 258 897 275 902 275 902 276 902 501 899 509 903 510 903 510 903 541 899 608 903 609 903 609 903 623 898 624 892 624 863 563 861 563 861 562 861 561 861 559 863 551 871 483 871 456 864 448 863 447 863 438 864 417 869 407 864 402 863 401 863 400 863 399 863 399 863 396 865 389 870 365 870 354 865 343 860 342 860 341 860 341 860 340 860 332 865 325 869 300 865 279 863 278 863 277 863 268 866 259 869 252 866 243 861 242 861 242 861 212 863 197 859 197 859 196 859 195 859 194 859 185 867 181 868 172 867 150 862 149 862 148 862 139 867 136 867 133 867 118 862 117 862 116 862 75 867 75 889"/></Shape>
            <String CONTENT="Hæc in vſu fuit etiã primis Eccleſiæ vetuſtiſſi¬" HPOS="74.0" VPOS="859.0" WIDTH="550.0" HEIGHT="44.0" WC="0.984938024258127"/>
          </TextLine>
          <TextLine ID="line_27" TAGREFS="LT8" BASELINE="42 922 623 925" HPOS="41.0" VPOS="895.0" WIDTH="582.0" HEIGHT="43.0">
            <Shape><Polygon POINTS="41 929 48 934 48 935 49 935 49 935 50 935 51 935 63 931 108 935 109 935 143 930 181 935 181 935 182 935 183 935 188 930 201 930 224 930 226 931 234 935 235 935 236 935 296 932 332 930 353 933 368 935 369 935 386 933 412 931 423 934 431 937 432 937 432 937 448 935 473 931 493 936 503 937 504 938 559 938 559 937 560 937 561 937 562 937 566 933 621 937 623 925 623 905 612 899 611 899 610 899 584 904 571 897 570 897 569 897 568 897 556 904 555 905 508 905 502 903 473 896 472 896 447 902 443 903 436 902 403 896 403 896 402 896 383 901 376 904 360 904 358 901 352 896 351 896 350 896 349 896 320 897 319 897 318 897 313 900 311 902 308 900 299 896 298 896 297 896 265 896 264 896 263 896 259 900 256 903 242 903 238 900 233 896 232 896 231 896 230 896 202 899 189 900 180 899 167 896 166 896 165 896 160 899 152 902 113 902 106 898 99 895 98 895 69 895 69 895 68 895 63 897 55 901 43 897 42 922 41 929"/></Shape>
            <String CONTENT="míſq; temporibus, vti ex hoc loco ſatis probari" HPOS="41.0" VPOS="895.0" WIDTH="582.0" HEIGHT="43.0" WC="0.9943732110162576"/>
          </TextLine>
          <TextLine ID="line_28" TAGREFS="LT8" BASELINE="45 954 621 956" HPOS="44.0" VPOS="928.0" WIDTH="577.0" HEIGHT="40.0">
            <Shape><Polygon POINTS="44 963 136 966 137 966 156 963 165 962 174 963 193 966 194 966 222 963 235 962 245 963 270 967 271 967 316 963 325 963 330 963 353 967 354 967 399 963 407 963 411 963 438 968 439 968 440 968 440 968 447 964 502 964 507 968 508 968 509 968 510 968 621 963 621 956 621 937 589 937 588 937 575 929 574 929 573 929 572 929 554 936 552 937 512 937 510 936 497 929 497 929 496 929 495 929 477 935 472 937 469 935 458 929 457 929 426 929 425 929 424 929 403 934 398 936 395 934 386 929 385 929 384 929 383 929 289 933 288 933 271 929 270 929 269 929 250 933 238 935 230 933 218 928 218 928 217 928 216 928 205 932 202 933 199 932 185 928 184 928 183 928 182 928 181 928 176 932 170 935 153 931 147 930 146 930 145 930 144 930 144 931 137 936 61 936 45 930 45 954 44 963"/></Shape>
            <String CONTENT="quoq; poteſt: &amp; ex Eccleſiaſtica hiſtoria penè to¬" HPOS="44.0" VPOS="928.0" WIDTH="577.0" HEIGHT="40.0" WC="0.9950353421416938"/>
          </TextLine>
          <TextLine ID="line_29" TAGREFS="LT8" BASELINE="42 987 622 989" HPOS="42.0" VPOS="961.0" WIDTH="580.0" HEIGHT="42.0">
            <Shape><Polygon POINTS="42 987 42 996 111 995 129 998 157 1001 158 1001 175 998 194 995 221 999 242 1002 243 1002 244 1002 251 999 259 995 320 995 337 1000 344 1002 345 1002 345 1002 346 1002 352 1000 366 995 371 1000 373 1002 374 1002 374 1002 375 1003 395 1003 395 1002 395 1002 396 1002 397 1000 404 995 428 995 470 1001 471 1001 491 997 506 1002 509 1003 510 1003 510 1003 567 1003 567 1003 568 1003 569 1003 580 998 587 1003 588 1003 588 1003 589 1003 621 1003 622 989 621 969 584 963 583 963 582 963 566 968 559 962 558 962 557 962 539 962 539 962 538 962 537 962 529 968 528 969 502 969 500 968 487 962 486 962 485 962 485 962 473 968 472 968 471 967 461 962 460 962 427 962 410 962 409 962 408 962 407 962 401 967 400 967 399 967 367 962 366 962 366 962 351 967 349 968 335 968 334 967 329 962 329 962 328 962 327 962 326 962 302 966 267 962 267 962 246 966 242 967 242 966 235 961 234 961 234 961 233 961 232 961 231 961 223 966 222 966 208 961 207 961 206 961 205 961 191 966 189 967 142 967 140 966 135 961 134 961 133 961 132 961 111 966 107 966 106 966 98 961 98 961 97 961 96 961 75 966 69 966 42 966 42 987"/></Shape>
            <String CONTENT="ta Philippus imperator qui poſt Decium Romę" HPOS="42.0" VPOS="961.0" WIDTH="580.0" HEIGHT="42.0" WC="0.999559686942534"/>
          </TextLine>
          <TextLine ID="line_30" TAGREFS="LT8" BASELINE="41 1019 620 1020" HPOS="41.0" VPOS="995.0" WIDTH="579.0" HEIGHT="37.0">
            <Shape><Polygon POINTS="41 1019 41 1031 166 1032 167 1032 168 1032 168 1032 170 1030 174 1028 196 1030 209 1032 210 1032 211 1032 218 1030 231 1027 253 1030 263 1031 264 1031 265 1031 271 1029 283 1027 304 1029 331 1032 332 1032 349 1029 357 1028 414 1028 419 1028 432 1032 433 1032 434 1032 495 1028 505 1028 506 1028 516 1032 517 1032 518 1032 518 1032 526 1028 597 1032 598 1032 619 1027 620 1020 619 1003 600 1003 599 1002 588 996 588 996 587 996 526 1001 478 996 477 996 477 996 476 996 469 1001 468 1002 466 1001 449 996 448 996 448 996 379 1001 362 1002 346 1001 291 995 290 995 255 1000 248 1001 242 1000 226 997 226 997 197 1000 185 1001 181 999 172 995 172 995 171 995 170 995 155 999 149 1001 41 999 41 1019"/></Shape>
            <String CONTENT="regnauit, ſic pœnituit, atq; confeſſus eſt, vt teſta¬" HPOS="41.0" VPOS="995.0" WIDTH="579.0" HEIGHT="37.0" WC="0.9871873934313936"/>
          </TextLine>
          <TextLine ID="line_31" TAGREFS="LT8" BASELINE="41 1051 618 1053" HPOS="41.0" VPOS="1024.0" WIDTH="577.0" HEIGHT="42.0">
            <Shape><Polygon POINTS="41 1051 41 1057 88 1065 89 1065 90 1065 101 1061 131 1065 131 1065 132 1065 133 1065 140 1059 177 1065 178 1065 179 1065 199 1059 234 1064 234 1064 281 1060 300 1065 300 1065 301 1065 302 1065 320 1060 339 1065 340 1065 341 1065 362 1061 399 1065 399 1065 400 1065 419 1060 420 1060 427 1060 606 1066 607 1066 608 1066 617 1061 618 1053 618 1032 602 1026 601 1026 600 1026 518 1032 515 1032 514 1032 498 1026 497 1026 497 1026 470 1032 469 1032 460 1026 460 1026 459 1026 458 1026 457 1026 443 1032 442 1032 441 1032 426 1025 425 1025 424 1025 398 1032 392 1032 336 1032 336 1031 322 1025 321 1025 320 1025 320 1025 302 1031 296 1025 295 1025 294 1025 293 1025 292 1025 292 1025 284 1030 278 1025 277 1025 276 1025 233 1024 232 1024 231 1024 210 1030 181 1024 180 1024 154 1030 153 1030 143 1024 142 1024 141 1024 41 1029 41 1051"/></Shape>
            <String CONTENT="tur Euſeb. lib.6.Hiſtor. cap. 34. Ecebolius quidã," HPOS="41.0" VPOS="1024.0" WIDTH="577.0" HEIGHT="42.0" WC="0.9913864182490929"/>
          </TextLine>
          <TextLine ID="line_32" TAGREFS="LT8" BASELINE="41 1084 620 1086" HPOS="40.0" VPOS="1059.0" WIDTH="580.0" HEIGHT="39.0">
            <Shape><Polygon POINTS="41 1084 40 1090 49 1096 50 1096 51 1096 52 1096 65 1093 85 1097 86 1097 86 1097 87 1097 95 1092 115 1097 116 1097 117 1097 196 1093 236 1098 237 1098 281 1093 283 1093 413 1093 416 1094 427 1098 427 1098 428 1098 429 1098 446 1094 449 1094 477 1094 479 1094 487 1098 488 1098 489 1098 489 1098 504 1094 506 1094 508 1094 530 1098 530 1098 531 1098 532 1098 536 1095 537 1094 539 1095 547 1098 547 1098 548 1098 619 1095 620 1086 619 1068 514 1066 506 1061 505 1061 504 1061 485 1061 484 1061 483 1061 482 1061 482 1061 476 1066 475 1068 461 1068 460 1066 452 1061 451 1061 450 1061 449 1061 356 1065 340 1066 337 1065 329 1060 329 1060 328 1060 327 1060 326 1060 304 1065 300 1066 298 1065 286 1060 285 1060 284 1060 241 1065 234 1065 230 1065 205 1059 204 1059 203 1059 185 1065 181 1066 106 1066 99 1064 82 1059 81 1059 80 1059 41 1063 41 1084"/></Shape>
            <String CONTENT="etiam ex conſuetudine iam recepta, ſic peccata" HPOS="40.0" VPOS="1059.0" WIDTH="580.0" HEIGHT="39.0" WC="0.9844503156516863"/>
          </TextLine>
          <TextLine ID="line_33" TAGREFS="LT8" BASELINE="38 1115 619 1117" HPOS="37.0" VPOS="1091.0" WIDTH="582.0" HEIGHT="40.0">
            <Shape><Polygon POINTS="38 1115 37 1123 92 1130 93 1130 228 1128 229 1128 236 1125 238 1124 289 1124 296 1125 329 1131 329 1131 351 1126 355 1125 361 1126 392 1131 393 1131 394 1131 407 1126 410 1125 463 1125 469 1127 483 1131 484 1131 485 1131 512 1127 526 1125 540 1127 560 1131 561 1131 618 1127 619 1117 618 1099 591 1098 581 1092 580 1092 580 1092 559 1092 559 1092 558 1092 557 1092 549 1098 548 1098 496 1092 495 1092 469 1097 464 1098 462 1097 456 1092 456 1092 455 1092 423 1092 422 1092 421 1092 407 1096 400 1098 378 1095 358 1094 358 1094 348 1095 334 1098 320 1094 304 1091 279 1091 279 1091 278 1091 277 1091 274 1094 270 1097 257 1094 245 1091 244 1091 228 1094 205 1097 174 1093 161 1091 160 1091 160 1091 156 1093 146 1098 71 1098 61 1091 61 1091 60 1091 38 1091 38 1115"/></Shape>
            <String CONTENT="ſua agnouit Socrat. lib.3.cap.13. Theodoſius im¬" HPOS="37.0" VPOS="1091.0" WIDTH="582.0" HEIGHT="40.0" WC="0.9776036478579044"/>
          </TextLine>
          <TextLine ID="line_34" TAGREFS="LT8" BASELINE="38 1149 616 1152" HPOS="37.0" VPOS="1122.0" WIDTH="579.0" HEIGHT="43.0">
            <Shape><Polygon POINTS="38 1149 37 1162 61 1163 62 1163 63 1163 64 1163 68 1160 72 1163 73 1163 74 1163 74 1163 78 1163 106 1160 174 1163 189 1164 189 1164 194 1164 220 1160 263 1164 267 1164 267 1164 268 1164 269 1164 279 1158 326 1158 413 1164 414 1164 415 1164 429 1159 471 1159 514 1165 518 1165 519 1165 525 1165 584 1160 614 1165 616 1152 615 1131 572 1131 571 1130 562 1124 561 1124 560 1124 526 1124 525 1124 524 1124 523 1124 523 1125 518 1130 507 1124 506 1124 506 1124 455 1129 444 1123 444 1123 443 1123 442 1123 422 1129 407 1123 407 1123 364 1123 363 1123 362 1123 362 1123 355 1129 354 1130 334 1130 333 1129 309 1123 308 1123 275 1123 274 1123 273 1123 259 1128 259 1129 241 1129 240 1128 232 1123 231 1123 230 1123 197 1123 196 1123 195 1123 183 1128 182 1128 84 1128 84 1127 76 1122 75 1122 74 1122 47 1122 46 1122 45 1122 45 1122 38 1126 38 1149"/></Shape>
            <String CONTENT="perator, qui Maior dictus eſt, ſic ſuum delictum," HPOS="37.0" VPOS="1122.0" WIDTH="579.0" HEIGHT="43.0" WC="0.9984416584579312"/>
          </TextLine>
          <TextLine ID="line_35" TAGREFS="LT8" BASELINE="38 1181 617 1184" HPOS="37.0" VPOS="1155.0" WIDTH="580.0" HEIGHT="52.0">
            <Shape><Polygon POINTS="38 1181 37 1198 57 1205 57 1205 58 1205 59 1205 78 1199 87 1197 96 1199 111 1204 111 1204 112 1204 130 1200 144 1197 152 1200 163 1205 164 1205 164 1205 165 1205 175 1201 181 1198 185 1201 195 1205 196 1205 251 1205 251 1205 252 1205 253 1205 257 1201 263 1197 347 1197 359 1203 361 1204 362 1204 362 1204 363 1204 366 1203 378 1199 386 1203 390 1205 390 1205 391 1205 392 1205 399 1204 419 1197 429 1201 430 1201 431 1201 498 1198 525 1205 529 1206 530 1206 530 1207 617 1207 617 1184 617 1164 592 1164 592 1164 576 1156 576 1156 575 1156 542 1164 539 1164 521 1164 520 1164 511 1156 510 1156 510 1156 509 1156 508 1156 490 1161 477 1156 476 1156 475 1156 474 1156 473 1156 465 1163 454 1156 453 1156 423 1155 423 1155 422 1155 409 1161 403 1156 403 1155 403 1155 402 1155 320 1155 320 1155 319 1155 300 1162 296 1163 251 1161 235 1161 230 1155 230 1155 229 1155 228 1155 201 1155 201 1155 200 1155 180 1161 176 1163 121 1163 117 1160 106 1155 106 1155 105 1155 104 1155 93 1160 89 1162 38 1160 38 1181"/></Shape>
            <String CONTENT="quod erat publicum in Eccleſia Mediolanenſi a¬" HPOS="37.0" VPOS="1155.0" WIDTH="580.0" HEIGHT="52.0" WC="0.9932803045148435"/>
          </TextLine>
        </TextBlock>
        <TextBlock HPOS="459.65380859375" VPOS="1198.903564453125" WIDTH="48.779266357421875" HEIGHT="34.3355712890625" ID="block_7" TAGREFS="BT17">
          <Shape><Polygon POINTS="459.654 1198.9 508.433 1198.9 508.433 1233.24 459.654 1233.24 459.654 1198.9"/></Shape>
          <TextLine ID="line_36" TAGREFS="LT8" BASELINE="463 1217 506 1217" HPOS="463.0" VPOS="1192.0" WIDTH="43.0" HEIGHT="43.0">
            <Shape><Polygon POINTS="463 1217 463 1230 496 1235 497 1235 497 1235 498 1235 506 1229 506 1217 506 1192 463 1193 463 1217"/></Shape>
            <String CONTENT="*.j." HPOS="463.0" VPOS="1192.0" WIDTH="43.0" HEIGHT="43.0" WC="0.9740120470523834"/>
          </TextLine>
        </TextBlock>
      </PrintSpace>
    </Page>
  </Layout>
</alto>
