1000 1448
363.0 103.0 69.0 30.0 466

478.0 89.0 370.0 38.0 AD I. PAVL. AD TIM.

360.0 116.0 581.0 55.0 derit, Bonam confeſſionem iam confeſſus es coram

360.0 152.0 578.0 50.0 multis, ait, Ergo eò turpius eſt tibi referre pedẽ,

362.0 186.0 576.0 48.0 qui iam tam ſtrenuè Chriſto militaſti. Hæc con¬

362.0 216.0 576.0 51.0 feſſio, quæ facta dicitur à Timotheo, fuit ſu¬

362.0 250.0 576.0 50.0 ſceptum ab eo Euangelij miniſterium quod iam

364.0 283.0 575.0 50.0 egregiè adminiſtrarat. Alij tamen ad Baptiſmũ

368.0 314.0 570.0 50.0 Timothei referunt. Alij quærunt, vtrùm ali¬

366.0 348.0 572.0 49.0 quid paſſus ſit in corpore ſuo pro Chriſto Ti¬

363.0 379.0 575.0 51.0 motheus, vti Sylas & Paulus Acto.16. Sed de Ti¬

363.0 412.0 576.0 48.0 motheo nihil quicquam ſimile legimus: tantùm

363.0 447.0 575.0 46.0 Hebr. cap.13. verſ. 23. apparet Timotheum pro

363.0 477.0 577.0 47.0 nomine Chriſti vinctum fuiſſe. Denique ſumma

363.0 517.0 576.0 36.0 fuit laus Iimotner in Der eccieſia, adeò vt di¬

364.0 543.0 575.0 48.0 ſputetur, vtrùm ille ſit, quem Paulus in 2. Cor.

365.0 579.0 576.0 42.0 8.verſ.18.19. fratrem appellat, & cuius magnam

362.0 608.0 485.0 47.0 eſſe in omnibus Eccleſijs laudem ſcribit.

400.0 660.0 542.0 52.0 13 Denuntio tibi coram Deo, qui viuifi¬

364.0 696.0 578.0 52.0 cat omnia, & Ieſu Chriſto, qui testatam fe¬

365.0 736.0 577.0 54.0 cit coram Pontio Pilato bonam illam profeſ¬

366.0 781.0 111.0 49.0 ſionem.

397.0 823.0 546.0 45.0 Παράκλησις eſt cum ſuperioris doctrinæ confir¬

365.0 857.0 579.0 45.0 matione coniũcta, quam vtranque cum grauiſſi¬

366.0 890.0 577.0 42.0 ma obteſtatione proponit hoc loco Paulus. Nam

366.0 921.0 578.0 47.0 & ſuperiora præcepta hac quaſi nota fuerunt ob¬

366.0 956.0 578.0 39.0 ſignanda, ne quis humana potius, quàm diuina:

366.0 987.0 577.0 40.0 & Pauli, non autem Spiritus ſancti vocem eſſe

366.0 1019.0 580.0 43.0 exiſtimaret: & fuit in opere & miniſterio iniũcto

366.0 1052.0 578.0 44.0 & demandato Timotheus propter muneris i¬

366.0 1083.0 579.0 45.0 pſius difficultatem, confirmandus. Apparet autẽ

366.0 1116.0 580.0 44.0 quàm ſit vtrunque neceſſarium. Ac primúm qui¬

366.0 1147.0 580.0 48.0 dem, quòd etiamnon hodie quidam contentioſè

795.0 1181.0 149.0 56.0 contendunt
