1000 1448
356.0 108.0 56.0 24.0 110

473.0 93.0 370.0 40.0 AD I. PAVL. AD TIM.

353.0 123.0 579.0 49.0 prohibiti ſunt ex mala interpretatione huius lo¬

353.0 161.0 580.0 43.0 ci. Nã nec ſecundæ nuptiæ, nec tertiæ peccatum

353.0 193.0 579.0 45.0 habent, ſi caſtè ſeruent Auguſtinus in lib. De fi¬

353.0 227.0 579.0 43.0 de ad Petr. quanquam Bernar ſermo. 58 Cant.

353.0 261.0 578.0 41.0 damnat exemplo turturis numeroſitatem nu¬

352.0 299.0 581.0 36.0 peraruiloudumomumeu laperſtitione, vti eam

354.0 324.0 579.0 43.0 quoque Tertullianus damnauit ex Montaniſtarũ

354.0 364.0 98.0 31.0 errore.

385.0 386.0 548.0 45.0 Denique vxorem vnam dixit Paulus. Quid ſi

355.0 423.0 577.0 40.0 quis vxori vni quidem legitimè ductæ ſoperin¬

354.0 455.0 579.0 37.0 ducit concubinam, Vtrum is paſtor & Epiſcopus

353.0 488.0 579.0 40.0 eligi poteſt? Eſt enim hæc concubina & pellex,

353.0 519.0 579.0 40.0 non vxor. Reſpond. Tergiuerſationem eſſe. Nam

353.0 553.0 580.0 39.0 plana eſt Pauli ſententia, per quam omnem in eo

354.0 584.0 579.0 41.0 qui Epiſcopus eſt futurus, turpis & obſcœnæ li¬

355.0 617.0 579.0 39.0 bidinis notam damnat, ne propterea malè audiat

353.0 649.0 580.0 40.0 Dei verbum, aut ipſe ſit offendiculo cuiquam:

353.0 681.0 581.0 40.0 Itaque qui pellicem cum vxore habet in conſor¬

353.0 713.0 580.0 43.0 tio, eſt adulter, & prohibetur eligi & hîc & can:

353.0 747.0 580.0 38.0 Apoſtolorum 17. Aurelia. concilio cap. 4. Aga¬

353.0 779.0 581.0 45.0 thenſi cap.55. & eſt in canon. I. diſtinct.33. & tota

354.0 811.0 139.0 42.0 diſtinct.34.

386.0 839.0 547.0 46.0 Si excipiatur ſeparatam eſſe Euangelij doctri¬

353.0 876.0 581.0 41.0 nam à vitiis Miniſtrorum, qui eam annuntiãt, nec

354.0 909.0 580.0 41.0 eam, quæ per ſe pura eſt, illorum ſordibus pollui

354.0 941.0 579.0 42.0 poſſe. Reſpond. Per ſe quidem illud verum eſſe:

355.0 975.0 579.0 39.0 opinione tamen hominum non item. Putant e¬

353.0 1006.0 581.0 38.0 nim homines Miniſtrorum vitijs tanquam attre¬

353.0 1037.0 580.0 40.0 ctatione quadam doctrinam illam cœleſtẽ pol¬

353.0 1069.0 581.0 41.0 lui. Itaque illa minus & lubenter & reuerenter iã

353.0 1102.0 581.0 38.0 auditurs cùm huiuſmodi quædam perſonæ fœdæ

354.0 1136.0 580.0 43.0 & turpes in diuinum miniſterium aſciſcuntur, &

354.0 1166.0 140.0 59.0 alleguntur.

853.0 1197.0 83.0 56.0 Vonio
