1000 1448
452.0 85.0 381.0 46.0 AD I. PAVL. AD TIM

358.0 103.0 57.0 33.0 130

350.0 115.0 580.0 57.0 demiſſa Gall.vn Roquet poſtea coleron. Sed doce¬

351.0 153.0 579.0 50.0 bãt in Ambone ſtantes qui erectus erat, in cœtu,

354.0 184.0 576.0 51.0 vt facilius audirentur docentes Epiſcopi Socr.

353.0 217.0 584.0 53.0 lib 6.cap.5. Eſt autem Ambo ſedes eminens in

357.0 261.0 166.0 43.0 cœtu aliquo.

397.0 311.0 541.0 61.0 Non vinoſum, non percuſſorem, non

355.0 357.0 583.0 57.0 turpiter lucri cupidum: ſed moderatum, a¬

358.0 394.0 495.0 58.0 jienum à pugnis, alienum ab auaritia.

389.0 440.0 552.0 53.0 Suprà virtutes explicauit, quæ decent Epiſco¬

360.0 475.0 582.0 53.0 pos: nunc exponit vitia, quæ dedecent eos. Itaque

360.0 508.0 582.0 52.0 eſt hic verſiculus ἀντίθεως. Non omnia tamen e¬

360.0 539.0 582.0 54.0 numerat, ſed tantùm quædam, ex quibus maius

361.0 573.0 581.0 52.0 Eccleſiæ offendiculum præbetur, ad quorum ex¬

362.0 605.0 582.0 51.0 emplum de alijs, quæ prætermiſſa ſunt, ſtatuere

362.0 636.0 582.0 52.0 poſſumus quid ſit de toto hoc genere definiendũ.

362.0 668.0 584.0 54.0 Multa verò, à quibus nõ tantùm Epiſcopi, ſed in

363.0 701.0 581.0 54.0 vniuerſum clerici abſtinere debẽt ſunt in cap.cle¬

364.0 735.0 582.0 51.0 rici officia Extr. de vita & honeſta. clericor. his

366.0 768.0 581.0 48.0 verbis. Clerici officia vel commercia ſecularia

366.0 800.0 581.0 51.0 non exerceant, maximè inhoneſta. Minus iocu¬

366.0 833.0 580.0 50.0 latoribus, & hiſtrionibus non intendant. Et ta¬

366.0 865.0 581.0 52.0 bernas prorſus euitent, niſi fortè cauſa neceſſita¬

366.0 897.0 583.0 48.0 tis in itinere conſtituti. Ad aleas & taxillos non

368.0 929.0 582.0 50.0 leuant, nec huiuſmodi ludis interſint. Coronã

369.0 962.0 580.0 49.0 & tonſuram habeant congruentem. Et ſe in offi¬

369.0 996.0 581.0 51.0 ciis Eccleſiaſticis, & aliis bonis ſtudiis exerceant

369.0 1028.0 582.0 51.0 diligenter. Clauſa deferant deſuper indumenta

368.0 1059.0 582.0 51.0 mmia breuitate vel longitudine non notanda¬

371.0 1093.0 581.0 50.0 Pannis rubeis aut viridibus, necnon manicis aut

370.0 1125.0 581.0 48.0 ſotularibus conſuticiis, fręnis, ſellis, pectoralibus,

371.0 1158.0 581.0 59.0 calcaribus deauratis, aut aliam ſuperfluitatem ge¬

841.0 1190.0 113.0 44.0 rentibus
