1000 1448
371.0 103.0 62.0 23.0 Ro

476.0 89.0 387.0 38.0 AD I. PAVL. AD TIM.

366.0 120.0 583.0 46.0 rum, à tentationibus Dæmonum. Sponſæ verò

366.0 156.0 584.0 42.0 ornatus in bonis operibus, & moribus, & ordini¬

367.0 192.0 582.0 36.0 bus. At paſtus omnium communiter quidem in

366.0 231.0 582.0 35.0 paſcuis ſeripturarum tanquam in hæreditate Do¬

368.0 257.0 122.0 34.0 mini &c.

393.0 286.0 555.0 43.0 Huius autem negligentiæ & abſentiæ caſtiga¬

367.0 323.0 581.0 37.0 tio non tantùm ad Synodum, aut conſiſtorium

367.0 357.0 580.0 36.0 Eccleſiaſticum pertinet, ſed etiam ad Magiſtra¬

367.0 387.0 581.0 39.0 tum pium & fidelem, vt docemur exemplo Con¬

366.0 418.0 579.0 42.0 ſtantini Magni, & refert Sozomenus lib. 2. cap.4.

397.0 452.0 549.0 40.0 Ex huius autem præcepti occaſione, & rectè

367.0 483.0 581.0 43.0 quidem, factum eſt, vt paſtores & Epiſcopi Ve¬

363.0 517.0 583.0 36.0 natores & Aleatores, non tantùm damnarentur:

365.0 547.0 582.0 42.0 ſed eriam deponerentur, quia ijs rebus & ſtudijs

365.0 580.0 582.0 41.0 occupati, & rebus Eccleſiæ attendere & moribus

363.0 612.0 585.0 42.0 hominum inuigilare non poſſunt. Denique ni¬

363.0 643.0 587.0 43.0 miæ diſſolutionis vitæ huiuſmodi ſtudia & occu¬

365.0 678.0 583.0 40.0 pationes ſunt certiſſima teſtimonia, quanquam

365.0 709.0 583.0 41.0 Germanis & Gallis Epiſcopis ſemper nimium i¬

364.0 740.0 583.0 41.0 ſtæ res aſsiduæ & familiares fuerunt vt eſt in can.

366.0 776.0 580.0 44.0 Quorundam & ſeq. diſtinct. 34. cano. Epiſeopus

363.0 806.0 141.0 44.0 diſtinct.35.

393.0 839.0 552.0 42.0 Subiicit Paulus σώφρονα, Alij prudentem ver¬

363.0 873.0 583.0 39.0 tunt, alij ſobrium (Malè prudentem, eſt enimoρó¬

362.0 908.0 578.0 34.0 νιμος prudens, non σ́φρων) Huic autem temperan

362.0 938.0 584.0 35.0 tiæ coniungit Paulus iuſtitiã. Vult enim eſſe tẽ¬

362.0 970.0 583.0 40.0 perantem, & iuſtum Tit.1.verſ. 8. Temperantem

360.0 1002.0 585.0 42.0 in ſeipſo, ne abripiatur vllo vitioſo affectu ad tur¬

360.0 1036.0 586.0 41.0 pia perpetranda. Iuſtum verò ad alios, ne quen¬

361.0 1068.0 585.0 39.0 quam offendat, aut re aut verbo, aut manu, aut lin¬

362.0 1099.0 582.0 42.0 gua vel rapiendo, vel fraudãdo. Quæ hîc diſputãt

358.0 1131.0 585.0 43.0 Canoniſtæ de prudentia Epiſcopi, qualis eſſe de¬

353.0 1165.0 589.0 56.0 beat, nos in explicatione vocis Nεσφύτα dicemus.

851.0 1201.0 91.0 57.0 Rócuie?
