<?xml version='1.0' encoding='UTF-8'?>
<alto xmlns:xsi="http://www.w3.org/2001/XMLSchema-instance" xmlns="http://www.loc.gov/standards/alto/ns-v4#" xsi:schemaLocation="http://www.loc.gov/standards/alto/ns-v4# http://www.loc.gov/standards/alto/v4/alto-4-2.xsd">
  <Description>
    <MeasurementUnit>pixel</MeasurementUnit>
    <sourceImageInformation>
      <fileName>2013360.jpeg</fileName>
    </sourceImageInformation>
  </Description>
  <Tags>
    <OtherTag ID="BT7" LABEL="CustomZone" DESCRIPTION="block type CustomZone"/><OtherTag ID="BT8" LABEL="DamageZone" DESCRIPTION="block type DamageZone"/><OtherTag ID="BT9" LABEL="DigitizationArtefactZone" DESCRIPTION="block type DigitizationArtefactZone"/><OtherTag ID="BT10" LABEL="DropCapitalZone" DESCRIPTION="block type DropCapitalZone"/><OtherTag ID="BT11" LABEL="GraphicZone" DESCRIPTION="block type GraphicZone"/><OtherTag ID="BT12" LABEL="MainZone" DESCRIPTION="block type MainZone"/><OtherTag ID="BT13" LABEL="MarginTextZone" DESCRIPTION="block type MarginTextZone"/><OtherTag ID="BT14" LABEL="MusicZone" DESCRIPTION="block type MusicZone"/><OtherTag ID="BT15" LABEL="NumberingZone" DESCRIPTION="block type NumberingZone"/><OtherTag ID="BT17" LABEL="QuireMarksZone" DESCRIPTION="block type QuireMarksZone"/><OtherTag ID="BT18" LABEL="RunningTitleZone" DESCRIPTION="block type RunningTitleZone"/><OtherTag ID="BT19" LABEL="SealZone" DESCRIPTION="block type SealZone"/><OtherTag ID="BT20" LABEL="StampZone" DESCRIPTION="block type StampZone"/><OtherTag ID="BT21" LABEL="TableZone" DESCRIPTION="block type TableZone"/><OtherTag ID="BT22" LABEL="TitlePageZone" DESCRIPTION="block type TitlePageZone"/><OtherTag ID="BT3407" LABEL="MainZone-Continued" DESCRIPTION="block type MainZone-Continued"/><OtherTag ID="BT3408" LABEL="MainZone-P" DESCRIPTION="block type MainZone-P"/><OtherTag ID="BT3409" LABEL="MainZone-Head" DESCRIPTION="block type MainZone-Head"/><OtherTag ID="BT3410" LABEL="MainZone-Other" DESCRIPTION="block type MainZone-Other"/><OtherTag ID="BT3411" LABEL="MainZone-Sp" DESCRIPTION="block type MainZone-Sp"/><OtherTag ID="BT3417" LABEL="MainZone-Sp-Continued" DESCRIPTION="block type MainZone-Sp-Continued"/><OtherTag ID="BT3418" LABEL="GraphicZone-Decoration" DESCRIPTION="block type GraphicZone-Decoration"/><OtherTag ID="BT3419" LABEL="MainZone-Entry" DESCRIPTION="block type MainZone-Entry"/><OtherTag ID="BT3420" LABEL="MainZone-Lg" DESCRIPTION="block type MainZone-Lg"/><OtherTag ID="BT3421" LABEL="MainZone-Entry-Continued" DESCRIPTION="block type MainZone-Entry-Continued"/><OtherTag ID="BT3422" LABEL="MarginTextZone-ManuscriptAddendum" DESCRIPTION="block type MarginTextZone-ManuscriptAddendum"/><OtherTag ID="BT3423" LABEL="MainZone-List" DESCRIPTION="block type MainZone-List"/>
    <OtherTag ID="LT7" LABEL="CustomLine" DESCRIPTION="line type CustomLine"/><OtherTag ID="LT8" LABEL="DefaultLine" DESCRIPTION="line type DefaultLine"/><OtherTag ID="LT9" LABEL="DropCapitalLine" DESCRIPTION="line type DropCapitalLine"/><OtherTag ID="LT10" LABEL="HeadingLine" DESCRIPTION="line type HeadingLine"/><OtherTag ID="LT11" LABEL="InterlinearLine" DESCRIPTION="line type InterlinearLine"/><OtherTag ID="LT12" LABEL="MusicLine" DESCRIPTION="line type MusicLine"/>
  </Tags>
  <Layout>
    <Page WIDTH="1000" HEIGHT="1448" PHYSICAL_IMG_NR="356" ID="eSc_dummypage_">
      <PrintSpace HPOS="0" VPOS="0" WIDTH="1000" HEIGHT="1448">
        <TextBlock HPOS="384.1585388183594" VPOS="80.00780487060547" WIDTH="53.739166259765625" HEIGHT="37.15129089355469" ID="block_1" TAGREFS="BT15">
          <Shape><Polygon POINTS="384.159 80.0078 437.898 80.0078 437.898 117.159 384.159 117.159 384.159 80.0078"/></Shape>
          <TextLine ID="line_1" TAGREFS="LT8" BASELINE="384 106 454 104" HPOS="383.0" VPOS="94.0" WIDTH="71.0" HEIGHT="26.0">
            <Shape><Polygon POINTS="384 106 384 115 415 120 416 120 417 120 418 120 427 112 454 110 454 104 452 94 383 94 384 106"/></Shape>
            <String CONTENT="440" HPOS="383.0" VPOS="94.0" WIDTH="71.0" HEIGHT="26.0" WC="0.9999916950861613"/>
          </TextLine>
        </TextBlock>
        <TextBlock HPOS="502.58673095703125" VPOS="72.43122100830078" WIDTH="363.73931884765625" HEIGHT="37.74506378173828" ID="block_2" TAGREFS="BT18">
          <Shape><Polygon POINTS="502.587 72.4312 866.326 72.4312 866.326 110.176 502.587 110.176 502.587 72.4312"/></Shape>
          <TextLine ID="line_2" TAGREFS="LT8" BASELINE="497 103 867 97" HPOS="497.0" VPOS="74.0" WIDTH="370.0" HEIGHT="41.0">
            <Shape><Polygon POINTS="762 94 754 94 746 94 738 94 730 94 722 94 714 94 706 94 698 94 690 94 682 94 674 94 666 94 658 94 650 94 641 94 633 94 625 94 617 94 609 94 601 94 593 94 585 94 577 94 569 94 561 94 553 94 545 94 537 94 529 94 521 94 513 94 505 94 497 94 497 103 497 115 538 115 538 114 539 114 542 113 557 107 572 111 575 112 576 112 576 112 583 111 606 107 610 111 611 111 612 111 613 111 613 111 614 111 620 110 637 106 650 109 659 111 660 111 661 111 685 108 691 107 692 107 701 111 702 111 703 111 703 111 704 111 704 110 707 107 711 104 728 104 739 106 757 110 757 110 758 110 771 105 777 103 796 104 861 108 862 108 863 108 864 108 864 107 864 107 867 104 867 97 864 74 776 75 775 75 774 75 771 78 762 82 762 94"/></Shape>
            <String CONTENT="AD I. TAVE. AD TIM." HPOS="497.0" VPOS="74.0" WIDTH="370.0" HEIGHT="41.0" WC="0.9965328134988484"/>
          </TextLine>
        </TextBlock>
        <TextBlock HPOS="381.3963317871094" VPOS="116.60557556152344" WIDTH="575.7187194824219" HEIGHT="324.15208435058594" ID="block_3" TAGREFS="BT3407">
          <Shape><Polygon POINTS="381.396 116.606 957.115 116.606 957.115 440.758 381.396 440.758 381.396 116.606"/></Shape>
          <TextLine ID="line_3" TAGREFS="LT8" BASELINE="380 143 958 135" HPOS="378.0" VPOS="102.0" WIDTH="580.0" HEIGHT="53.0">
            <Shape><Polygon POINTS="380 143 380 155 958 146 958 135 958 114 933 102 932 102 905 102 905 102 884 103 883 103 859 114 858 114 857 114 836 109 835 109 809 114 799 116 767 116 764 114 751 105 750 105 749 105 748 105 748 105 730 113 707 106 707 106 706 106 705 106 704 106 695 114 690 117 646 114 618 112 617 112 607 114 583 119 571 114 562 111 561 111 560 111 559 111 548 114 535 118 520 114 498 109 497 109 432 112 431 112 430 112 427 114 416 121 400 114 397 113 396 113 395 113 378 114 380 143"/></Shape>
            <String CONTENT="Dauid, fuit Salomo. Inter fideles, quorum facta" HPOS="378.0" VPOS="102.0" WIDTH="580.0" HEIGHT="53.0" WC="0.9831219543801978"/>
          </TextLine>
          <TextLine ID="line_4" TAGREFS="LT8" BASELINE="379 176 956 166" HPOS="378.0" VPOS="142.0" WIDTH="578.0" HEIGHT="46.0">
            <Shape><Polygon POINTS="379 176 379 188 625 181 660 184 661 184 683 180 753 183 761 183 761 183 762 183 763 183 774 178 851 181 853 181 854 181 855 181 883 176 954 180 956 166 954 147 897 142 896 142 895 142 886 146 876 142 876 142 875 142 804 149 798 149 796 149 773 143 773 143 772 143 771 143 762 150 761 150 759 150 736 144 735 144 734 144 733 144 733 145 727 150 727 151 674 151 662 146 661 146 660 146 659 146 645 152 638 146 637 146 637 146 618 146 617 146 617 146 602 152 601 153 547 153 546 153 523 148 522 148 522 148 521 148 504 153 479 148 478 148 477 148 458 155 457 155 440 149 439 149 438 149 437 149 436 149 429 154 396 150 395 150 395 150 378 155 379 176"/></Shape>
            <String CONTENT="eſt mentio in nouo Teſtamento fuit diues Ma¬" HPOS="378.0" VPOS="142.0" WIDTH="578.0" HEIGHT="46.0" WC="0.9952051964673129"/>
          </TextLine>
          <TextLine ID="line_5" TAGREFS="LT8" BASELINE="380 209 954 201" HPOS="379.0" VPOS="175.0" WIDTH="575.0" HEIGHT="45.0">
            <Shape><Polygon POINTS="380 209 380 215 432 220 432 220 457 215 474 219 475 219 476 219 504 214 527 218 528 218 529 218 530 218 537 213 599 213 607 218 608 218 609 218 644 213 661 217 662 217 662 217 663 217 664 217 672 212 673 212 677 212 774 215 775 215 776 215 794 210 794 210 796 210 828 214 829 214 884 209 939 213 940 213 941 213 954 208 954 201 953 181 900 175 899 175 898 175 897 175 888 181 868 176 868 176 867 176 866 176 855 181 822 176 821 176 820 176 804 181 788 177 787 177 786 177 786 177 779 182 772 177 771 177 770 177 769 177 769 177 768 177 761 183 761 184 725 184 725 183 712 178 711 178 711 178 710 178 709 178 701 184 700 184 694 184 641 179 640 179 639 179 638 179 632 184 631 185 623 185 579 181 578 181 530 185 514 186 510 185 495 181 494 181 493 181 493 181 482 185 481 186 470 185 415 182 414 182 413 182 412 182 406 186 405 187 404 186 397 183 396 183 395 183 379 186 380 209"/></Shape>
            <String CONTENT="nahem educatus cum Herode tetrarcha Actor." HPOS="379.0" VPOS="175.0" WIDTH="575.0" HEIGHT="45.0" WC="0.9968466332980565"/>
          </TextLine>
          <TextLine ID="line_6" TAGREFS="LT8" BASELINE="382 240 956 232" HPOS="381.0" VPOS="205.0" WIDTH="575.0" HEIGHT="45.0">
            <Shape><Polygon POINTS="382 240 382 249 600 246 609 250 610 250 611 250 716 243 726 243 730 243 771 247 772 247 773 247 785 242 786 242 786 242 813 246 814 246 942 245 942 245 956 239 956 232 954 211 898 205 897 205 827 212 824 212 823 212 805 207 804 207 803 207 802 207 784 213 781 213 773 213 716 209 716 209 695 213 693 213 692 213 683 209 682 209 681 209 680 209 669 213 666 215 605 215 602 214 593 210 592 210 592 210 591 210 590 210 586 214 584 215 575 214 536 211 535 211 534 211 526 215 522 216 518 215 498 211 497 211 497 211 480 215 474 217 472 215 466 212 465 212 465 212 464 212 441 216 430 218 423 216 410 213 409 213 408 213 381 216 382 240"/></Shape>
            <String CONTENT="13.verſ.1. Electa ad quam ſcribit Ioan.2. epiſtolã." HPOS="381.0" VPOS="205.0" WIDTH="575.0" HEIGHT="45.0" WC="0.9885188169204272"/>
          </TextLine>
          <TextLine ID="line_7" TAGREFS="LT8" BASELINE="381 272 956 264" HPOS="380.0" VPOS="238.0" WIDTH="576.0" HEIGHT="47.0">
            <Shape><Polygon POINTS="381 272 381 280 432 285 432 285 433 285 434 285 439 280 453 284 454 284 455 284 528 279 530 279 530 279 552 284 553 284 554 284 575 279 576 279 579 279 609 283 610 283 629 279 689 282 690 282 691 282 691 282 698 278 699 277 707 277 756 281 757 281 757 281 758 281 764 277 765 276 778 277 839 280 840 280 893 279 894 279 901 275 905 274 913 275 930 279 930 279 955 275 956 264 954 244 913 238 913 238 912 238 898 244 895 245 884 244 839 240 838 240 798 245 781 246 770 245 750 241 749 241 748 241 748 241 748 242 744 245 741 247 724 248 676 248 671 245 667 242 666 242 666 242 628 242 627 242 626 242 625 242 622 246 619 247 601 246 576 243 575 243 574 243 565 246 551 250 519 250 509 246 503 244 502 244 502 244 487 246 471 249 456 246 446 245 445 245 380 246 381 272"/></Shape>
            <String CONTENT="Diuites fuerunt Theſſalonicenſes, vt apparet ex" HPOS="380.0" VPOS="238.0" WIDTH="576.0" HEIGHT="47.0" WC="0.9940030498707548"/>
          </TextLine>
          <TextLine ID="line_8" TAGREFS="LT8" BASELINE="381 304 955 297" HPOS="380.0" VPOS="270.0" WIDTH="575.0" HEIGHT="47.0">
            <Shape><Polygon POINTS="381 304 381 314 443 317 444 317 444 317 445 317 445 316 448 314 450 312 459 314 477 316 477 316 478 316 479 316 482 313 484 312 490 313 495 315 496 315 497 315 508 313 524 311 530 313 535 316 536 316 537 316 569 316 569 316 601 312 636 309 670 312 699 314 699 314 715 312 734 308 777 311 803 312 804 312 813 311 827 308 855 310 869 312 870 312 884 310 912 307 925 310 931 311 932 311 933 311 934 311 934 310 939 306 954 309 955 297 954 277 904 270 903 270 839 277 827 278 819 277 795 271 763 271 762 271 761 271 761 271 753 277 750 279 721 279 716 277 705 272 704 272 703 272 703 272 693 277 687 279 676 277 663 273 662 273 662 273 645 277 628 281 592 281 587 277 584 274 583 274 582 274 581 274 580 274 575 277 566 282 545 282 535 277 530 275 530 275 529 275 528 275 527 275 525 277 518 281 507 277 504 275 503 275 502 275 493 277 464 281 441 277 437 276 436 276 436 276 435 277 424 282 411 277 409 276 408 276 407 276 380 276 381 304"/></Shape>
            <String CONTENT="Pauli epiſtolis ad eos. Denique Pſalm.37. Pſ.62." HPOS="380.0" VPOS="270.0" WIDTH="575.0" HEIGHT="47.0" WC="0.9925501445929209"/>
          </TextLine>
          <TextLine ID="line_9" TAGREFS="LT8" BASELINE="382 336 955 329" HPOS="382.0" VPOS="304.0" WIDTH="573.0" HEIGHT="46.0">
            <Shape><Polygon POINTS="382 336 382 345 448 350 448 350 517 349 518 349 536 345 646 348 646 348 668 343 679 347 679 347 680 348 740 348 740 347 770 342 882 345 883 345 955 339 955 329 954 309 890 304 889 304 888 304 888 304 881 310 880 312 844 312 843 311 835 305 835 305 834 305 833 305 832 305 810 311 807 312 805 311 785 306 784 306 783 306 782 306 781 306 781 307 776 312 775 312 705 312 684 312 673 307 672 307 671 307 670 307 670 307 670 308 663 313 663 314 650 314 650 313 638 308 637 308 604 308 604 308 603 308 602 308 594 314 594 315 588 315 553 315 525 308 524 308 482 309 481 309 481 309 481 310 474 315 407 310 407 310 388 311 387 311 386 311 386 312 382 316 382 336"/></Shape>
            <String CONTENT="verſ.1o. Pſalm.112. Diuitiæ etiam hæ, &amp; quidem" HPOS="382.0" VPOS="304.0" WIDTH="573.0" HEIGHT="46.0" WC="0.9852913229361825"/>
          </TextLine>
          <TextLine ID="line_10" TAGREFS="LT8" BASELINE="381 368 954 362" HPOS="380.0" VPOS="343.0" WIDTH="574.0" HEIGHT="39.0">
            <Shape><Polygon POINTS="766 357 758 357 750 357 742 357 734 357 726 357 718 357 710 357 702 357 694 357 686 357 678 357 670 357 662 357 654 357 646 357 637 357 629 357 621 357 613 357 605 357 597 357 589 357 581 357 573 357 565 357 557 357 549 357 541 357 533 357 525 357 517 357 509 357 501 357 493 357 485 357 477 357 469 357 460 357 452 357 444 357 436 357 428 357 420 357 412 357 404 357 396 357 388 357 380 357 381 368 381 381 404 378 469 380 503 382 504 382 517 380 539 377 572 379 595 381 596 381 596 381 600 379 608 376 645 378 666 380 667 380 679 378 700 374 726 378 738 379 739 379 760 378 811 373 953 375 954 362 952 343 789 345 788 345 787 345 786 346 777 351 770 347 769 347 766 357"/></Shape>
            <String CONTENT="terrenę promittuntur pijs, nedum, vt eas deteſta¬" HPOS="380.0" VPOS="343.0" WIDTH="574.0" HEIGHT="39.0" WC="0.988268654346466"/>
          </TextLine>
          <TextLine ID="line_11" TAGREFS="LT8" BASELINE="380 401 956 394" HPOS="379.0" VPOS="370.0" WIDTH="577.0" HEIGHT="42.0">
            <Shape><Polygon POINTS="380 401 380 412 955 407 956 394 954 376 894 370 893 370 893 370 892 370 882 376 881 376 854 373 853 373 811 377 808 377 807 377 790 371 790 371 789 371 788 371 787 371 781 376 751 372 750 372 749 372 748 372 748 373 743 378 742 378 711 378 710 378 701 372 700 372 699 372 699 372 673 378 670 378 669 378 662 374 661 374 660 374 613 378 600 379 596 378 577 374 576 374 576 374 514 379 495 381 489 379 472 375 471 375 470 375 379 380 380 401"/></Shape>
            <String CONTENT="ri, &amp; abiicere debeamus, ſi qua legitima ratione" HPOS="379.0" VPOS="370.0" WIDTH="577.0" HEIGHT="42.0" WC="0.9944968918959299"/>
          </TextLine>
          <TextLine ID="line_12" TAGREFS="LT8" BASELINE="380 434 871 428" HPOS="379.0" VPOS="403.0" WIDTH="492.0" HEIGHT="43.0">
            <Shape><Polygon POINTS="380 434 380 444 473 446 473 446 474 446 475 446 480 442 482 440 523 440 525 442 529 445 530 445 530 445 531 446 579 446 579 445 618 440 619 440 658 444 659 444 660 444 674 440 681 444 682 444 683 444 683 444 729 444 729 444 755 438 756 438 757 438 799 443 800 443 871 436 871 428 869 409 815 409 801 403 800 403 799 403 798 403 798 403 786 410 713 410 698 404 697 404 696 404 695 404 695 404 695 405 691 408 666 405 665 405 664 405 654 410 630 405 629 405 629 405 628 405 619 411 573 407 572 407 572 407 562 411 549 406 548 406 521 406 520 406 519 406 518 406 512 411 411 407 411 407 410 407 409 407 402 413 386 408 385 408 384 408 383 408 382 408 382 409 379 411 380 434"/></Shape>
            <String CONTENT="nobis obueniant, aut ſi eas Deus dederit." HPOS="379.0" VPOS="403.0" WIDTH="492.0" HEIGHT="43.0" WC="0.9936840228918122"/>
          </TextLine>
        </TextBlock>
        <TextBlock HPOS="378.6234436035156" VPOS="444.7470703125" WIDTH="578.8894958496094" HEIGHT="742.742919921875" ID="block_4" TAGREFS="BT3408">
          <Shape><Polygon POINTS="378.623 444.747 957.513 444.747 957.513 1187.49 378.623 1187.49 378.623 444.747"/></Shape>
          <TextLine ID="line_13" TAGREFS="LT8" BASELINE="418 464 955 459" HPOS="417.0" VPOS="435.0" WIDTH="538.0" HEIGHT="43.0">
            <Shape><Polygon POINTS="418 464 418 477 497 474 508 477 518 478 518 478 536 477 572 472 578 476 578 477 579 477 580 477 580 477 587 476 606 473 623 476 637 477 637 477 646 476 666 471 671 475 672 475 673 475 674 475 674 475 691 471 696 475 697 476 697 477 698 477 699 477 699 477 724 477 724 477 744 475 801 469 824 474 828 475 829 476 850 476 850 475 851 475 851 475 852 474 860 469 915 474 922 474 923 474 924 474 925 474 933 468 954 473 955 459 954 440 884 440 868 435 868 435 867 435 866 435 848 440 847 440 847 440 835 435 834 435 833 435 832 435 831 435 824 440 823 441 801 441 790 440 738 436 737 436 736 436 724 440 723 441 721 440 707 436 706 436 705 436 704 436 703 436 697 440 695 442 679 441 646 438 645 438 644 438 635 441 630 443 627 441 621 437 621 437 620 437 619 437 570 439 569 439 568 439 566 441 563 444 547 441 524 438 523 438 522 438 512 441 506 444 502 441 497 438 496 438 495 438 494 438 493 438 493 438 488 441 484 444 467 441 445 439 444 439 417 441 418 464"/></Shape>
            <String CONTENT="Vetat igitur Paulus ne ſtudium animúmque" HPOS="417.0" VPOS="435.0" WIDTH="538.0" HEIGHT="43.0" WC="0.998350120172268"/>
          </TextLine>
          <TextLine ID="line_14" TAGREFS="LT8" BASELINE="378 498 954 492" HPOS="378.0" VPOS="465.0" WIDTH="576.0" HEIGHT="47.0">
            <Shape><Polygon POINTS="378 498 378 507 422 512 423 512 512 507 530 506 546 507 605 510 606 510 648 506 672 505 679 506 688 509 689 509 690 509 757 508 757 508 758 508 761 505 764 504 779 505 797 508 798 508 798 508 804 505 810 503 816 505 819 507 820 507 821 507 894 506 895 506 896 506 897 505 901 502 954 505 954 492 953 470 931 465 930 465 930 465 917 470 914 472 880 473 802 473 794 471 771 467 770 467 769 467 769 467 764 472 761 473 728 474 682 474 677 472 666 468 666 468 665 468 664 468 656 473 652 474 639 473 613 468 612 468 611 468 610 468 604 473 601 474 581 473 532 469 531 469 530 469 515 473 506 476 504 473 500 470 499 470 498 470 497 470 378 474 378 498"/></Shape>
            <String CONTENT="diteſcendi habeamus, vel opes noſtras retinendi." HPOS="378.0" VPOS="465.0" WIDTH="576.0" HEIGHT="47.0" WC="0.9954133977492651"/>
          </TextLine>
          <TextLine ID="line_15" TAGREFS="LT8" BASELINE="384 530 954 523" HPOS="383.0" VPOS="498.0" WIDTH="571.0" HEIGHT="43.0">
            <Shape><Polygon POINTS="384 530 384 539 699 541 700 541 804 539 827 534 833 538 834 538 835 538 835 539 891 539 891 538 954 532 954 523 953 504 897 498 896 498 895 498 883 504 881 504 847 499 846 499 820 505 817 505 812 505 764 500 763 500 762 500 750 505 748 505 741 505 705 501 704 501 703 501 703 501 703 501 699 505 697 506 689 505 658 501 657 501 656 501 655 501 649 505 648 506 638 505 608 503 607 503 584 506 569 508 562 506 550 503 549 503 548 503 547 503 547 503 542 506 539 508 535 506 530 504 529 504 528 504 506 506 490 509 478 507 460 504 459 504 458 504 449 507 442 510 383 508 384 530"/></Shape>
            <String CONTENT="Vtrumque enim complectitur Paulus ſiue dite¬" HPOS="383.0" VPOS="498.0" WIDTH="571.0" HEIGHT="43.0" WC="0.9913315569812601"/>
          </TextLine>
          <TextLine ID="line_16" TAGREFS="LT8" BASELINE="378 563 954 557" HPOS="378.0" VPOS="533.0" WIDTH="576.0" HEIGHT="42.0">
            <Shape><Polygon POINTS="378 563 378 571 440 575 440 575 441 575 449 571 450 570 525 570 527 570 540 575 541 575 542 575 543 575 551 571 589 574 590 574 591 574 600 570 603 569 621 570 690 573 691 573 691 573 703 569 709 567 716 569 728 572 729 572 730 572 953 567 954 557 952 537 906 533 905 533 864 537 860 538 378 538 378 563"/></Shape>
            <String CONTENT="ſcere velimus opes comparando quas antea non" HPOS="378.0" VPOS="533.0" WIDTH="576.0" HEIGHT="42.0" WC="0.999415936795148"/>
          </TextLine>
          <TextLine ID="line_17" TAGREFS="LT8" BASELINE="378 595 954 589" HPOS="378.0" VPOS="563.0" WIDTH="576.0" HEIGHT="43.0">
            <Shape><Polygon POINTS="378 595 378 603 537 606 538 606 570 602 697 604 698 604 699 604 707 600 707 600 715 600 789 604 790 604 954 598 954 589 952 566 913 567 910 566 904 563 903 563 902 563 901 563 901 563 897 567 895 569 868 569 863 567 856 564 855 564 855 564 823 567 806 569 802 567 793 564 792 564 791 564 790 564 790 564 790 565 786 568 784 571 744 571 735 569 711 565 711 565 710 565 709 565 703 569 701 571 673 570 600 567 600 567 599 567 598 567 591 571 590 571 586 571 561 567 560 567 514 572 510 572 507 572 474 567 473 567 473 567 456 571 445 568 444 568 444 568 443 568 442 568 436 573 436 573 385 568 384 568 383 568 382 568 378 571 378 595"/></Shape>
            <String CONTENT="habebamus: vel noſtras conſeruando ardentiori" HPOS="378.0" VPOS="563.0" WIDTH="576.0" HEIGHT="43.0" WC="0.9936092442936367"/>
          </TextLine>
          <TextLine ID="line_18" TAGREFS="LT8" BASELINE="378 626 952 620" HPOS="378.0" VPOS="595.0" WIDTH="574.0" HEIGHT="44.0">
            <Shape><Polygon POINTS="378 626 378 635 482 639 483 639 540 633 553 633 559 633 584 638 584 638 646 637 647 637 666 633 681 637 682 637 683 637 724 632 736 630 740 631 752 636 753 636 753 636 754 636 765 631 768 629 807 629 810 630 814 635 815 635 816 635 817 635 818 635 818 635 825 630 827 630 856 635 857 635 858 635 876 630 879 629 880 629 889 634 890 634 891 635 925 635 925 634 926 634 927 634 934 629 935 629 950 629 952 620 950 601 883 595 882 595 881 595 880 595 872 601 808 597 807 597 769 602 736 596 736 596 653 604 649 604 648 604 636 599 635 599 634 599 592 604 567 599 567 599 566 599 553 604 550 604 478 600 477 600 477 600 460 604 452 600 451 600 450 600 449 600 448 600 436 604 386 600 386 600 385 600 384 600 378 604 378 626"/></Shape>
            <String CONTENT="ſolicitudine quàm oportet. Non vetat, ne fami¬" HPOS="378.0" VPOS="595.0" WIDTH="574.0" HEIGHT="44.0" WC="0.9993867011780434"/>
          </TextLine>
          <TextLine ID="line_19" TAGREFS="LT8" BASELINE="378 659 954 653" HPOS="377.0" VPOS="625.0" WIDTH="577.0" HEIGHT="46.0">
            <Shape><Polygon POINTS="378 659 378 668 522 671 522 671 545 667 548 667 551 667 570 671 571 671 589 667 594 666 609 667 662 670 663 670 664 670 678 666 683 666 688 666 702 670 703 670 736 670 736 670 737 670 738 670 743 666 746 665 756 666 771 669 772 669 954 665 954 653 953 629 933 625 932 625 931 625 930 625 927 629 922 633 904 633 893 629 882 625 881 625 880 625 862 629 839 633 832 629 827 626 827 626 826 626 772 627 771 627 770 627 768 629 762 634 720 634 696 629 687 628 687 628 686 628 681 629 668 634 581 630 580 630 580 630 559 636 525 630 519 629 518 629 518 629 517 629 516 630 506 637 497 631 496 631 495 631 456 631 456 631 455 631 433 637 377 631 378 659"/></Shape>
            <String CONTENT="liæ curam habeamus, ne bona facultatéſque à" HPOS="377.0" VPOS="625.0" WIDTH="577.0" HEIGHT="46.0" WC="0.9922336114777459"/>
          </TextLine>
          <TextLine ID="line_20" TAGREFS="LT8" BASELINE="379 691 951 684" HPOS="378.0" VPOS="661.0" WIDTH="573.0" HEIGHT="43.0">
            <Shape><Polygon POINTS="379 691 379 700 429 704 430 704 431 704 432 704 439 700 500 703 501 703 536 699 539 699 541 699 568 703 569 703 570 703 581 698 583 698 586 698 616 702 617 702 617 702 632 697 634 697 642 697 695 701 696 701 697 701 711 697 819 699 820 699 821 699 832 695 886 699 887 699 950 693 951 684 949 666 855 666 854 666 841 662 840 662 839 662 822 666 820 666 818 666 785 661 784 661 783 661 782 661 776 666 775 666 757 662 757 662 682 666 668 666 653 666 587 663 586 663 585 663 575 666 562 670 532 666 522 666 522 666 521 666 518 666 510 670 503 666 499 665 498 665 497 665 481 666 440 671 378 667 379 691"/></Shape>
            <String CONTENT="Deo nobis conceſſas moderatè tueamur, cure¬" HPOS="378.0" VPOS="661.0" WIDTH="573.0" HEIGHT="43.0" WC="0.9998440701853145"/>
          </TextLine>
          <TextLine ID="line_21" TAGREFS="LT8" BASELINE="378 724 954 718" HPOS="378.0" VPOS="692.0" WIDTH="576.0" HEIGHT="45.0">
            <Shape><Polygon POINTS="378 724 378 733 449 737 450 737 451 737 466 733 469 732 528 732 530 732 534 736 535 736 536 736 537 736 559 732 564 732 568 732 587 736 588 736 588 736 600 732 604 731 609 732 628 735 629 735 658 732 671 730 707 731 787 733 788 733 954 728 954 718 953 692 933 692 932 692 931 692 930 692 924 697 849 694 819 693 818 693 810 695 794 699 756 696 744 695 744 695 743 695 742 695 741 696 736 699 711 697 687 695 687 695 661 698 642 700 629 699 604 695 604 695 580 699 578 699 577 699 551 697 551 697 550 697 549 697 545 700 543 701 536 700 501 697 500 697 499 697 498 697 493 701 492 702 488 702 450 697 449 697 448 697 448 697 440 703 439 703 378 703 378 724"/></Shape>
            <String CONTENT="mus, &amp; iuſta ratione conſeruemus: vel etiam, ſi" HPOS="378.0" VPOS="692.0" WIDTH="576.0" HEIGHT="45.0" WC="0.9985094184571124"/>
          </TextLine>
          <TextLine ID="line_22" TAGREFS="LT8" BASELINE="378 756 953 750" HPOS="378.0" VPOS="724.0" WIDTH="575.0" HEIGHT="43.0">
            <Shape><Polygon POINTS="378 756 378 767 953 762 953 750 951 731 914 731 907 724 906 724 905 724 905 724 904 724 886 729 876 726 876 726 875 726 839 731 825 725 824 725 823 725 775 732 756 726 755 726 707 726 706 726 670 727 670 727 669 727 662 732 644 727 643 727 642 727 641 727 622 733 602 728 601 728 565 728 564 728 563 728 541 734 533 728 532 728 531 728 530 728 488 734 463 728 462 728 461 728 446 734 427 731 427 731 378 736 378 756"/></Shape>
            <String CONTENT="qua ratione legitima fieri poſsit, eas augeamus." HPOS="378.0" VPOS="724.0" WIDTH="575.0" HEIGHT="43.0" WC="0.9917968908945719"/>
          </TextLine>
          <TextLine ID="line_23" TAGREFS="LT8" BASELINE="411 788 952 782" HPOS="411.0" VPOS="756.0" WIDTH="541.0" HEIGHT="45.0">
            <Shape><Polygon POINTS="411 788 411 797 454 801 455 801 483 797 492 796 497 797 511 800 512 800 513 800 514 800 518 797 520 796 951 796 952 782 950 764 917 764 905 756 904 756 903 756 869 764 865 764 860 764 820 757 819 757 818 757 806 761 753 758 752 758 727 764 716 766 701 766 699 764 694 760 694 759 693 759 692 759 642 759 641 759 641 759 632 764 629 765 625 764 613 760 612 760 611 760 610 760 602 764 596 767 564 767 551 764 542 761 541 761 540 761 539 761 539 761 534 764 527 768 496 768 489 764 486 761 485 761 485 761 484 761 483 761 478 764 468 768 448 764 438 761 437 761 411 763 411 788"/></Shape>
            <String CONTENT="Hoc loco ſunt abuſi Monachi, qui miſeriam" HPOS="411.0" VPOS="756.0" WIDTH="541.0" HEIGHT="45.0" WC="0.9968210894887041"/>
          </TextLine>
          <TextLine ID="line_24" TAGREFS="LT8" BASELINE="379 822 953 814" HPOS="378.0" VPOS="790.0" WIDTH="575.0" HEIGHT="44.0">
            <Shape><Polygon POINTS="379 822 379 830 428 834 429 834 430 834 444 830 448 829 448 830 452 833 452 833 453 833 454 834 493 834 493 833 494 833 502 830 506 828 526 829 569 832 570 832 619 829 653 826 674 828 695 830 696 830 697 830 706 828 716 826 741 828 760 830 761 830 786 828 830 824 843 827 845 828 846 828 847 828 952 826 953 814 950 790 888 793 850 791 833 790 832 790 831 790 827 791 811 797 758 793 757 793 757 793 756 793 748 798 729 793 725 792 724 792 724 792 719 793 696 798 682 793 679 793 679 793 678 793 661 793 567 801 408 802 403 797 402 797 402 796 401 796 400 796 399 796 378 797 379 822"/></Shape>
            <String CONTENT="&amp; paupertatem pro ſummo &amp; maximè homine" HPOS="378.0" VPOS="790.0" WIDTH="575.0" HEIGHT="44.0" WC="0.9869680166244507"/>
          </TextLine>
          <TextLine ID="line_25" TAGREFS="LT8" BASELINE="379 852 954 847" HPOS="378.0" VPOS="822.0" WIDTH="576.0" HEIGHT="41.0">
            <Shape><Polygon POINTS="379 852 379 861 617 863 618 863 639 861 660 859 685 861 703 863 704 863 705 863 706 863 708 861 714 858 720 861 721 862 722 862 723 863 786 863 786 862 797 861 829 857 905 860 906 860 907 860 917 856 953 860 954 847 952 828 914 822 913 822 913 822 899 827 835 823 835 823 834 823 823 828 822 828 820 828 789 823 788 823 767 828 763 829 758 828 735 824 734 824 697 828 684 830 609 830 607 829 604 826 603 826 602 826 601 826 600 826 590 829 583 831 547 831 543 829 540 826 539 826 539 826 538 826 526 829 515 831 378 830 379 852"/></Shape>
            <String CONTENT="Chriſtiano digno bono vouerũt. Tria ſunt enim" HPOS="378.0" VPOS="822.0" WIDTH="576.0" HEIGHT="41.0" WC="0.9916400429995164"/>
          </TextLine>
          <TextLine ID="line_26" TAGREFS="LT8" BASELINE="378 884 951 880" HPOS="378.0" VPOS="854.0" WIDTH="573.0" HEIGHT="43.0">
            <Shape><Polygon POINTS="378 884 378 892 443 897 444 897 475 892 477 892 488 892 633 896 634 896 660 891 666 890 669 891 682 895 683 895 683 895 684 895 696 891 699 890 706 891 740 895 740 895 788 890 802 889 806 890 820 894 821 894 822 894 951 889 951 880 950 859 860 854 859 854 795 855 794 855 794 855 787 859 786 860 777 859 744 856 744 856 721 859 711 861 704 859 689 856 688 856 658 860 642 862 639 860 635 857 634 857 633 857 597 856 596 856 596 856 588 860 584 862 577 860 564 857 563 857 563 857 562 857 561 857 557 860 552 863 496 863 493 860 489 858 489 857 489 857 488 857 487 857 472 860 457 863 429 860 403 858 402 858 378 860 378 884"/></Shape>
            <String CONTENT="Monachicarum religionum vota Obedientia," HPOS="378.0" VPOS="854.0" WIDTH="573.0" HEIGHT="43.0" WC="0.9841751471161843"/>
          </TextLine>
          <TextLine ID="line_27" TAGREFS="LT8" BASELINE="380 917 952 911" HPOS="379.0" VPOS="887.0" WIDTH="573.0" HEIGHT="43.0">
            <Shape><Polygon POINTS="380 917 380 925 441 930 442 930 477 925 489 925 492 925 501 929 502 929 502 929 503 929 510 925 514 925 521 925 542 929 543 929 543 929 551 925 555 924 566 925 582 929 583 929 598 925 609 924 641 925 674 928 675 928 676 928 677 928 679 925 683 924 687 925 691 928 692 928 693 928 694 928 699 925 706 922 713 925 716 927 716 927 717 927 725 925 741 923 754 925 761 927 761 927 773 925 805 921 835 925 839 926 840 926 845 925 880 921 894 925 895 925 896 926 951 926 952 911 950 893 908 887 878 887 877 887 876 887 876 887 868 892 866 893 860 892 816 888 815 888 752 888 751 888 742 892 738 894 730 892 708 888 707 888 707 888 706 888 701 892 699 894 696 892 692 889 691 889 691 889 690 889 689 889 676 892 666 896 619 896 572 896 566 892 563 890 562 890 561 890 560 890 533 891 532 891 531 891 530 892 524 897 463 897 452 892 451 892 450 892 449 892 445 892 419 897 406 892 404 892 403 892 403 892 379 892 380 917"/></Shape>
            <String CONTENT="Continenia, Paupertas. Sed etiam hoc eodem" HPOS="379.0" VPOS="887.0" WIDTH="573.0" HEIGHT="43.0" WC="0.99924227027666"/>
          </TextLine>
          <TextLine ID="line_28" TAGREFS="LT8" BASELINE="374 949 950 946" HPOS="373.0" VPOS="919.0" WIDTH="577.0" HEIGHT="39.0">
            <Shape><Polygon POINTS="374 949 374 958 950 956 950 946 949 921 921 919 921 919 902 921 881 925 862 922 841 919 840 919 819 922 802 925 798 923 794 920 794 920 793 920 765 920 764 920 763 920 762 920 758 923 757 925 752 923 740 920 740 920 739 920 738 920 728 924 722 925 704 924 685 922 684 922 649 925 621 926 617 925 608 921 607 921 606 921 605 921 604 921 600 925 597 927 538 927 534 925 516 921 515 921 514 921 514 921 513 921 508 925 487 921 486 921 485 921 475 926 473 927 471 926 452 921 452 921 451 921 450 921 449 921 442 927 441 928 400 928 400 927 387 921 386 921 386 921 385 921 373 926 374 949"/></Shape>
            <String CONTENT="loco abuſi ſunt &amp; abutuntur. Catabaptiſtæ, atq;" HPOS="373.0" VPOS="919.0" WIDTH="577.0" HEIGHT="39.0" WC="0.9963300748074309"/>
          </TextLine>
          <TextLine ID="line_29" TAGREFS="LT8" BASELINE="378 982 947 976" HPOS="377.0" VPOS="950.0" WIDTH="570.0" HEIGHT="45.0">
            <Shape><Polygon POINTS="378 982 378 990 436 995 436 995 437 995 448 991 534 994 535 994 536 994 537 994 541 990 543 989 947 989 947 976 946 957 901 950 901 950 877 954 872 950 871 950 870 950 869 950 868 950 860 954 838 950 837 950 836 950 818 957 817 957 815 957 769 954 769 954 739 958 736 958 735 958 728 951 727 951 726 951 703 951 702 951 701 951 700 951 692 958 691 959 678 959 676 958 670 953 670 952 670 952 669 952 621 952 621 952 620 952 608 958 604 959 596 958 568 953 567 953 533 954 532 954 531 954 526 958 523 960 518 958 504 954 503 954 502 954 473 958 457 961 449 958 438 955 437 955 436 955 436 955 423 958 416 961 410 958 399 954 398 954 397 954 377 958 378 982"/></Shape>
            <String CONTENT="Anabaptiſtę, ſed &amp; alijs ſimilibus locis ſcripturę." HPOS="377.0" VPOS="950.0" WIDTH="570.0" HEIGHT="45.0" WC="0.9768483177670892"/>
          </TextLine>
          <TextLine ID="line_30" TAGREFS="LT8" BASELINE="379 1013 951 1007" HPOS="378.0" VPOS="983.0" WIDTH="573.0" HEIGHT="45.0">
            <Shape><Polygon POINTS="379 1013 379 1028 469 1020 538 1026 539 1026 578 1020 641 1024 641 1024 642 1024 659 1019 866 1023 867 1023 868 1023 868 1023 877 1016 891 1021 892 1021 950 1022 951 1007 950 987 884 983 884 983 883 983 882 983 875 987 874 988 873 987 864 983 863 983 803 983 802 983 802 983 790 988 786 991 753 991 748 988 737 984 736 984 736 984 715 989 704 991 666 991 662 989 654 985 653 985 652 985 630 989 618 992 576 992 572 990 564 986 563 986 563 986 539 987 539 987 538 987 533 990 529 992 499 990 458 987 457 987 440 991 427 993 419 991 408 987 407 987 407 987 378 991 379 1013"/></Shape>
            <String CONTENT="Nam hos arripiunt, vt doceant homini Chriſtia¬" HPOS="378.0" VPOS="983.0" WIDTH="573.0" HEIGHT="45.0" WC="0.9919160798839901"/>
          </TextLine>
          <TextLine ID="line_31" TAGREFS="LT8" BASELINE="378 1047 951 1040" HPOS="377.0" VPOS="1016.0" WIDTH="574.0" HEIGHT="45.0">
            <Shape><Polygon POINTS="378 1047 378 1055 394 1061 395 1061 395 1061 487 1059 488 1059 499 1055 505 1053 546 1053 551 1055 563 1059 564 1059 565 1059 566 1059 567 1059 567 1058 571 1055 573 1053 592 1055 620 1058 621 1058 621 1058 628 1055 633 1052 639 1055 640 1055 641 1055 641 1055 647 1055 700 1051 788 1055 819 1056 820 1056 821 1056 825 1055 844 1049 863 1055 864 1055 865 1055 866 1055 874 1055 928 1050 950 1054 951 1040 950 1021 888 1016 888 1016 887 1016 876 1021 864 1017 864 1017 863 1017 837 1022 823 1016 823 1016 822 1016 821 1016 801 1023 800 1024 716 1024 703 1024 679 1019 678 1019 677 1019 676 1019 676 1020 670 1024 658 1021 658 1021 657 1021 505 1026 469 1021 468 1021 432 1027 387 1023 386 1023 386 1023 377 1027 378 1047"/></Shape>
            <String CONTENT="no non licere quicquam ſuum aut priuatum ha¬" HPOS="377.0" VPOS="1016.0" WIDTH="574.0" HEIGHT="45.0" WC="0.9932798716154966"/>
          </TextLine>
          <TextLine ID="line_32" TAGREFS="LT8" BASELINE="378 1077 950 1073" HPOS="377.0" VPOS="1048.0" WIDTH="573.0" HEIGHT="42.0">
            <Shape><Polygon POINTS="378 1077 378 1088 419 1090 420 1090 427 1088 443 1085 461 1088 472 1090 473 1090 487 1088 516 1084 522 1088 522 1089 523 1089 524 1089 525 1090 546 1090 546 1089 547 1089 547 1089 548 1088 553 1084 570 1087 573 1088 574 1088 575 1088 577 1087 595 1083 631 1087 639 1088 640 1088 645 1087 665 1082 681 1087 682 1087 683 1087 683 1087 686 1087 710 1082 752 1087 758 1087 759 1087 767 1086 818 1081 851 1086 854 1086 855 1086 857 1086 888 1081 949 1086 950 1073 948 1050 889 1053 884 1050 881 1048 880 1048 880 1048 879 1048 878 1048 874 1050 869 1053 851 1050 835 1048 834 1048 815 1051 787 1054 774 1051 765 1048 765 1048 764 1048 763 1048 762 1048 759 1051 753 1055 736 1051 726 1049 725 1049 706 1052 676 1055 671 1052 668 1049 667 1049 666 1049 666 1049 665 1049 659 1052 650 1057 567 1057 552 1053 546 1051 545 1051 475 1051 474 1051 473 1051 473 1051 470 1053 466 1056 456 1053 451 1052 450 1052 449 1052 448 1052 444 1053 434 1057 377 1054 378 1077"/></Shape>
            <String CONTENT="bere &amp; poſsidere, ne φιλοπλεσία alatur inter nos" HPOS="377.0" VPOS="1048.0" WIDTH="573.0" HEIGHT="42.0" WC="0.9777252491639585"/>
          </TextLine>
          <TextLine ID="line_33" TAGREFS="LT8" BASELINE="378 1110 950 1104" HPOS="378.0" VPOS="1078.0" WIDTH="572.0" HEIGHT="45.0">
            <Shape><Polygon POINTS="378 1110 378 1123 664 1116 713 1121 717 1121 718 1121 721 1121 757 1115 788 1120 790 1120 790 1120 792 1120 831 1114 844 1119 845 1119 846 1119 847 1119 860 1114 870 1118 871 1118 872 1118 872 1118 886 1114 949 1118 950 1104 950 1086 930 1078 929 1078 898 1078 897 1078 897 1078 876 1087 853 1087 839 1080 839 1080 838 1080 837 1080 828 1084 795 1081 794 1081 794 1081 781 1087 771 1081 770 1081 769 1081 769 1081 768 1081 767 1081 759 1088 665 1088 643 1081 642 1081 641 1081 641 1081 625 1089 576 1082 575 1082 520 1090 505 1083 504 1083 503 1083 478 1087 469 1083 468 1083 467 1083 466 1083 465 1083 460 1087 450 1083 449 1083 448 1083 448 1083 447 1083 440 1089 423 1084 422 1084 421 1084 420 1084 419 1084 419 1085 414 1090 399 1084 398 1084 397 1084 396 1084 378 1091 378 1110"/></Shape>
            <String CONTENT="Quòd ſi ſit communio bonorum inter nos, ceſſa¬" HPOS="378.0" VPOS="1078.0" WIDTH="572.0" HEIGHT="45.0" WC="0.9936757531571896"/>
          </TextLine>
          <TextLine ID="line_34" TAGREFS="LT8" BASELINE="378 1143 951 1138" HPOS="377.0" VPOS="1114.0" WIDTH="574.0" HEIGHT="37.0">
            <Shape><Polygon POINTS="378 1143 378 1151 951 1147 951 1138 950 1119 941 1114 940 1114 939 1114 854 1119 760 1115 759 1115 722 1120 597 1117 596 1117 596 1117 595 1117 590 1121 386 1119 385 1119 384 1119 377 1123 378 1143"/></Shape>
            <String CONTENT="turum contendunt hoc omne ſtudium &amp; turpem" HPOS="377.0" VPOS="1114.0" WIDTH="574.0" HEIGHT="37.0" WC="0.9992803803512028"/>
          </TextLine>
          <TextLine ID="line_35" TAGREFS="LT8" BASELINE="379 1176 949 1168" HPOS="378.0" VPOS="1144.0" WIDTH="571.0" HEIGHT="55.0">
            <Shape><Polygon POINTS="379 1176 379 1190 403 1199 403 1199 404 1199 432 1195 501 1198 502 1198 502 1198 520 1188 521 1188 538 1195 539 1195 539 1195 540 1195 559 1190 584 1196 585 1196 586 1196 587 1196 597 1189 627 1191 628 1191 629 1191 639 1187 641 1187 641 1187 655 1191 656 1191 657 1191 677 1188 694 1196 695 1196 695 1196 696 1196 731 1187 763 1194 764 1195 820 1195 820 1194 821 1194 838 1186 860 1186 869 1193 870 1193 871 1193 872 1193 872 1193 903 1184 905 1184 949 1184 949 1168 947 1149 864 1144 863 1144 862 1144 851 1149 833 1144 832 1144 831 1144 805 1150 803 1151 734 1151 733 1151 726 1146 725 1146 724 1146 724 1146 723 1146 722 1146 716 1151 716 1151 714 1151 683 1147 683 1147 662 1151 659 1151 657 1151 637 1147 636 1147 635 1147 625 1151 623 1152 616 1151 584 1147 583 1147 582 1147 569 1152 565 1153 560 1152 543 1148 543 1148 542 1148 528 1152 524 1153 507 1152 441 1149 440 1149 423 1153 415 1155 409 1153 393 1150 392 1150 391 1150 378 1153 379 1176"/></Shape>
            <String CONTENT="cupiditatem direſcendi, cùm tunc nihil ſit pro¬" HPOS="378.0" VPOS="1144.0" WIDTH="571.0" HEIGHT="55.0" WC="0.9901594705879688"/>
          </TextLine>
        </TextBlock>
        <TextBlock HPOS="892.5455932617188" VPOS="1177.52392578125" WIDTH="59.5419921875" HEIGHT="43.1929931640625" ID="block_5" TAGREFS="BT17">
          <Shape><Polygon POINTS="892.546 1177.52 952.088 1177.52 952.088 1220.72 892.546 1220.72 892.546 1177.52"/></Shape>
          <TextLine ID="line_36" TAGREFS="LT8" BASELINE="894 1203 957 1205" HPOS="893.0" VPOS="1171.0" WIDTH="64.0" HEIGHT="51.0">
            <Shape><Polygon POINTS="894 1203 893 1222 956 1214 957 1205 957 1178 927 1171 926 1171 925 1171 925 1171 913 1178 912 1178 894 1178 894 1203"/></Shape>
            <String CONTENT="priè" HPOS="893.0" VPOS="1171.0" WIDTH="64.0" HEIGHT="51.0" WC="0.9970561504364014"/>
          </TextLine>
        </TextBlock>
      </PrintSpace>
    </Page>
  </Layout>
</alto>
