1000 1448
580.0 81.0 48.0 45.0 417

236.0 90.0 190.0 19.0 CAPVT VI.

56.0 102.0 577.0 54.0 Chriſtianus eſſet factus: imò verò ad dominum

55.0 143.0 577.0 44.0 ſuum remittit. Hæc autem ſecunda ratio tanti

54.0 172.0 577.0 50.0 momenti etiam inter Chriſtianos viſa eſt, vt ſæ¬

56.0 207.0 574.0 44.0 pè canonibus Synodorum fuerit ſancitum, ne

56.0 237.0 574.0 47.0 quis ſeruus, aut addictus alteri, veluti curialis, aut

53.0 271.0 577.0 45.0 cliens, inuito domino, aut patrono ad clericatum

53.0 304.0 576.0 44.0 admitteretur, ne ius cuiquam ſuum prætextu re¬

53.0 335.0 576.0 47.0 ligionis & cultus Dei eriperetur. Eſt in canoni¬

53.0 368.0 576.0 45.0 bus Apoſtolorum. Eſt etiam in canone Præſenti

53.0 399.0 575.0 48.0 & ſeq. vel potius in tota diſtinct.54. Illud tantùm

50.0 448.0 578.0 36.0 ſuit obreruatum, vt qui Audæis leruiebant, ſi

50.0 466.0 577.0 46.0 Chriſtiani fieri vellent, poſſent redimi ab inui¬

49.0 497.0 576.0 48.0 tis dominis, quod in odium Iudæorum maximè

47.0 529.0 215.0 43.0 fuit conſtitutum.

78.0 560.0 547.0 50.0 Ex hoc autem loco manifeſtiſſimè & pulcher.

45.0 593.0 580.0 51.0 rimè refutatur Anabaptiſtarũ & Αʹτάκλων omniũ

45.0 628.0 576.0 50.0 inſania, qui Magiſtratus de Eccleſia Chriſtiana

45.0 663.0 576.0 47.0 tollunt, tanquam Magiſtratuũ poteſtas ſit & E¬

45.0 692.0 575.0 51.0 uangelicæ doctrinæ, & Chriſtianæ libertati non

45.0 727.0 574.0 48.0 modò repugnans: ſed omnino contraria. Atqui

43.0 758.0 577.0 48.0 aliud docet hoc loco Paulus, Doctrinam ipſam

41.0 795.0 577.0 44.0 Euangelij nimirum blaſphemari, & meritò im¬

41.0 824.0 576.0 48.0 probari, ſi per eam dicantur tolli & peruerti iura

41.0 856.0 572.0 48.0 politica, confundi rerum dominia, & ius ſuum

41.0 888.0 575.0 48.0 cuiquam eripi. Neque Enim euangelium tollit

41.0 920.0 576.0 50.0 humanas politias, quin imò eas confirmat & ſan¬

40.0 950.0 50.0 40.0 cit.

69.0 985.0 546.0 47.0 Afferunt obſtinati homines duos Scripturæ

39.0 1016.0 574.0 52.0 locos, è quibus primus eſt is, qui 1. Corinth.7. V.

39.0 1049.0 575.0 49.0 23 Nolite fieri ſerui hominum. Secundus autem

42.0 1081.0 569.0 47.0 qui eſt Ioan.8. verſ.32.36. Veritas vos liberauit.

39.0 1114.0 575.0 50.0 Ad quorum vtrunque vna hæc reſponſio ſatis eſt

37.0 1151.0 575.0 50.0 nimirum eos confundere diuina cum terrenis

433.0 1186.0 54.0 58.0 D.j
