1000 1448
583.0 105.0 50.0 46.0 291

232.0 115.0 178.0 27.0 CAPVT. V.

57.0 131.0 578.0 56.0 partem indicunt. Deinde, quòd in eo ipſo cultũ

56.0 168.0 577.0 52.0 Dei ſitum eſſe contendunt. Tertiò quòd in iis

57.0 217.0 579.0 35.0 plis à Patrum conſuetudine receſſerunt, & à me¬

55.0 234.0 578.0 52.0 liori more in Eccleſia iam recepto & inueterato.

89.0 269.0 544.0 47.0 Quod vt melius intelligatur, rem totam fuſius

52.0 297.0 577.0 50.0 ſic explico. Cùm κακοζηλία quadam homines o¬

53.0 332.0 579.0 51.0 mnia quæ Apoſtolorum temporibus obſeruata

50.0 362.0 578.0 54.0 fuerant, ſibi putarent imitanda, neque locorum,

51.0 397.0 578.0 49.0 neque temporum, neque rerum diſſimilium ra¬

52.0 427.0 578.0 51.0 tionem haberent, etiam & ipſi ſuas Diaconiſſas

49.0 462.0 581.0 49.0 retinere præciſè voluerunt. Sed cùm poſteriori¬

48.0 493.0 579.0 53.0 bus temporibus & mutatis circunſtantijs earum

45.0 531.0 581.0 45.0 nullum in Eccleſia vſum eſſe cernerent, magno

45.0 558.0 580.0 48.0 Eccleſiæ malo, magnóque conſcientiarum detri¬

45.0 588.0 580.0 55.0 mento peſsima tamen eius ordinis inſtituendi

44.0 623.0 217.0 39.0 ratio reperta eſt.

74.0 653.0 552.0 56.0 Inſtigabant virgines Chriſtianas quidam E¬

43.0 687.0 582.0 54.0 piſcopi, vt ſe Deo dicarent, atque, vt illi loque¬

41.0 717.0 584.0 56.0 bantur, conſecrarent. Deinde vt in ſignum iſtius

40.0 752.0 587.0 54.0 conſecrationis ſe velo, tanquam caſtitatis & ve¬

38.0 785.0 584.0 50.0 recundiæ teſtimonio, ſemper tegerent, & obnu¬

38.0 816.0 583.0 51.0 bilarent. Quod ex Pauli conſilio facere ſe & iu¬

37.0 847.0 583.0 53.0 bere iactitabant 1I.Corinth.11. Hinc variæ Hiero¬

34.0 879.0 585.0 59.0 nymi, Auguſtini, Ambroſij, Fulgentij epiſtolæ ad

36.0 915.0 587.0 55.0 varias virgines ſcriptæ, quia etiam ante ætatem

33.0 946.0 584.0 54.0 horum omnium huiuſmodi votunii ni magno a¬

34.0 978.0 579.0 54.0 pud Eccleſiam pretio iam haberetur. Tamen, vt

32.0 1012.0 582.0 53.0 ex iiſdem ſcriptoribus apparet, & imprimis ex

34.0 1040.0 580.0 56.0 Cypriano & Tertulliano in lib. de cultu & habi¬

30.0 1078.0 584.0 50.0 tu virginum, hoc totum voti genus etiam conce¬

31.0 1110.0 583.0 53.0 ptum & nuncupatum adhuc liberum erat. In pri¬

29.0 1142.0 582.0 50.0 uatis enim parentum vel cognatorum ædibus

28.0 1171.0 582.0 63.0 huiuſmodi virgines, quæ ſanctæ vel conſecratæ

435.0 1216.0 50.0 51.0 t.ij.
