1000 1448
386.0 90.0 40.0 32.0 42

502.0 74.0 370.0 41.0 AD I. I’AVL. AD TIM.

403.0 106.0 545.0 50.0 Roma. 1o. verſ. 15 Quomodo prædicabunt, ni¬

374.0 144.0 185.0 43.0 ſi miſſi fuerint.

400.0 172.0 551.0 46.0 1.Timoth.4. ver.14. Ne negligitodonum quod

373.0 214.0 577.0 36.0 mte eſt, quõd eit tibi datum ad prophetandũ per

372.0 239.0 434.0 43.0 impoſitionem manuum Preſbyterij.

411.0 273.0 539.0 44.0 Tit. I. verſ.5. Idcirco reliqui te, vt oppidatim

372.0 304.0 283.0 38.0 conſtituas Preſbyteros.

397.0 337.0 547.0 42.0 Denique infiniti penè ſunt loci his ſimiles,

374.0 370.0 576.0 41.0 quos illi ſtudioſè collegerunt, qui de ea re com¬

373.0 405.0 577.0 40.0 munes locos ſcripſerũt: nos autem ſumma tantũ

372.0 435.0 579.0 48.0 rerum faſtigia ſequimur, & carpimus, vt ſimus

374.0 485.0 131.0 25.0 oieulores.

405.0 499.0 547.0 44.0 Ratio verò, cur ſine legitima vocatione præ¬

375.0 534.0 578.0 39.0 cedente nemo bona conſcientia vllo munere

374.0 563.0 468.0 42.0 eccleſiaſtico fungi poſsit, eſt multiplex.

390.0 600.0 563.0 38.0 Prima, quod in ecciena Der omnia fieri ordine

372.0 629.0 579.0 41.0 certáque ratione, & decenter debeant 1. Corint.

373.0 660.0 581.0 43.0 14. Ergo nemo pro animi ſui libito hanc vel illã

375.0 694.0 577.0 42.0 dignitatem ſibi in eccleſia ſumere debebit, quia

373.0 726.0 490.0 41.0 hæc eſt ſumma ἀταξία & rerum confuſio.

407.0 756.0 547.0 42.0 Secunda. Quòd in veteri eccleſia, quæ Chriſti

373.0 790.0 580.0 42.0 aduentum præceſſit, nemo niſi ex Deo vocante

373.0 823.0 579.0 38.0 & præcepto munus habuit: In ea etiam eccle¬

372.0 861.0 581.0 34.0 lla, qua Emfitus per euaiigeij prædicationem

374.0 888.0 579.0 40.0 inſtaurauit, Apoſtoli ipſi à Chriſto vocati ſunt.

373.0 920.0 580.0 41.0 Ergo præter & legalis, & Euangelicę eecleſię for

374.0 955.0 580.0 39.0 mam, præcepta, & inſtituta ideſt præter ipſum

374.0 985.0 579.0 39.0 Dei verbum in munere aliquo verſantur, qui il¬

374.0 1016.0 580.0 45.0 lud citra vocationem vllam legitimam vſurpãt,

374.0 1051.0 273.0 32.0 & in eccleſia exercent.

411.0 1078.0 543.0 45.0 Tertia. Neque Moſes, & Aaron, neq; Apoſto¬

373.0 1112.0 585.0 44.0 liac ne Chriſtus quidem ipſe quanquam Dei fi¬

373.0 1147.0 581.0 66.0 lius, niſi prius legitimè vocatus, munus ſibi aſſum¬

896.0 1180.0 56.0 54.0 Pſit
