1000 1448
389.0 72.0 479.0 47.0 462 AD I. PAVLS AD TIM.

416.0 152.0 544.0 39.0 1 Iuſtitia eſt totius vitæ noſtræ recta & cõ¬

383.0 182.0 578.0 42.0 ſentanea Dei verbo inſtitutio, cuius partes poſt¬

384.0 216.0 577.0 43.0 ea recenſentur. Ratione quidem Dei, Pietas, &

384.0 246.0 574.0 44.0 Fides. Ratione autem hominum, Charitas, cui

382.0 278.0 576.0 46.0 famulantur & ſubſeruiunt Patientia, & Manſue¬

382.0 311.0 579.0 46.0 tudo. Alij malunt referre has virtutes ad pietatẽ,

384.0 353.0 574.0 36.0 pro qua cum multa lint nobis toleranda, Patien¬

383.0 378.0 574.0 46.0 tia & Lenitate eſt nobis opus. Nos noſtram po¬

382.0 412.0 329.0 40.0 tius ſententiam retinemus.

414.0 442.0 544.0 46.0 e Pietas Dei verum cultum habet, illíque

381.0 474.0 450.0 44.0 exhibet, cuius fundamentum eſt fides.

416.0 515.0 20.0 31.0 3

444.0 509.0 510.0 42.0 Fides eſt Dei non quædam ſimplex & ve¬

378.0 544.0 576.0 38.0 ratamen notitia, ſed plena animi certitudo ſiue

382.0 572.0 574.0 45.0 πληροφορία, id eſt, in Deum fiducia, quæ ſibi Dei

380.0 612.0 574.0 37.0 promiſiones, chritique beneficia ex certiſſimo

378.0 636.0 426.0 44.0 Spiritus ſancti teſtimonio applicat.

408.0 669.0 547.0 44.0 4 Charitas ſpectat hoc loco proximos, &

374.0 700.0 580.0 48.0 noſtrum erga eos affectum atque officium. Huic

374.0 733.0 156.0 38.0 ſubſeruiunt.

413.0 768.0 14.0 38.0 5

445.0 765.0 507.0 46.0 Tolerantia, quæ in malis iniuriíſque leni¬

373.0 799.0 579.0 47.0 ter perferendis poſita eſt, ne propterea charita¬

374.0 831.0 324.0 37.0 tis vinculum abrumpamus.

409.0 864.0 541.0 45.0 6 Item lenitas animi, quæ faciles nos, affa¬

372.0 895.0 580.0 47.0 biles, &, vt ita loquar, omnibus acceſſibiles facit,

373.0 927.0 577.0 47.0 Itémque faciles ad condonandam acceptam in¬

371.0 960.0 577.0 47.0 iuriam. Itaque ferè ſeſe comitantur hæ virtutes,

372.0 992.0 575.0 48.0 de quibus quid quantúmque differant. lib.3. E¬

371.0 1024.0 554.0 48.0 thices Chriſtianæ à nobis conſcriptæ diximus.

422.0 1058.0 525.0 47.0 Opponit autem has omnes virtutes tum cõ¬

367.0 1090.0 581.0 47.0 temptui Dei, tum iniurijs, conuitijs, & bonorũ

367.0 1124.0 579.0 48.0 rapinis, quibus pleni ſunt & auari, & mathæolo¬

368.0 1156.0 155.0 52.0 gi doctores.

850.0 1193.0 93.0 44.0 Neque

386.0 124.0 552.0 37.0 dix auaritia) ſed ex his aliquot tantum, veluti.
