1000 1448
282.0 61.0 190.0 49.0 CAPVT VI.

73.0 115.0 228.0 33.0 lus Galat.6.verſ.I.

603.0 69.0 41.0 46.0 433

103.0 137.0 542.0 44.0 Deinde obiicitur nobis quod non dixit Pau¬

71.0 171.0 575.0 40.0 lus occide illum, trade magiſtratui puniendum:ſed

71.0 208.0 575.0 35.0 tantùm remoue eum abs te:vel, vt maxima pœna

70.0 238.0 575.0 39.0 ſtatuatur, excommunica eum. Itaque ex hoc lo¬

71.0 270.0 575.0 39.0 co negant hæreticos à magiſtratibus puniendos

71.0 301.0 572.0 40.0 eſſe. Reſpondemus verò ad vtrunque ſuperiùs

71.0 333.0 571.0 39.0 obiectum. Ac quidem ad primum, loqui Paulum

71.0 366.0 575.0 41.0 de ijs hominibus, pro quibus conuertendis, & ab

69.0 397.0 577.0 42.0 errore reuocandis omnia ſint prius tentata, & ſu¬

69.0 430.0 577.0 39.0 ſcepta: ſed qui obſtinati nihilominus manent,

71.0 461.0 576.0 44.0 quòd pietatem quęſtui habeant, sint que auariſſi¬

69.0 495.0 577.0 35.0 mi mortalium. Itaque hæc ſententia & cenſura

69.0 526.0 577.0 42.0 Pauli præſupponit nos omnibus alijs, & mitiori¬

68.0 558.0 577.0 42.0 bus quidẽ remedijs, vſos eſſe priuſquam ad hoc

69.0 592.0 574.0 41.0 extremum, id eſt, ad vrendum & ſecandum ac¬

69.0 631.0 128.0 32.0 cedamus.

102.0 654.0 539.0 42.0 Quod autem ſpectat ad ſecundum obiectum,

71.0 691.0 572.0 40.0 quòd Paulus iſtos ad magiſtratum non remittit

69.0 722.0 572.0 42.0 coercẽdos, ratio eſt, quia hoc loto de officio ma¬

69.0 755.0 572.0 43.0 giſtratus non agit, neque quod ſit eorum mu¬

66.0 786.0 575.0 42.0 nus præſcribit, cùm ſatis ſup. cap.2.verſ2. & Rom

66.0 822.0 576.0 39.0 13. docuerit curam veræ pietatis, atque ſynceræ

66.0 852.0 577.0 41.0 doctrinæ tuendæ ad magiſtratus quoque perti¬

65.0 884.0 576.0 41.0 nere. Sed hîc tantùm agit de officio Timothei,

66.0 915.0 578.0 42.0 id eſt, paſtorum. Neque quòd de eo nihil addit

65.0 948.0 578.0 43.0 iam Paulus, probat eos plecti à magiſtratu ciui¬

66.0 984.0 577.0 38.0 li pœna vel non poſſe, vel non debere, non plus

69.0 1012.0 574.0 42.0 quàm quòd ebrios, adulteros, furaces, &c. in 1.

69.0 1045.0 574.0 42.0 Cor.6.ad magiſtratum non remittẽs Paulus non

68.0 1076.0 573.0 39.0 demõſtrat huiuſmodi improbos homines caſti¬

68.0 1108.0 576.0 43.0 gari à ciuili magiſtratu in Dei Eccleſia vel non

69.0 1141.0 573.0 49.0 poſſe, vel nõ debere. Sed etiã hæc altera reſpõſio

458.0 1173.0 73.0 48.0 2 E.j.
