<?xml version='1.0' encoding='UTF-8'?>
<alto xmlns:xsi="http://www.w3.org/2001/XMLSchema-instance" xmlns="http://www.loc.gov/standards/alto/ns-v4#" xsi:schemaLocation="http://www.loc.gov/standards/alto/ns-v4# http://www.loc.gov/standards/alto/v4/alto-4-2.xsd">
  <Description>
    <MeasurementUnit>pixel</MeasurementUnit>
    <sourceImageInformation>
      <fileName>2013217.jpeg</fileName>
    </sourceImageInformation>
  </Description>
  <Tags>
    <OtherTag ID="BT7" LABEL="CustomZone" DESCRIPTION="block type CustomZone"/><OtherTag ID="BT8" LABEL="DamageZone" DESCRIPTION="block type DamageZone"/><OtherTag ID="BT9" LABEL="DigitizationArtefactZone" DESCRIPTION="block type DigitizationArtefactZone"/><OtherTag ID="BT10" LABEL="DropCapitalZone" DESCRIPTION="block type DropCapitalZone"/><OtherTag ID="BT11" LABEL="GraphicZone" DESCRIPTION="block type GraphicZone"/><OtherTag ID="BT12" LABEL="MainZone" DESCRIPTION="block type MainZone"/><OtherTag ID="BT13" LABEL="MarginTextZone" DESCRIPTION="block type MarginTextZone"/><OtherTag ID="BT14" LABEL="MusicZone" DESCRIPTION="block type MusicZone"/><OtherTag ID="BT15" LABEL="NumberingZone" DESCRIPTION="block type NumberingZone"/><OtherTag ID="BT17" LABEL="QuireMarksZone" DESCRIPTION="block type QuireMarksZone"/><OtherTag ID="BT18" LABEL="RunningTitleZone" DESCRIPTION="block type RunningTitleZone"/><OtherTag ID="BT19" LABEL="SealZone" DESCRIPTION="block type SealZone"/><OtherTag ID="BT20" LABEL="StampZone" DESCRIPTION="block type StampZone"/><OtherTag ID="BT21" LABEL="TableZone" DESCRIPTION="block type TableZone"/><OtherTag ID="BT22" LABEL="TitlePageZone" DESCRIPTION="block type TitlePageZone"/><OtherTag ID="BT3407" LABEL="MainZone-Continued" DESCRIPTION="block type MainZone-Continued"/><OtherTag ID="BT3408" LABEL="MainZone-P" DESCRIPTION="block type MainZone-P"/><OtherTag ID="BT3409" LABEL="MainZone-Head" DESCRIPTION="block type MainZone-Head"/><OtherTag ID="BT3410" LABEL="MainZone-Other" DESCRIPTION="block type MainZone-Other"/><OtherTag ID="BT3411" LABEL="MainZone-Sp" DESCRIPTION="block type MainZone-Sp"/><OtherTag ID="BT3417" LABEL="MainZone-Sp-Continued" DESCRIPTION="block type MainZone-Sp-Continued"/><OtherTag ID="BT3418" LABEL="GraphicZone-Decoration" DESCRIPTION="block type GraphicZone-Decoration"/><OtherTag ID="BT3419" LABEL="MainZone-Entry" DESCRIPTION="block type MainZone-Entry"/><OtherTag ID="BT3420" LABEL="MainZone-Lg" DESCRIPTION="block type MainZone-Lg"/><OtherTag ID="BT3421" LABEL="MainZone-Entry-Continued" DESCRIPTION="block type MainZone-Entry-Continued"/><OtherTag ID="BT3422" LABEL="MarginTextZone-ManuscriptAddendum" DESCRIPTION="block type MarginTextZone-ManuscriptAddendum"/><OtherTag ID="BT3423" LABEL="MainZone-List" DESCRIPTION="block type MainZone-List"/>
    <OtherTag ID="LT7" LABEL="CustomLine" DESCRIPTION="line type CustomLine"/><OtherTag ID="LT8" LABEL="DefaultLine" DESCRIPTION="line type DefaultLine"/><OtherTag ID="LT9" LABEL="DropCapitalLine" DESCRIPTION="line type DropCapitalLine"/><OtherTag ID="LT10" LABEL="HeadingLine" DESCRIPTION="line type HeadingLine"/><OtherTag ID="LT11" LABEL="InterlinearLine" DESCRIPTION="line type InterlinearLine"/><OtherTag ID="LT12" LABEL="MusicLine" DESCRIPTION="line type MusicLine"/>
  </Tags>
  <Layout>
    <Page WIDTH="1000" HEIGHT="1448" PHYSICAL_IMG_NR="213" ID="eSc_dummypage_">
      <PrintSpace HPOS="0" VPOS="0" WIDTH="1000" HEIGHT="1448">
        <TextBlock HPOS="242.3306884765625" VPOS="84.09158325195312" WIDTH="176.33114624023438" HEIGHT="39.094276428222656" ID="block_1" TAGREFS="BT18">
          <Shape><Polygon POINTS="242.331 84.0916 418.662 84.0916 418.662 123.186 242.331 123.186 242.331 84.0916"/></Shape>
          <TextLine ID="line_1" TAGREFS="LT8" BASELINE="242 111 416 112" HPOS="242.0" VPOS="105.0" WIDTH="174.0" HEIGHT="20.0">
            <Shape><Polygon POINTS="411 105 403 105 395 105 387 105 379 105 371 105 363 105 355 105 347 105 339 105 331 105 323 105 315 105 307 105 299 105 291 105 283 105 275 105 267 105 259 105 251 105 242 105 242 111 242 119 247 124 248 124 249 124 250 124 272 121 329 125 330 125 415 119 416 112 416 105 411 105"/></Shape>
            <String CONTENT="CARVIVe," HPOS="242.0" VPOS="105.0" WIDTH="174.0" HEIGHT="20.0" WC="0.8781931325793266"/>
          </TextLine>
        </TextBlock>
        <TextBlock HPOS="55.185768127441406" VPOS="130.52255249023438" WIDTH="573.5608139038086" HEIGHT="94.53048706054688" ID="block_2" TAGREFS="BT3407">
          <Shape><Polygon POINTS="55.1858 130.523 628.747 130.523 628.747 225.053 55.1858 225.053 55.1858 130.523"/></Shape>
          <TextLine ID="line_2" TAGREFS="LT8" BASELINE="59 148 296 150 633 160" HPOS="58.0" VPOS="122.0" WIDTH="575.0" HEIGHT="50.0">
            <Shape><Polygon POINTS="58 159 109 156 135 161 143 162 144 162 144 162 148 161 164 156 176 161 179 162 180 162 181 162 186 161 213 157 275 162 320 166 320 166 337 163 353 160 370 164 393 168 394 168 430 164 445 163 460 164 502 170 604 172 604 172 633 166 633 160 633 139 588 134 588 134 547 136 534 137 528 136 495 127 494 127 404 126 403 126 403 126 389 130 376 126 375 126 374 126 350 131 340 132 334 130 320 123 319 123 268 123 267 123 267 123 256 127 253 129 238 127 222 125 222 125 221 125 218 127 213 129 208 126 205 124 205 124 204 124 203 124 202 124 197 126 185 129 75 127 60 122 59 148 58 159"/></Shape>
            <String CONTENT="que canones conſtituit omnino &amp; ſemper ec¬" HPOS="58.0" VPOS="122.0" WIDTH="575.0" HEIGHT="50.0" WC="0.9954263284092858"/>
          </TextLine>
          <TextLine ID="line_3" TAGREFS="LT8" BASELINE="54 180 328 183 632 192" HPOS="53.0" VPOS="161.0" WIDTH="579.0" HEIGHT="43.0">
            <Shape><Polygon POINTS="505 182 497 182 489 182 481 182 473 182 464 182 456 182 448 182 440 182 432 182 423 182 415 182 407 182 399 182 391 182 383 182 375 182 367 182 359 182 351 182 343 182 335 182 327 182 319 182 311 182 303 182 295 182 288 181 279 181 271 181 263 181 255 181 247 181 239 181 231 181 223 181 215 181 206 181 198 181 190 181 182 181 174 181 166 181 158 181 154 166 151 163 149 161 148 161 148 161 54 161 54 180 53 189 271 197 271 197 288 194 293 193 300 194 330 199 331 199 362 195 367 195 369 196 377 200 378 200 378 200 396 196 399 196 403 196 444 201 444 201 466 197 467 197 468 197 482 202 483 202 558 204 559 204 631 200 632 192 629 173 622 178 611 173 606 171 605 171 512 168 511 168 510 168 510 168 509 168 505 182"/></Shape>
            <String CONTENT="cleſię necenarios;i inouo cam recte adminiſtra¬" HPOS="53.0" VPOS="161.0" WIDTH="579.0" HEIGHT="43.0" WC="0.9750893500943979"/>
          </TextLine>
          <TextLine ID="line_4" TAGREFS="LT8" BASELINE="53 213 218 214" HPOS="53.0" VPOS="187.0" WIDTH="165.0" HEIGHT="43.0">
            <Shape><Polygon POINTS="53 213 53 222 75 230 76 230 77 230 78 230 78 230 87 224 99 230 100 230 101 230 127 226 148 230 148 230 149 230 150 230 157 226 188 228 189 228 217 223 218 214 218 194 204 189 203 189 202 189 185 193 178 188 177 188 176 188 161 188 160 188 160 188 159 188 153 193 152 194 139 194 138 193 132 188 132 187 131 187 131 187 130 187 129 187 116 192 114 193 111 192 95 187 94 187 94 187 93 187 84 191 81 193 53 191 53 213"/></Shape>
            <String CONTENT="re ipſi velint." HPOS="53.0" VPOS="187.0" WIDTH="165.0" HEIGHT="43.0" WC="0.9985221068064372"/>
          </TextLine>
          <TextLine ID="line_5" TAGREFS="LT8" BASELINE="546 223 620 226" HPOS="545.0" VPOS="201.0" WIDTH="75.0" HEIGHT="35.0">
            <Shape><Polygon POINTS="546 223 545 236 619 235 620 226 620 201 546 206 546 223"/></Shape>
            <String CONTENT="101100" HPOS="545.0" VPOS="201.0" WIDTH="75.0" HEIGHT="35.0" WC="0.8844799548387527"/>
          </TextLine>
        </TextBlock>
        <TextBlock HPOS="50.56060791015625" VPOS="226.5192413330078" WIDTH="580.7785034179688" HEIGHT="257.6631317138672" ID="block_3" TAGREFS="BT3408">
          <Shape><Polygon POINTS="50.5606 226.519 631.339 226.519 631.339 484.182 50.5606 484.182 50.5606 226.519"/></Shape>
          <TextLine ID="line_6" TAGREFS="LT8" BASELINE="88 246 629 258" HPOS="87.0" VPOS="219.0" WIDTH="542.0" HEIGHT="50.0">
            <Shape><Polygon POINTS="506 235 505 230 493 225 493 225 492 225 491 225 472 232 471 232 470 232 444 223 443 223 442 223 441 223 426 231 425 230 409 222 408 222 407 222 407 222 384 228 377 222 376 222 375 222 341 221 340 221 300 226 295 221 294 221 293 221 292 221 292 221 291 221 283 227 282 228 279 227 263 223 263 223 262 223 241 226 240 226 239 226 232 220 232 219 231 219 230 219 230 219 229 219 213 226 211 226 209 226 193 221 193 221 171 221 170 221 169 221 168 221 164 225 163 226 88 223 88 246 87 257 412 260 461 263 599 269 600 269 629 265 629 258 629 236 594 235 594 234 589 230 589 230 588 230 588 230 587 230 561 234 558 234 555 234 522 225 522 225 521 225 520 225 507 230 506 235"/></Shape>
            <String CONTENT="Cur autem hæc pręſcribat Paulus facilis ratio" HPOS="87.0" VPOS="219.0" WIDTH="542.0" HEIGHT="50.0" WC="0.9983843241048895"/>
          </TextLine>
          <TextLine ID="line_7" TAGREFS="LT8" BASELINE="53 277 325 280 629 291" HPOS="52.0" VPOS="250.0" WIDTH="577.0" HEIGHT="52.0">
            <Shape><Polygon POINTS="53 277 52 285 627 302 629 291 629 270 548 261 547 261 547 261 527 266 509 260 508 260 507 260 506 260 496 266 485 259 484 259 483 259 482 259 465 265 448 265 410 264 394 257 393 257 392 257 366 263 358 257 358 256 358 256 357 256 315 255 314 255 313 255 303 260 295 255 294 255 293 255 292 255 292 255 291 255 284 261 275 261 267 261 267 260 260 255 260 254 259 254 259 254 258 254 257 254 239 259 223 253 222 253 222 253 221 253 206 258 199 252 198 252 197 252 197 252 145 257 131 250 131 250 100 250 99 250 53 255 53 277"/></Shape>
            <String CONTENT="eſt, Nam ſi vel minimi cuiuſque ratio in Dei ec¬" HPOS="52.0" VPOS="250.0" WIDTH="577.0" HEIGHT="52.0" WC="0.9987259532014529"/>
          </TextLine>
          <TextLine ID="line_8" TAGREFS="LT8" BASELINE="53 308 628 321" HPOS="52.0" VPOS="282.0" WIDTH="576.0" HEIGHT="54.0">
            <Shape><Polygon POINTS="53 308 52 316 129 325 130 325 156 320 165 326 166 326 167 326 168 326 223 321 307 329 308 329 308 329 325 324 384 324 397 324 397 325 411 332 412 332 413 332 414 332 427 326 462 333 463 333 506 333 506 333 507 333 508 333 515 328 523 334 524 334 525 334 526 334 563 331 612 336 613 336 613 336 627 330 628 321 628 301 571 294 570 294 569 294 557 298 433 296 426 290 425 290 424 290 423 290 423 290 422 290 413 296 403 292 402 292 401 292 378 295 339 287 338 287 312 293 298 287 297 287 296 287 296 287 278 292 269 286 268 286 267 286 267 286 266 286 254 290 213 285 212 285 211 285 202 289 150 283 149 283 148 283 137 289 125 283 124 283 123 283 123 283 111 286 71 282 70 282 69 282 53 287 53 308"/></Shape>
            <String CONTENT="cleſia haberi debet, multò magis eorum, qui prę¬" HPOS="52.0" VPOS="282.0" WIDTH="576.0" HEIGHT="54.0" WC="0.9941072881221771"/>
          </TextLine>
          <TextLine ID="line_9" TAGREFS="LT8" BASELINE="52 341 300 345 628 353" HPOS="51.0" VPOS="314.0" WIDTH="577.0" HEIGHT="52.0">
            <Shape><Polygon POINTS="52 341 51 353 626 366 628 353 628 333 536 331 534 329 518 324 518 324 517 324 486 329 482 329 477 328 443 322 442 322 441 322 427 327 423 328 417 326 402 321 401 321 400 321 362 324 345 326 340 324 330 320 329 320 329 320 308 323 307 323 306 323 234 318 233 318 219 320 209 323 200 320 187 316 186 316 185 316 156 319 128 321 112 318 102 316 101 316 100 316 97 317 90 320 78 316 69 314 68 314 67 314 52 316 52 341"/></Shape>
            <String CONTENT="ſunt eccleſiæ. Si ſinguli, qui ſunt in eccleſia ordi¬" HPOS="51.0" VPOS="314.0" WIDTH="577.0" HEIGHT="52.0" WC="0.98958417154708"/>
          </TextLine>
          <TextLine ID="line_10" TAGREFS="LT8" BASELINE="51 374 297 378 627 387" HPOS="50.0" VPOS="349.0" WIDTH="577.0" HEIGHT="50.0">
            <Shape><Polygon POINTS="51 374 50 384 625 399 627 387 627 362 422 362 406 357 387 354 386 354 372 357 363 359 360 357 354 353 353 353 353 353 352 353 308 356 285 357 264 356 215 350 214 350 188 354 182 355 180 354 170 349 169 349 168 349 51 352 51 374"/></Shape>
            <String CONTENT="nes, regendi ſunt certis legibus, vt omnia rectè" HPOS="50.0" VPOS="349.0" WIDTH="577.0" HEIGHT="50.0" WC="0.9915386937102493"/>
          </TextLine>
          <TextLine ID="line_11" TAGREFS="LT8" BASELINE="50 407 332 411 627 419" HPOS="49.0" VPOS="384.0" WIDTH="578.0" HEIGHT="46.0">
            <Shape><Polygon POINTS="340 390 332 390 324 390 316 390 311 390 301 391 293 390 292 390 283 390 275 390 267 390 259 390 251 390 246 390 245 390 243 390 235 390 227 390 219 390 211 390 203 390 195 390 187 390 179 390 171 390 163 390 155 390 147 390 139 390 131 390 123 390 115 390 106 390 98 390 90 390 82 390 74 390 66 390 58 390 55 384 50 384 50 407 49 415 84 421 85 421 131 417 134 417 138 417 171 422 172 422 238 419 255 419 258 420 270 424 271 424 271 424 272 424 281 421 283 420 341 420 352 423 382 427 480 429 481 429 495 426 504 424 510 427 519 430 520 430 521 430 626 429 627 419 627 399 603 399 602 398 595 392 594 392 593 392 592 392 592 392 591 392 585 397 538 397 534 396 504 390 503 390 502 390 486 394 485 394 485 394 456 389 456 389 413 393 399 394 349 394 347 391 345 390 340 390"/></Shape>
            <String CONTENT="fiãt in Dei eccleſia, multò magisij, à quibus maius" HPOS="49.0" VPOS="384.0" WIDTH="578.0" HEIGHT="46.0" WC="0.9876743654410044"/>
          </TextLine>
          <TextLine ID="line_12" TAGREFS="LT8" BASELINE="51 440 625 450" HPOS="50.0" VPOS="416.0" WIDTH="575.0" HEIGHT="51.0">
            <Shape><Polygon POINTS="396 444 388 444 380 444 372 444 364 444 356 444 348 444 340 444 332 444 324 444 316 444 308 444 300 444 292 444 283 444 275 442 267 442 259 442 251 442 243 442 235 442 227 442 219 442 211 442 203 442 195 442 192 428 184 423 176 417 176 417 175 417 174 417 173 417 160 422 155 423 151 422 140 416 139 416 139 416 51 418 51 440 50 452 67 456 68 456 69 456 69 456 74 453 78 451 142 451 148 454 155 459 156 459 156 459 157 460 173 460 173 459 174 459 185 455 193 452 227 452 238 456 253 460 254 460 255 460 255 460 256 460 263 456 267 454 275 456 282 458 283 458 283 458 296 456 315 454 319 457 325 462 326 462 327 462 328 462 391 458 395 458 396 458 403 464 403 464 404 464 405 464 454 460 469 464 470 464 471 464 472 464 483 460 487 458 508 460 580 467 581 467 625 461 625 450 625 436 614 431 613 431 613 431 600 433 572 425 571 425 570 425 569 425 568 425 562 430 538 423 537 423 536 423 490 427 485 423 484 423 483 423 482 423 412 423 411 423 411 423 401 430 399 430 396 444"/></Shape>
            <String CONTENT="periculum iminuumgo mlla quædam hîc pro¬" HPOS="50.0" VPOS="416.0" WIDTH="575.0" HEIGHT="51.0" WC="0.9147616188700606"/>
          </TextLine>
          <TextLine ID="line_13" TAGREFS="LT8" BASELINE="51 475 134 473" HPOS="50.0" VPOS="472.0" WIDTH="84.0" HEIGHT="16.0">
            <Shape><Polygon POINTS="131 472 123 472 115 472 106 472 98 472 90 472 82 472 74 472 66 472 58 472 50 472 51 475 51 488 93 482 106 484 126 485 127 485 127 485 128 485 134 481 134 473 133 472 131 472"/></Shape>
            <String CONTENT="peules." HPOS="50.0" VPOS="472.0" WIDTH="84.0" HEIGHT="16.0" WC="0.9569686310631889"/>
          </TextLine>
        </TextBlock>
        <TextBlock HPOS="65.96131896972656" VPOS="484.502197265625" WIDTH="415.5797576904297" HEIGHT="35.75421142578125" ID="block_4" TAGREFS="BT3408">
          <Shape><Polygon POINTS="65.9613 484.502 481.541 484.502 481.541 520.256 65.9613 520.256 65.9613 484.502"/></Shape>
          <TextLine ID="line_14" TAGREFS="LT8" BASELINE="80 505 481 511" HPOS="79.0" VPOS="478.0" WIDTH="402.0" HEIGHT="46.0">
            <Shape><Polygon POINTS="80 505 79 517 479 524 481 511 481 489 459 489 458 489 453 484 452 484 452 484 451 484 450 484 449 484 443 489 441 489 403 489 400 488 381 482 380 482 379 482 353 487 350 487 349 487 345 482 344 482 343 482 342 482 299 485 291 486 289 485 282 481 281 481 280 481 279 481 279 481 267 484 226 480 226 480 225 480 224 480 219 485 218 485 214 485 173 479 172 479 142 483 134 484 132 483 126 478 125 478 124 478 123 478 80 481 80 505"/></Shape>
            <String CONTENT="I Quid præſtandum Presbyteris." HPOS="79.0" VPOS="478.0" WIDTH="402.0" HEIGHT="46.0" WC="0.9764751136302948"/>
          </TextLine>
        </TextBlock>
        <TextBlock HPOS="63.72770690917969" VPOS="519.4649047851562" WIDTH="297.99351501464844" HEIGHT="31.588134765625" ID="block_5" TAGREFS="BT3408">
          <Shape><Polygon POINTS="63.7277 519.465 361.721 519.465 361.721 551.053 63.7277 551.053 63.7277 519.465"/></Shape>
          <TextLine ID="line_15" TAGREFS="LT8" BASELINE="81 537 355 541" HPOS="80.0" VPOS="512.0" WIDTH="275.0" HEIGHT="44.0">
            <Shape><Polygon POINTS="81 537 80 549 135 554 136 555 166 555 166 554 167 554 168 554 168 553 170 551 174 548 233 549 246 554 252 555 253 555 254 555 255 555 255 555 257 554 263 550 269 555 271 555 271 555 272 555 273 555 274 555 277 555 291 550 298 555 299 555 300 555 300 555 336 551 353 556 355 541 353 519 274 520 267 518 254 514 253 514 252 514 251 514 236 518 231 519 230 518 224 514 223 514 222 514 204 514 203 514 202 514 193 518 190 519 186 518 170 513 169 513 168 513 131 518 130 518 129 518 123 512 122 512 121 512 120 512 81 517 81 537"/></Shape>
            <String CONTENT="2 Quibus Presbyteris." HPOS="80.0" VPOS="512.0" WIDTH="275.0" HEIGHT="44.0" WC="0.9959675102006822"/>
          </TextLine>
        </TextBlock>
        <TextBlock HPOS="56.03139877319336" VPOS="551.1195678710938" WIDTH="441.30514907836914" HEIGHT="33.24444580078125" ID="block_6" TAGREFS="BT3408">
          <Shape><Polygon POINTS="56.0314 551.12 497.337 551.12 497.337 584.364 56.0314 584.364 56.0314 551.12"/></Shape>
          <TextLine ID="line_16" TAGREFS="LT8" BASELINE="84 569 495 576" HPOS="83.0" VPOS="543.0" WIDTH="412.0" HEIGHT="45.0">
            <Shape><Polygon POINTS="84 569 83 581 111 578 148 579 152 583 152 584 152 584 153 584 154 584 156 584 168 580 172 584 173 584 174 584 175 584 176 584 176 584 177 584 177 584 178 584 182 580 220 580 232 584 233 584 234 584 260 580 264 585 265 585 265 586 266 586 267 586 267 586 275 585 300 581 316 585 320 587 321 587 322 587 334 586 364 583 369 586 370 588 370 588 371 588 423 588 424 588 425 588 429 587 438 584 446 588 448 588 449 588 450 588 494 588 495 576 495 556 465 549 465 549 464 549 445 555 436 548 435 548 434 548 396 547 395 547 349 553 337 547 336 547 283 546 282 546 281 546 280 546 275 550 268 545 267 545 267 545 251 545 250 545 249 545 248 545 238 551 219 544 218 544 218 544 217 544 194 551 193 551 131 551 130 550 115 543 115 543 114 543 113 543 102 549 101 549 84 549 84 569"/></Shape>
            <String CONTENT="3 Cur præſtari illis aliquid debeat." HPOS="83.0" VPOS="543.0" WIDTH="412.0" HEIGHT="45.0" WC="0.990078373087777"/>
          </TextLine>
        </TextBlock>
        <TextBlock HPOS="47.22006607055664" VPOS="586.0457153320312" WIDTH="578.7635765075684" HEIGHT="189.92303466796875" ID="block_7" TAGREFS="BT3408">
          <Shape><Polygon POINTS="47.2201 586.046 625.984 586.046 625.984 775.969 47.2201 775.969 47.2201 586.046"/></Shape>
          <TextLine ID="line_17" TAGREFS="LT8" BASELINE="78 601 364 606 622 616" HPOS="78.0" VPOS="575.0" WIDTH="544.0" HEIGHT="50.0">
            <Shape><Polygon POINTS="78 601 78 609 98 614 98 614 122 611 127 610 129 611 134 615 135 615 135 615 160 616 160 616 197 612 214 612 282 612 286 615 291 619 292 619 292 619 293 619 294 619 301 616 304 614 321 617 355 621 356 621 374 617 382 617 399 618 440 623 441 623 457 620 467 618 487 621 514 624 514 624 515 624 520 621 523 620 529 621 540 625 541 625 542 625 621 624 622 616 621 587 534 590 504 584 502 584 441 583 440 583 440 583 428 587 417 582 416 582 415 582 413 582 354 585 78 575 78 601"/></Shape>
            <String CONTENT="Presbyterorum autem nomen hoc loco, &amp; in" HPOS="78.0" VPOS="575.0" WIDTH="544.0" HEIGHT="50.0" WC="0.9980804055929184"/>
          </TextLine>
          <TextLine ID="line_18" TAGREFS="LT8" BASELINE="49 633 267 636 621 646" HPOS="48.0" VPOS="622.0" WIDTH="573.0" HEIGHT="36.0">
            <Shape><Polygon POINTS="459 624 451 624 443 624 435 624 427 624 415 625 411 624 411 624 403 624 395 624 386 624 378 624 370 624 362 624 354 624 346 624 338 624 330 624 322 624 314 624 306 624 298 624 290 624 282 624 274 624 266 624 258 624 250 624 242 624 234 624 226 624 218 624 209 624 201 624 193 624 185 624 177 624 169 624 161 624 153 624 145 624 137 624 129 624 121 624 113 624 105 624 97 624 91 624 49 633 48 643 170 643 179 648 181 649 182 649 183 649 189 648 206 644 253 649 254 649 273 645 346 652 369 654 370 654 377 653 400 649 428 649 434 654 435 654 435 655 436 655 436 655 437 655 448 654 481 651 493 655 496 657 497 657 497 657 504 656 525 652 531 657 532 658 533 658 534 658 620 658 621 646 621 627 534 627 532 625 528 622 527 622 526 622 526 622 489 625 471 625 464 624 459 624"/></Shape>
            <String CONTENT="toto noc argumento &amp; capite, dignitatis nomen" HPOS="48.0" VPOS="622.0" WIDTH="573.0" HEIGHT="36.0" WC="0.9949716620975071"/>
          </TextLine>
          <TextLine ID="line_19" TAGREFS="LT8" BASELINE="46 664 308 669 622 679" HPOS="45.0" VPOS="637.0" WIDTH="577.0" HEIGHT="52.0">
            <Shape><Polygon POINTS="46 664 45 674 621 689 622 679 621 654 543 657 538 652 534 649 534 649 533 649 511 649 510 649 510 649 502 651 488 655 481 651 478 649 477 649 477 649 476 649 460 650 444 653 440 650 436 647 436 647 435 647 394 646 393 646 378 649 369 650 358 649 335 644 334 644 300 647 276 649 269 646 259 642 259 642 258 642 257 642 246 646 242 648 133 646 115 643 69 637 69 637 46 641 46 664"/></Shape>
            <String CONTENT="eſt, non ætatis, quicquid Chryſoſto. &amp; alij contrà" HPOS="45.0" VPOS="637.0" WIDTH="577.0" HEIGHT="52.0" WC="0.9941262988483205"/>
          </TextLine>
          <TextLine ID="line_20" TAGREFS="LT8" BASELINE="47 697 280 701 621 712" HPOS="46.0" VPOS="670.0" WIDTH="575.0" HEIGHT="53.0">
            <Shape><Polygon POINTS="47 697 46 707 619 723 621 712 621 691 572 685 572 685 571 685 561 689 547 683 547 683 546 683 545 683 544 683 539 688 539 689 507 689 502 687 471 681 470 681 469 681 452 686 449 686 444 686 418 679 417 679 338 681 324 677 323 677 322 677 321 677 320 677 314 682 306 676 305 676 304 676 304 676 240 679 220 680 213 678 192 673 191 673 190 673 172 677 165 678 155 677 133 673 132 673 131 673 131 673 127 676 124 677 78 677 74 674 62 670 61 670 61 670 60 670 47 673 47 697"/></Shape>
            <String CONTENT="ſentiant vti ſæpe alibi &amp; I.Petr.5.verſ.1.accipitur." HPOS="46.0" VPOS="670.0" WIDTH="575.0" HEIGHT="53.0" WC="0.9832250487345916"/>
          </TextLine>
          <TextLine ID="line_21" TAGREFS="LT8" BASELINE="45 729 221 732 620 745" HPOS="45.0" VPOS="701.0" WIDTH="575.0" HEIGHT="56.0">
            <Shape><Polygon POINTS="504 730 500 719 490 721 400 719 361 711 360 711 359 711 358 711 267 712 258 707 257 707 256 707 255 707 255 707 238 713 205 706 204 706 203 706 202 706 127 710 113 703 112 703 111 703 82 706 45 701 45 729 45 736 81 743 82 743 119 739 119 739 195 745 196 745 247 743 254 743 257 743 291 749 292 749 371 747 385 747 389 748 411 753 411 753 412 753 469 750 477 750 479 751 489 756 489 756 490 756 526 752 533 752 537 752 554 757 555 757 555 757 619 755 620 745 619 719 595 724 583 719 582 719 581 719 549 723 543 717 543 716 542 716 541 716 540 716 539 716 508 719 504 730"/></Shape>
            <String CONTENT="Id autem eſſe ita accipiendum apparet ex his ver" HPOS="45.0" VPOS="701.0" WIDTH="575.0" HEIGHT="56.0" WC="0.9993603900074959"/>
          </TextLine>
          <TextLine ID="line_22" TAGREFS="LT8" BASELINE="42 761 369 768" HPOS="41.0" VPOS="735.0" WIDTH="328.0" HEIGHT="47.0">
            <Shape><Polygon POINTS="42 761 41 772 123 778 124 779 145 779 145 778 146 778 147 778 147 777 151 774 152 773 158 774 189 778 190 778 234 776 243 775 245 776 251 781 251 781 252 781 253 781 282 777 287 776 292 777 329 781 329 781 330 781 345 777 350 781 350 782 351 782 352 782 353 782 353 782 368 777 369 768 368 743 334 746 327 742 326 741 325 741 325 741 324 741 318 742 295 745 290 741 288 740 288 739 287 739 286 739 285 739 273 741 257 744 252 740 249 738 248 738 247 738 246 738 230 740 210 744 188 740 164 736 163 736 144 736 143 736 142 736 142 737 139 739 137 742 131 739 123 735 123 735 122 735 42 737 42 761"/></Shape>
            <String CONTENT="bis, Qui laborant in ſermone." HPOS="41.0" VPOS="735.0" WIDTH="328.0" HEIGHT="47.0" WC="0.981590303881415"/>
          </TextLine>
        </TextBlock>
        <TextBlock HPOS="40.31081771850586" VPOS="775.8175048828125" WIDTH="585.8909034729004" HEIGHT="431.786376953125" ID="block_8" TAGREFS="BT3408">
          <Shape><Polygon POINTS="40.3108 775.818 626.202 775.818 626.202 1207.6 40.3108 1207.6 40.3108 775.818"/></Shape>
          <TextLine ID="line_23" TAGREFS="LT8" BASELINE="74 794 621 809" HPOS="73.0" VPOS="767.0" WIDTH="548.0" HEIGHT="55.0">
            <Shape><Polygon POINTS="74 794 73 806 619 822 621 809 620 782 571 785 562 781 561 781 560 781 559 781 559 781 558 781 549 785 531 780 522 778 521 778 520 778 519 778 518 780 511 784 485 784 480 779 477 777 476 777 475 777 460 777 459 777 458 777 457 777 455 779 451 782 441 778 436 777 435 777 434 777 433 777 428 778 419 781 389 781 383 777 379 774 378 774 378 774 377 774 376 774 365 777 357 779 333 777 316 775 316 775 308 776 298 778 292 776 284 773 283 773 283 773 282 773 272 776 265 777 255 775 236 770 235 770 175 769 154 769 153 769 152 769 152 769 146 773 144 774 132 773 83 767 82 767 82 767 74 770 74 794"/></Shape>
            <String CONTENT="Ergo illis, debetur honor, íſque duplex, ait Paulus" HPOS="73.0" VPOS="767.0" WIDTH="548.0" HEIGHT="55.0" WC="0.9867446113091248"/>
          </TextLine>
          <TextLine ID="line_24" TAGREFS="LT8" BASELINE="44 827 221 830 621 843" HPOS="43.0" VPOS="800.0" WIDTH="578.0" HEIGHT="55.0">
            <Shape><Polygon POINTS="502 827 497 815 479 812 478 812 451 816 439 818 413 814 398 813 397 813 385 814 357 815 349 812 341 808 340 808 301 806 300 806 218 806 89 807 81 801 80 801 79 801 44 800 44 827 43 836 124 842 125 842 126 842 134 839 138 838 148 839 172 843 172 843 210 841 225 840 227 841 233 845 234 845 234 845 289 847 290 847 308 843 313 843 426 845 427 846 437 851 438 851 439 851 483 848 510 853 510 853 563 851 567 855 568 855 569 855 570 855 620 851 621 843 621 823 610 823 610 822 603 816 603 815 602 815 601 815 600 815 536 819 522 820 513 818 506 817 502 827"/></Shape>
            <String CONTENT="Honoris voce ſubſidium omne piúmque offi¬" HPOS="43.0" VPOS="800.0" WIDTH="578.0" HEIGHT="55.0" WC="0.9994294629210517"/>
          </TextLine>
          <TextLine ID="line_25" TAGREFS="LT8" BASELINE="42 859 287 864 621 876" HPOS="42.0" VPOS="834.0" WIDTH="579.0" HEIGHT="54.0">
            <Shape><Polygon POINTS="42 859 42 870 130 870 158 874 170 876 171 876 178 875 197 872 237 876 250 878 251 878 275 878 353 876 386 881 393 882 394 882 399 882 434 879 457 884 462 884 463 884 473 884 510 882 619 888 621 876 620 856 581 855 580 855 550 847 549 847 506 852 502 852 496 852 448 847 448 847 432 850 432 850 423 843 423 843 422 843 395 843 394 843 393 843 378 848 368 842 367 842 366 842 366 842 365 842 345 847 342 847 339 847 308 840 307 840 247 843 209 837 209 837 173 842 166 842 143 842 141 841 131 835 131 835 130 835 129 835 128 835 119 840 117 840 78 840 76 839 66 834 65 834 65 834 42 837 42 859"/></Shape>
            <String CONTENT="cium, more Hebræorum, ſignificatur, vti ſupra" HPOS="42.0" VPOS="834.0" WIDTH="579.0" HEIGHT="54.0" WC="0.998270316918691"/>
          </TextLine>
          <TextLine ID="line_26" TAGREFS="LT8" BASELINE="42 892 621 906" HPOS="41.0" VPOS="866.0" WIDTH="580.0" HEIGHT="53.0">
            <Shape><Polygon POINTS="42 892 41 900 106 907 106 907 201 905 279 911 279 911 300 907 331 913 332 913 419 910 445 915 446 915 485 913 490 917 491 917 492 917 588 919 589 919 621 914 621 906 621 887 547 885 546 884 534 880 533 880 532 880 486 883 485 883 470 877 469 877 469 877 468 877 448 882 440 875 439 875 438 875 415 875 414 875 413 875 403 880 382 874 382 874 381 874 380 874 366 880 342 872 341 872 341 872 340 872 339 872 330 878 311 872 310 872 234 872 233 872 232 872 218 876 208 869 207 869 206 869 205 869 169 870 168 870 168 870 164 874 150 867 149 867 148 867 119 874 118 874 115 874 86 866 85 866 84 866 83 866 65 872 42 872 42 892"/></Shape>
            <String CONTENT="eodem ſignificato verſ.3. Viduas honora &amp; 1. Pe¬" HPOS="41.0" VPOS="866.0" WIDTH="580.0" HEIGHT="53.0" WC="0.9886844245096048"/>
          </TextLine>
          <TextLine ID="line_27" TAGREFS="LT8" BASELINE="41 925 309 929 622 940" HPOS="41.0" VPOS="900.0" WIDTH="581.0" HEIGHT="49.0">
            <Shape><Polygon POINTS="41 925 41 931 57 937 58 937 59 937 113 933 116 933 117 933 124 939 125 939 126 939 127 939 127 939 135 936 146 940 147 940 148 940 173 935 176 935 179 935 217 942 218 942 218 942 230 937 230 937 239 942 240 942 241 942 304 939 311 939 313 939 339 945 340 945 388 942 393 942 398 942 444 948 444 949 621 949 622 940 622 917 603 912 602 912 585 915 575 917 559 914 551 913 551 913 533 914 500 915 496 913 491 909 490 909 489 909 489 909 471 912 456 914 444 911 427 907 426 907 425 907 408 910 397 913 351 912 345 909 338 905 337 905 337 905 336 905 325 908 316 910 313 908 309 905 309 904 308 904 308 904 236 902 235 902 234 902 224 905 220 906 210 905 183 900 182 900 181 900 169 904 160 906 152 903 144 900 143 900 142 900 141 900 130 903 122 905 41 900 41 925"/></Shape>
            <String CONTENT="tr.3.verſ.7. Vir vxori honorem tribuat. Sumpta eſt" HPOS="41.0" VPOS="900.0" WIDTH="581.0" HEIGHT="49.0" WC="0.9926974725723267"/>
          </TextLine>
          <TextLine ID="line_28" TAGREFS="LT8" BASELINE="41 957 202 958 621 971" HPOS="41.0" VPOS="929.0" WIDTH="580.0" HEIGHT="54.0">
            <Shape><Polygon POINTS="41 957 41 970 73 966 81 971 82 971 82 971 104 972 105 972 123 972 208 970 230 974 233 974 234 974 234 974 235 974 246 970 257 974 260 976 261 976 262 976 273 975 304 972 308 976 309 977 309 978 310 978 311 978 312 978 319 976 334 973 374 978 386 979 386 979 390 978 402 975 413 979 422 981 423 981 423 981 448 979 474 977 477 980 480 982 480 983 481 983 481 983 482 983 621 983 621 971 621 951 577 944 576 944 576 944 561 949 559 949 548 948 505 944 504 944 492 946 484 947 477 946 465 942 465 942 464 942 463 942 462 942 459 945 457 946 455 945 452 942 451 942 450 942 449 942 435 944 422 946 415 943 407 940 407 940 406 940 391 942 382 943 376 942 365 937 364 937 363 937 349 940 335 943 328 939 322 937 321 937 320 937 283 937 256 938 252 937 249 934 248 934 247 934 246 934 228 936 193 938 172 933 169 933 168 933 168 933 163 933 135 937 126 932 126 931 125 931 124 931 105 931 104 931 103 931 102 931 96 937 78 937 41 929 41 957"/></Shape>
            <String CONTENT="hæc dicendi ratioex lege Dei &amp; præcepto 5. Ho¬" HPOS="41.0" VPOS="929.0" WIDTH="580.0" HEIGHT="54.0" WC="0.9991472376429517"/>
          </TextLine>
          <TextLine ID="line_29" TAGREFS="LT8" BASELINE="41 988 364 995 622 1005" HPOS="40.0" VPOS="966.0" WIDTH="582.0" HEIGHT="50.0">
            <Shape><Polygon POINTS="41 988 40 1000 76 998 109 1003 113 1003 114 1003 116 1003 136 999 147 1004 148 1004 148 1004 149 1004 160 1004 251 1003 259 1007 259 1007 260 1007 261 1007 280 1003 396 1011 408 1011 409 1011 410 1011 411 1011 421 1007 425 1011 427 1012 427 1012 428 1012 429 1012 444 1011 476 1009 514 1013 536 1016 537 1016 621 1016 622 1005 622 983 609 978 608 978 607 978 552 982 551 982 495 981 494 980 465 974 464 974 382 977 381 977 378 977 208 966 207 966 41 967 41 988"/></Shape>
            <String CONTENT="nora patrem. Sunt enim nomine parentum, ſed" HPOS="40.0" VPOS="966.0" WIDTH="582.0" HEIGHT="50.0" WC="0.9841248420781867"/>
          </TextLine>
          <TextLine ID="line_30" TAGREFS="LT8" BASELINE="41 1021 621 1036" HPOS="40.0" VPOS="994.0" WIDTH="581.0" HEIGHT="55.0">
            <Shape><Polygon POINTS="41 1021 40 1034 158 1034 163 1036 164 1038 165 1038 166 1038 167 1038 175 1036 188 1034 222 1037 254 1040 255 1040 255 1040 263 1038 272 1036 314 1036 354 1037 358 1040 363 1043 364 1043 365 1043 366 1043 391 1040 399 1040 403 1040 417 1044 418 1044 419 1044 452 1041 463 1040 465 1041 470 1045 471 1045 472 1045 473 1045 519 1042 527 1042 528 1043 531 1045 531 1046 532 1046 533 1046 534 1046 562 1044 590 1049 591 1049 620 1044 621 1036 620 1011 591 1014 562 1009 551 1007 551 1007 533 1008 507 1010 502 1007 496 1005 495 1005 494 1005 471 1007 437 1010 377 1009 361 1004 345 1001 345 1001 344 1001 333 1004 322 1007 318 1003 313 1000 312 1000 312 1000 311 1000 250 1002 226 1003 223 1002 218 998 217 998 216 998 215 998 185 1001 164 1003 156 1000 147 996 146 996 145 996 144 996 131 999 123 1001 81 1001 76 999 68 994 67 994 66 994 41 997 41 1021"/></Shape>
            <String CONTENT="ſpiritualium comprehenſi, qui nos verbo Dei paſ" HPOS="40.0" VPOS="994.0" WIDTH="581.0" HEIGHT="55.0" WC="0.9904673226336216"/>
          </TextLine>
          <TextLine ID="line_31" TAGREFS="LT8" BASELINE="41 1053 620 1067" HPOS="41.0" VPOS="1028.0" WIDTH="579.0" HEIGHT="53.0">
            <Shape><Polygon POINTS="41 1053 41 1061 76 1069 77 1069 96 1065 110 1069 111 1069 111 1069 178 1066 192 1070 193 1070 193 1070 194 1070 205 1066 205 1065 205 1066 209 1069 209 1070 210 1070 211 1070 212 1070 233 1066 235 1066 236 1066 244 1073 245 1073 246 1073 246 1073 303 1069 313 1068 356 1069 358 1069 367 1075 368 1075 369 1075 404 1071 410 1070 411 1071 418 1077 419 1077 419 1077 420 1077 421 1077 422 1077 430 1071 432 1071 477 1071 481 1073 501 1078 502 1078 502 1078 534 1074 536 1074 538 1074 602 1081 603 1081 604 1081 619 1076 620 1067 620 1045 543 1038 542 1038 517 1042 516 1042 515 1042 501 1037 500 1037 499 1037 498 1037 486 1041 483 1042 477 1041 449 1036 448 1036 426 1040 422 1040 420 1040 415 1035 414 1035 413 1035 412 1035 411 1035 398 1039 395 1040 386 1039 347 1033 346 1033 322 1037 314 1038 303 1036 273 1032 272 1032 253 1035 246 1036 244 1035 239 1031 238 1031 238 1031 237 1031 213 1034 212 1034 209 1034 176 1029 176 1029 175 1029 161 1032 156 1034 137 1032 103 1028 102 1028 102 1028 101 1028 98 1031 95 1032 41 1030 41 1053"/></Shape>
            <String CONTENT="cunt: &amp; præſunt nobis, nóſque in Chriſto vel ge¬" HPOS="41.0" VPOS="1028.0" WIDTH="579.0" HEIGHT="53.0" WC="0.9766491858326659"/>
          </TextLine>
          <TextLine ID="line_32" TAGREFS="LT8" BASELINE="39 1086 622 1102" HPOS="38.0" VPOS="1060.0" WIDTH="584.0" HEIGHT="54.0">
            <Shape><Polygon POINTS="39 1086 38 1094 65 1098 65 1098 86 1095 87 1095 95 1101 96 1101 97 1101 98 1101 176 1098 181 1098 181 1098 188 1103 189 1103 189 1103 190 1103 213 1100 242 1105 273 1106 274 1106 275 1106 285 1101 293 1105 294 1105 295 1105 353 1102 353 1102 362 1108 363 1108 364 1108 365 1108 366 1108 377 1104 411 1104 415 1104 416 1104 424 1109 425 1109 426 1109 427 1109 465 1106 485 1110 486 1110 487 1110 512 1107 564 1114 565 1114 596 1110 602 1114 603 1114 604 1114 604 1114 605 1114 621 1109 622 1102 621 1074 579 1080 512 1078 494 1071 492 1070 491 1070 490 1070 486 1071 473 1073 405 1069 386 1068 386 1068 385 1068 384 1068 384 1069 378 1073 364 1068 361 1067 360 1067 359 1067 358 1067 357 1068 346 1073 313 1069 312 1069 288 1072 279 1066 278 1065 277 1065 276 1065 275 1065 275 1065 271 1065 257 1071 240 1071 231 1065 229 1063 228 1063 227 1063 226 1063 205 1064 150 1068 111 1062 95 1060 94 1060 94 1060 90 1061 82 1065 39 1061 39 1086"/></Shape>
            <String CONTENT="nuerunt: vel iã genitos cœleſti cibo alunt, quod" HPOS="38.0" VPOS="1060.0" WIDTH="584.0" HEIGHT="54.0" WC="0.9992321352569424"/>
          </TextLine>
          <TextLine ID="line_33" TAGREFS="LT8" BASELINE="40 1118 621 1134" HPOS="39.0" VPOS="1090.0" WIDTH="582.0" HEIGHT="57.0">
            <Shape><Polygon POINTS="40 1118 39 1127 93 1127 94 1129 99 1133 100 1133 101 1133 102 1133 160 1131 184 1131 189 1132 198 1135 199 1135 200 1135 201 1135 208 1133 212 1131 222 1133 242 1137 243 1137 290 1135 329 1135 345 1138 359 1140 360 1140 372 1139 386 1136 391 1139 394 1141 395 1141 395 1141 396 1141 404 1139 417 1137 619 1147 621 1134 621 1113 596 1113 595 1111 589 1106 589 1106 588 1106 588 1106 587 1106 548 1110 539 1110 536 1109 529 1103 528 1103 527 1103 526 1103 526 1103 513 1108 508 1110 480 1110 459 1106 418 1100 417 1100 373 1102 333 1105 325 1101 320 1098 320 1098 319 1098 318 1098 291 1099 244 1102 222 1097 219 1096 218 1096 218 1096 215 1096 193 1101 183 1095 181 1094 181 1094 153 1093 152 1093 146 1094 115 1098 85 1093 84 1093 83 1093 70 1098 63 1091 63 1090 62 1090 61 1090 40 1090 40 1118"/></Shape>
            <String CONTENT="faciunt hi Presbyteri. I taque hic canon Pauli ex" HPOS="39.0" VPOS="1090.0" WIDTH="582.0" HEIGHT="57.0" WC="0.9927749694610128"/>
          </TextLine>
          <TextLine ID="line_34" TAGREFS="LT8" BASELINE="41 1150 620 1168" HPOS="41.0" VPOS="1127.0" WIDTH="579.0" HEIGHT="54.0">
            <Shape><Polygon POINTS="41 1150 41 1157 69 1159 78 1165 79 1165 80 1165 81 1165 104 1161 123 1167 123 1167 124 1167 142 1163 148 1168 148 1168 149 1168 188 1168 189 1168 189 1168 201 1164 202 1164 203 1164 226 1170 227 1170 228 1170 229 1170 236 1166 237 1165 248 1166 304 1172 304 1172 319 1169 329 1167 334 1170 340 1173 341 1173 341 1173 342 1173 362 1171 382 1168 389 1172 391 1174 392 1174 393 1174 394 1174 405 1172 425 1170 483 1176 490 1176 491 1176 495 1176 537 1173 543 1178 543 1179 543 1179 544 1179 618 1181 620 1168 620 1147 576 1145 568 1139 567 1139 567 1139 566 1139 543 1144 524 1139 523 1139 522 1139 494 1143 489 1143 485 1143 461 1136 460 1136 460 1136 413 1139 378 1134 377 1134 356 1139 353 1139 348 1138 317 1133 316 1133 316 1133 308 1137 305 1138 230 1136 226 1134 217 1129 216 1129 215 1129 193 1133 188 1134 185 1132 173 1127 172 1127 130 1127 129 1127 128 1127 127 1127 123 1131 120 1132 41 1128 41 1150"/></Shape>
            <String CONTENT="quinto legis diuinæ præcepto ductus eſt. Con¬" HPOS="41.0" VPOS="1127.0" WIDTH="579.0" HEIGHT="54.0" WC="0.9941764659351773"/>
          </TextLine>
          <TextLine ID="line_35" TAGREFS="LT8" BASELINE="38 1183 427 1192 617 1201" HPOS="37.0" VPOS="1156.0" WIDTH="580.0" HEIGHT="63.0">
            <Shape><Polygon POINTS="37 1196 144 1197 151 1201 155 1204 156 1204 156 1204 229 1209 230 1209 255 1205 272 1202 279 1206 286 1210 287 1210 288 1210 288 1210 289 1210 296 1207 301 1205 384 1205 395 1210 399 1213 400 1213 401 1213 423 1214 423 1214 442 1213 443 1213 444 1213 444 1213 452 1207 489 1207 509 1215 511 1216 512 1216 513 1216 518 1216 546 1213 559 1217 563 1218 563 1218 616 1219 617 1201 617 1180 571 1178 570 1177 560 1171 559 1171 559 1171 558 1171 480 1172 423 1167 422 1167 390 1170 369 1172 353 1168 336 1164 335 1164 334 1164 315 1167 295 1170 251 1168 246 1164 243 1162 242 1162 242 1162 193 1161 193 1161 192 1161 191 1161 190 1162 185 1166 172 1162 172 1162 171 1162 148 1166 135 1160 134 1160 133 1160 65 1164 39 1156 38 1183 37 1196"/></Shape>
            <String CONTENT="ſentit autem hic locus cũ 1. Corinth.9. &amp;Hebr.13." HPOS="37.0" VPOS="1156.0" WIDTH="580.0" HEIGHT="63.0" WC="0.9551103317737579"/>
          </TextLine>
        </TextBlock>
        <TextBlock HPOS="455.1990661621094" VPOS="1210.325439453125" WIDTH="46.95477294921875" HEIGHT="31.9649658203125" ID="block_9" TAGREFS="BT17">
          <Shape><Polygon POINTS="455.199 1210.33 502.154 1210.33 502.154 1242.29 455.199 1242.29 455.199 1210.33"/></Shape>
          <TextLine ID="line_36" TAGREFS="LT8" BASELINE="454 1228 502 1228" HPOS="454.0" VPOS="1209.0" WIDTH="48.0" HEIGHT="40.0">
            <Shape><Polygon POINTS="454 1228 454 1239 470 1239 475 1243 481 1249 482 1249 483 1249 484 1249 502 1248 502 1228 502 1213 454 1209 454 1228"/></Shape>
            <String CONTENT="uej¬" HPOS="454.0" VPOS="1209.0" WIDTH="48.0" HEIGHT="40.0" WC="0.9997204691171646"/>
          </TextLine>
        </TextBlock>
      </PrintSpace>
    </Page>
  </Layout>
</alto>
