1000 1448
362.0 86.0 470.0 46.0 108 AD I. PAVL. AD TIM

355.0 115.0 579.0 56.0 minit, nec eum quod coniux eſſet, indignum iu¬

356.0 160.0 217.0 44.0 dicat Epiſcopatu.

388.0 185.0 549.0 49.0 Secuta eſt autem alia ætas, quæ propter cœli¬

358.0 218.0 578.0 49.0 batus & virginitatis peruerſam admirationem,

357.0 251.0 581.0 46.0 hunc locum primum à vero ſenſu deflexit & de¬

357.0 283.0 583.0 50.0 torſit. Deinde prorſus corrupit. Ac detorſerunt

358.0 316.0 582.0 48.0 miſerè hunc locum ij, qui ita ſunt interpretati,

358.0 348.0 584.0 51.0 eos eſſe eligendos Epiſcopos, qui fuerant quidem

358.0 381.0 584.0 46.0 ante electionem viri vnius vsoris: non autem, qui

358.0 413.0 583.0 48.0 coniuges tunc erant, cùm eligerentur. Sic Am¬

358.0 452.0 583.0 42.0 bronus accipit eplit. 62. Sed ij fanuntur peſsime.

358.0 476.0 586.0 50.0 Nam & hîc & ad Titum 1. verſ. 6. diſertè dicit

358.0 510.0 585.0 49.0 Paulus, ſi quis est tempore præſenti:nõ autem, ſi

359.0 547.0 350.0 46.0 quis fuit, tempore præterito.

392.0 573.0 549.0 47.0 Corrumpunt planè hunc locum alij & ridicu

359.0 604.0 587.0 51.0 lè explicant, qui vxorem hîc Eccleſiam appellãt

360.0 640.0 586.0 47.0 & à Paulo ſignificari voce vxoris putant. Vnius

361.0 670.0 583.0 45.0 ergo vxoris virum eſſe, eſt vnius Eccleſiæ & Sa¬

362.0 703.0 584.0 50.0 cerdotij Epiſcopum & adminiſtrum eſſe. At tũc

361.0 736.0 586.0 48.0 id eſt, tempore Pauli nondum erant Sacerdotia,

363.0 769.0 585.0 48.0 & quæſtus Eccleſiaſtici. Vt mera ſit cauillatio &

363.0 802.0 585.0 49.0 peruerſio Scripturæ, ſic mentem Pauli explicare.

363.0 834.0 586.0 50.0 Ergo ſic variè corruptus eſt hic locus. Quòd au¬

363.0 866.0 586.0 50.0 tem ait Paulus, vxoris, ita fuit ſtrictè acceptum à

365.0 898.0 586.0 52.0 Patribus, vt præter mentẽ Pauli quidam laqueũ

366.0 933.0 501.0 47.0 poſtea induxerint conſcientijs hominum.

405.0 965.0 546.0 45.0 Vxorem enim eam tantùm eſſe volunt, quæ

365.0 993.0 587.0 53.0 antea honeſtæ vitæ mulier fuerit. Itaque ſi quis

366.0 1028.0 584.0 48.0 minushoneſtam mulierem, ſi quis ſcenicam mu¬

366.0 1059.0 588.0 49.0 lierem, quæ ſpectaculis inſeruierit. Item aliam

367.0 1094.0 587.0 49.0 quampiam ex turpi cauſa olim notã duxerit, ex¬

367.0 1123.0 587.0 51.0 cludi ab omni Eccleſiaſtico miniſterio debere

370.0 1155.0 585.0 58.0 putant, & Synodorum decretis ſanciuerunt. Eſt

849.0 1189.0 109.0 51.0 in cano¬
