1000 1448
248.0 82.0 214.0 17.0 anl vida.

73.0 92.0 577.0 48.0 eſt. Itaque iam tunc Scholaſticæ Theologiæ &

73.0 129.0 576.0 43.0 Mathæologis quos hîc reprehendit Paulus ſemi¬

74.0 160.0 578.0 47.0 na iaciebantur. Talis quoque eſt iuris Canonici

75.0 194.0 575.0 44.0 ars & ſcientia, quæ & ipſa quoque veriſſima eſt

78.0 230.0 572.0 41.0 veræ ſacræque l’heologiæ, quæ ex vno Dei ver¬

75.0 259.0 566.0 45.0 bo haurienda eſt, pernities peſtis & corruptela.

110.0 300.0 542.0 36.0 Aruuie Puume precauonemee mus confirma¬

77.0 324.0 577.0 44.0 tionem ac velut ſuum de ea votum & ſigillum

78.0 358.0 182.0 40.0 cùm ait Amen.

108.0 383.0 547.0 51.0 Gratia, de qua agit, eſt Dei gratia, quæ etiam

78.0 421.0 577.0 47.0 noſtræ ſalutis cauſa eſt. Eſt enim ea, per quam à

82.0 455.0 575.0 44.0 Deo in ipſius filiorum numerum adoptamur,

80.0 487.0 579.0 43.0 illíque per Chriſtum placemus & recõciliamur.

112.0 518.0 548.0 46.0 Subſcriptio verò quæ huic Epiſtolæ addita

82.0 550.0 578.0 45.0 eſt, tãquam hæc Epiſtola Laodiceæ ſcripta eſſet

92.0 583.0 563.0 47.0 (que hîc dicitur Metropolis Phrygię Pacatianę)

83.0 616.0 576.0 42.0 eſt falſa, vt veriſsimè varijs rationibus euincit D.

87.0 648.0 575.0 45.0 Th. Beza. Etſi enim Phrygiæ Pacatianæ facta eſt

84.0 682.0 578.0 43.0 mentio in 5. Synodi, quæ eſt Conſtantinopolita.

84.0 714.0 578.0 45.0 actis: tamen neque apud Plinium qui poſt obitũ

85.0 747.0 577.0 44.0 Pauli ſcripſit, iſtius Phrygiæ Pacatianæ facta mẽ¬

86.0 781.0 578.0 43.0 tio eſt: neque apud vllum veterem ſcriptorem.

86.0 810.0 580.0 45.0 Deinde ex Epiſtola Pauli ad Coloſſ.cap.2. verſ.1.

87.0 844.0 578.0 46.0 quæ poſtrema ætate Pauli ab eo ſcripta eſt, &

87.0 877.0 579.0 46.0 ante hanc ipſam, apparet Paulum nunquam Lao¬

89.0 908.0 579.0 46.0 diceã adiiſſe quæ in Phrygia ſita erat, & Coloſsis

88.0 942.0 579.0 51.0 atq; Hierapoli vicina vt ipſe teſtatur. Laus Deo.

326.0 1012.0 114.0 42.0 FINIS.

469.0 1126.0 50.0 58.0 K.j.
