1000 1448
239.0 105.0 202.0 25.0 CAPVT III.

602.0 90.0 46.0 45.0 149

103.0 125.0 552.0 48.0 Negotia verò ſecularia quid ſint, eſt videndũ.

74.0 164.0 577.0 41.0 Non ſunt autem omnia, quæ hîc in mundo

74.0 196.0 576.0 39.0 (qui ſeculum vocatur) à nobis aguntur, omnis

73.0 229.0 580.0 40.0 enim rerum etiam priuatarum, & domeſticarum

74.0 261.0 576.0 41.0 adminiſtratio & cura Epiſcopis interdiceretur,

69.0 292.0 581.0 37.0 cùm dicat Paulus 2.Timoth.2.verſ.6. Nemo mi¬

70.0 324.0 582.0 39.0 litans Deo implicet ſe ſecularibus negotiis. Sed

70.0 357.0 581.0 38.0 ea tantùm negotia dicuntur ſecularia, quæ ad

69.0 390.0 582.0 40.0 huius vitæ corporeæ vſum, & commoditatem

69.0 421.0 582.0 39.0 ſpectant omnino, & per ſe, nóſque à cura rerum

69.0 455.0 581.0 36.0 diuinarum auocant, ſiue noſtro, ſiue alieno nomi¬

68.0 486.0 581.0 42.0 ne à nobis illa gerantur, qualis eſt Negotiatio,

68.0 519.0 582.0 36.0 ſiue Mercatura mercium, Aduocatio in Præto¬

67.0 550.0 583.0 41.0 riis & foro iudiciali, Ratiociniorum alienorum

67.0 583.0 583.0 39.0 ſuſceptio, Procuratio domorum, bonorúmue a¬

67.0 616.0 582.0 39.0 lienorum, Conductio publicorum redituum: ca¬

67.0 648.0 581.0 36.0 non. Perlatum eſt ad nos. & canon. Conſequens

68.0 681.0 580.0 38.0 diſtinct. 88.canon. Placuit 21. quæſt.3 canon. Te

73.0 714.0 581.0 37.0 quidem oportet 1I. quæſt.i, quia in his omnibus

68.0 744.0 578.0 42.0 lucrum quæſtúſque per ſe ſpectatur, & ſolius vitæ

67.0 780.0 579.0 42.0 huius corporeæ cauſa geruntur, & inſtituuntur

67.0 812.0 163.0 36.0 hæc negotia.

88.0 840.0 558.0 44.0 Pauperũ quidem, Viduarũ, Pupillorum, Or¬

67.0 875.0 583.0 41.0 phanorũ, & Extraneorũ, denique omniũ miſera¬

67.0 907.0 579.0 43.0 biliũ perſonarũ, quæ dicũtur, negotia Epiſcopo

67.0 942.0 579.0 38.0 curæ eſſe debent, quia eſt Dei ſeruus Non tamen

65.0 971.0 581.0 41.0 vt illis ſic implicetur, vt à lectione ſcripturæ, con¬

65.0 1005.0 581.0 39.0 cionibus de verbo Dei, reliquíſq; ſui muneris par

65.0 1036.0 582.0 40.0 tibus propterea abſtrahatur. Hoc enim fieri ve¬

65.0 1070.0 581.0 39.0 tat Paul.2. Timoth.2.V.6. & cõfirmatur exemplo

66.0 1102.0 580.0 36.0 Apoſtolorum Actor.6.verſ.2. Adeò vt iam tem¬

66.0 1134.0 579.0 42.0 pore Cypriani Chartaginenſis Epiſcopi ex vetu¬

65.0 1168.0 584.0 49.0 ſta quadam Eccleſiæ diſciplina excuſarentur Pa¬

465.0 1200.0 61.0 42.0 k.iij.
