1000 1448
363.0 98.0 67.0 23.0 330)

458.0 69.0 383.0 47.0 AD I. PAVL. AD TIM.

361.0 119.0 204.0 34.0 comitas morum.

390.0 139.0 544.0 46.0 Pulchra verò eſt hæc antitheſis inter Spem &

359.0 174.0 575.0 44.0 fiduciam in incerto diuitiarum, & inter Spẽ ſiue

361.0 207.0 572.0 44.0 fiduciam quæ ponitur in Deo viuo, & aſfatim o¬

359.0 240.0 575.0 43.0 mnia nobis præbente, non tantùm ad tenuem &

361.0 271.0 574.0 44.0 neceſſarium vſum, ſed etiam ad liberalem & opi¬

360.0 304.0 576.0 46.0 parum. His autem epithetis, quæ hîc Deo tribuũ¬

361.0 337.0 574.0 44.0 tur, non tantùm verus Deus ab omni humani in¬

362.0 371.0 575.0 44.0 genij figmento, quod pro Deo habetur, non etiã

358.0 403.0 576.0 41.0 ſolùm ab omnibus idolis iam receptis pro dijs

360.0 435.0 576.0 42.0 ſecernitur: ſed etiam veriſſima noſtræ fiduciæ in

361.0 468.0 575.0 44.0 eum collocandæ ratio, cauſáque explicatur, nem¬

361.0 501.0 575.0 44.0 pe, quòd ſit ipſe omnis vitæ fons, ſiue tempota¬

359.0 534.0 577.0 41.0 riæ, ſiue etiam æternæ. Deinde, quòd quæcunque

360.0 565.0 578.0 41.0 ad vitam hanc etiam tuendam ſunt neceſſaria,

358.0 594.0 576.0 45.0 abundè & copioſè ille vnus omnibus nobis ſup¬

360.0 628.0 579.0 43.0 peditat, & ſubminiſtrat, vt ab eo ſolo pẽdere de¬

359.0 661.0 576.0 44.0 beamus, quacunque ratione vel viuere, vel vitam

359.0 694.0 579.0 44.0 ipſam tueri & conſeruare cupiamus. At qui hæ

359.0 732.0 577.0 37.0 caulæ ſunt, cur oiuites conndant ſuis opibus &

360.0 757.0 578.0 44.0 diuitijs, quòd per eas ſolas ſe vitam hanc tueri

360.0 790.0 577.0 42.0 & ſuſtinere poſſe credant. Quorum ratio non tã¬

361.0 822.0 577.0 42.0 tùm ex hoc Pauli loco refutatur: ſed etiam ex ea

362.0 861.0 576.0 37.0 parabola, quain amert enriltus Luc 12.verſ.16. &

362.0 890.0 115.0 44.0 ſequenti.

390.0 917.0 547.0 44.0 Vnus Deus) appellatur, non tantùm quòd &

359.0 952.0 577.0 43.0 in ſeſe, & per ſeſe viuat, ſed quòd omnbus, quæ

360.0 987.0 576.0 39.0 viuunt, vitã largiatur. Quæcunque enim viuunt,

358.0 1016.0 579.0 43.0 illius beneficio & dono viuunt, tam Angeli, quàm

362.0 1049.0 356.0 42.0 vermes ipſi, vt ait Auguſtinus.

386.0 1079.0 552.0 44.0 Præbet idẽ Deus omnia, ídque πυσίως, id eſt,

357.0 1111.0 581.0 61.0 affatim & copioſe:ſed (vt ait Iacobus) etiam be¬

851.0 1144.0 87.0 49.0 nignè
