1000 1448
471.0 102.0 370.0 45.0 AD I. PAVL. AD TIM.

359.0 119.0 55.0 38.0 194

358.0 130.0 584.0 58.0 Cque. ex ſpecie vna reliqua ciborum genera in¬

358.0 179.0 203.0 41.0 telligi oportere.

409.0 1141.0 544.0 51.0 Cum gratiarum actione) Tertium argumentum

391.0 197.0 551.0 56.0 Quartò, docent Deum ipſum hanc ciborum

358.0 228.0 583.0 58.0 differentiam inſtituiſſe maioris cuiuſdam ſancti¬

359.0 263.0 582.0 51.0 tatis gratia: & olim carnium eſu interdixiſſe

361.0 296.0 581.0 55.0 populo ſuo. Deut. 22. Quæ res non eſt viſa leuis

362.0 329.0 580.0 51.0 momenti, cùm laudentur qui etiam mortem obi¬

362.0 362.0 579.0 52.0 re non recuſarunt, ne vetitas à Deo carnes eſita¬

362.0 394.0 577.0 50.0 rent, vt apparet ex hiſtoria Macchabæorum. Re¬

363.0 428.0 581.0 53.0 ſpond. Cùm adhuc ſub pædagogia verſaretur

363.0 460.0 580.0 53.0 Dei populus, nec eius libertatis, quam per Chri¬

364.0 490.0 579.0 53.0 ſtum adepti ſumus, plenum vſum haberet (quò

363.0 523.0 580.0 50.0 inter Chriſti nondum manifeſtati & manifeſta¬

364.0 556.0 581.0 50.0 ti tempora perſpicuum diſcrimẽ appareret) Do¬

364.0 586.0 582.0 56.0 minum voluiſſe quibuſdã vmbris vitæ ſpiritualis

364.0 621.0 582.0 55.0 ſanctitatẽ, quam exigebat, illis repræſentare, quæ

365.0 653.0 583.0 54.0 illis quidem partim variis lotionibus: partim iſta

366.0 686.0 581.0 54.0 ciborũ diſtinctione propoſita fuit, tanquam ru¬

366.0 718.0 580.0 53.0 dioribꝰ adhuc puerulis. Quę cauſa in nobis ceſſat,

369.0 750.0 580.0 52.0 qui per Chriſti aduentum & gratiam ad legitimã

368.0 785.0 582.0 50.0 Eccleſiæ ætatem peruenimus, & pueri eſſe deſii¬

369.0 815.0 580.0 52.0 mus. Itaque hæc cauſa fuit inſtituti iſtius delectus

369.0 848.0 583.0 49.0 ciborũ à Deo, nẽpe vt illis adhuc rudioribus eſſet

370.0 881.0 583.0 51.0 vitæ ſanctioris delineatio & ſignificatio:nõ quòd

370.0 914.0 580.0 52.0 ciorprouibitripſi per ſe impuri eſſent, aut quòd

371.0 950.0 581.0 50.0 per fele ipn ciorconceſsi puriores, cùm tota ea

372.0 978.0 580.0 52.0 res carnalis fuerit (vt ait Scriptura) quæ propriè

373.0 1009.0 577.0 51.0 animos non attingit, vt docetur in Epiſt. ad He¬

374.0 1043.0 579.0 51.0 bræos cap.9. verſ. 1o. 7. verſ. 16. Atque hæc ipſa

372.0 1074.0 578.0 52.0 hodie firmiſsima eſt Papiſtarum ratio, quã à Ma¬

374.0 1117.0 250.0 38.0 nichæis ſumpſerunt.

371.0 1172.0 581.0 64.0 ab hæreticorum blaſphemia ductum. Eſt ea do¬

872.0 1202.0 81.0 59.0 ctrina
