1000 1448
592.0 94.0 41.0 42.0 425

236.0 104.0 187.0 19.0 CANVT VI.

65.0 119.0 551.0 51.0 qui ea docet. Hoc primum eſt ἀντίθέσιως caput.

98.0 155.0 537.0 43.0 Secundum autem, rationes varias complecti¬

63.0 189.0 572.0 45.0 tur, propter quas huiuſmodi homines, & meri¬

62.0 221.0 572.0 43.0 tò quidem, damnandi ſunt: & tam grauiter, vt

62.0 252.0 571.0 47.0 quidem excommunicentur, quemadmodũ poſt¬

61.0 286.0 572.0 42.0 ea apparebit. Quas autem rationes affert Paulus,

62.0 317.0 571.0 42.0 vidẽtur omnes eæ ex tribus locis ſumptæ nimirũ

61.0 349.0 574.0 45.0 ex. I Veræ doctrinæ & falſæ epithetis & diffe¬

58.0 381.0 577.0 45.0 rentia. 2 Cauſarum, à quibus falſa doctrina e¬

57.0 415.0 579.0 45.0 manat, deſcriptiont, voriplæ uocentium perſonæ

57.0 446.0 577.0 45.0 depinguntur à Paulo. 3 Effectorum falſæ i¬

55.0 479.0 578.0 48.0 pſius doctrinæ (quæ quidem ſunt teterrima &

54.0 512.0 296.0 42.0 peſſima) enumeratione.

86.0 543.0 547.0 47.0 Ergo ad primi loci argumenta pertinet, quod

54.0 589.0 575.0 32.0 Pauius verau doctimam vocat Euangelicam,

53.0 609.0 576.0 43.0 ſanos ſermones, & doctrinam pietatis: falſam au¬

50.0 639.0 577.0 43.0 tem doctrinam contr à nominat inſaniam, igno¬

50.0 673.0 579.0 45.0 rantiam, verborum pugnas, & peruerſas exerci¬

50.0 723.0 490.0 25.0 cationes nue peitheras ainii attiitlones.

78.0 737.0 547.0 46.0 Ad ſecundum locum referuntur eæ voces, quę

50.0 770.0 576.0 44.0 veriſsimas falſæ doctrinæ cudendæ cauſas conti¬

46.0 804.0 579.0 43.0 nent, quales ſunt hæ inflatus est. Sunt homines

46.0 838.0 579.0 42.0 mente corrupti, veritate priuati, auari & pieta¬

45.0 867.0 366.0 42.0 tem in quæſtum conuertentes.

71.0 900.0 554.0 42.0 Ad tertij loci argumenta reduco omnia effe¬

44.0 932.0 581.0 44.0 cta, quæ ex huiuſmodi praua doctrina conſequi

42.0 963.0 580.0 45.0 docet Paulus, qualis eſt inuidia, maledicentia, lis,

42.0 997.0 582.0 42.0 ſuperſtitio mala, &c. quæ varijs in locis enume¬

39.0 1030.0 584.0 44.0 rantur. Quæ omnia eò magis annotaſſe operæ¬

40.0 1061.0 581.0 45.0 pretiũ eſt, quòd Satan matæologiam ijs nunc ti¬

38.0 1094.0 584.0 43.0 tulis ornauit, atq; tã ſplendidis nominibus deco¬

38.0 1126.0 583.0 44.0 rauit, vt nihil ſimile ijs omnibus, quæ Paulus re¬

38.0 1159.0 580.0 54.0 cẽſet, habere videatur: ſed ita perſtringit hominũ
