1000 1448
271.0 108.0 132.0 17.0 CANvI.

413.0 108.0 33.0 17.0 Ve.

596.0 92.0 46.0 41.0 355

62.0 123.0 581.0 49.0 repugnans præponatur, præficiatúrque Eccleſiæ.

65.0 172.0 577.0 31.0 Quou oino perleurolam ent neqde fieri vllo

64.0 191.0 163.0 40.0 modo debet.

100.0 223.0 540.0 44.0 Trinundinum autem ſiue ſpatium trium heb¬

62.0 256.0 576.0 44.0 domadarum populo ſiue plebi concedi ſolitum

61.0 290.0 577.0 43.0 fuiſſe, intra quod de biecto u rrte prerio viro &

60.0 321.0 575.0 46.0 illi oblato atque etiã audito populus iudicaret,

59.0 355.0 476.0 39.0 apparet ex Socrate Scholaſt.lib. 5.cap.5.

90.0 388.0 544.0 43.0 Ipſius autem populi aſſenſum χεροτονία, id eſt,

59.0 419.0 578.0 43.0 manuum eleuatione præſtari & fieri ſolitũ fuiſſe

57.0 452.0 576.0 43.0 apud Græcos ex more gentis illius certiſſimum

57.0 483.0 578.0 44.0 eſt, ídque conſtat tũ ex profanis:tum etiã ex Ec¬

54.0 516.0 581.0 42.0 cleſiaſticis ſcriptoribus infinitis. Itaq; & in Actis

53.0 549.0 581.0 41.0 Apoſtolorum: & ſæpe apud patres electiones i¬

55.0 583.0 578.0 40.0 pſæ χερροτονίας voce nominantur. Videtur verò e¬

53.0 612.0 579.0 43.0 tiam hæc conſenſus præbendi & teſtificandi ra¬

53.0 644.0 573.0 44.0 tio vſitata fuiſſe inter Hebræos ex Nehem. 8.v.7

53.0 676.0 576.0 45.0 Apud nos Gallos in omnibus ferè conuentibus

51.0 721.0 578.0 31.0 pablieis comſemus noiter lolet modeltiſſimè ſo¬

51.0 741.0 574.0 48.0 lo ſilentio ſignificari, poſt propoſitam negotij,

50.0 777.0 574.0 40.0 de quo agitur, conſultationem: modeſtiæ, in¬

52.0 810.0 575.0 41.0 quam, cauſa. Id quod in electionibus Eccleſia¬

49.0 839.0 576.0 45.0 ſticis hodie quoque in reformatis Galliæ Eccle¬

47.0 872.0 200.0 38.0 ſijs obſeruamus.

78.0 904.0 547.0 44.0 Negant autem quidam obſtinatiſſimè, liberũ

48.0 938.0 577.0 42.0 populo ſuffragium eligendi relinqui, niſi duo aut

46.0 972.0 578.0 41.0 tres populo preſentẽtur, ſiue proponantur à Pre¬

45.0 1004.0 579.0 41.0 ſbyterio, quorum ſit libera populi optio. Nam ſi

47.0 1035.0 575.0 42.0 vnus, iſque duntaxat offeratur & præſentetur, ec¬

46.0 1067.0 579.0 44.0 quæ electionis libertas populo reſtat, aiunt, cùm

44.0 1098.0 577.0 44.0 ſit electio de duobus vt minimum vnius optio?

44.0 1131.0 578.0 44.0 Reſpondeo verò vbi copia atque facultas pluriũ

43.0 1164.0 577.0 50.0 idoneorum populo offerendorum datur, & ſup¬

460.0 1200.0 54.0 47.0 2.ij.
