1000 1448
368.0 103.0 69.0 26.0 1o4

473.0 90.0 385.0 39.0 AD I. RAVL. AD TIM.

366.0 119.0 582.0 49.0 bo: quæ res omnis impietatis proculdubio fons

366.0 158.0 276.0 40.0 eſt ac origo Coloſſ.2.

386.0 189.0 560.0 42.0 Magnopere igitur huiuſmodi doctrinæ vene¬

363.0 222.0 583.0 40.0 num nobis cauendum eſſe ſatis docẽt hæc Pauli

365.0 253.0 580.0 43.0 verba, per quæ eã vocat, Defectionẽ à fide, Dæ¬

362.0 296.0 581.0 31.0 Iomorumjuocerinan, vtretiain facob.3.V.15. do¬

362.0 320.0 580.0 43.0 cet eam eſſe plenam hypocriſeos, & Conſcien¬

362.0 351.0 379.0 40.0 tiam cauterio infectam afferre.

394.0 383.0 548.0 44.0 Alterum caput huius diſputationis rem ipſam

361.0 417.0 581.0 42.0 explicat, & Cauſam huius doctrinæ, & Tempus

361.0 448.0 581.0 44.0 & Doctrinam ipſam ſiue illius dogmata. Cauſa

362.0 480.0 579.0 44.0 verò huius doctrinæ eſt multiplex, quædã Supe¬

358.0 514.0 582.0 42.0 rior, Spiritus deceptores, & quædã inferior De¬

359.0 544.0 580.0 45.0 fectio à fide, & Hypocriſis, maláq; hominũ, tum

359.0 578.0 580.0 42.0 Docẽtium, tũ Diſcentiũ conſcientia. Vocat autẽ

357.0 612.0 583.0 40.0 hîc Paulus ſpiritus non homines quidem horum

357.0 643.0 583.0 42.0 dogmatum & errorũ præcones & miniſtros: ſed

358.0 674.0 581.0 45.0 Sathanam ipſum, & illius Angelos, quos poſtea

357.0 709.0 580.0 40.0 Dæmones nominat, quia illi ſunt & flabella &

356.0 741.0 581.0 41.0 authores veræ doctrinæ corrumpendæ, ne ho¬

354.0 772.0 581.0 42.0 mines ad ſalutem perueniant. Præterea qui

356.0 804.0 581.0 45.0 hæc venena ſpargunt, etiam ſpiritum iactant, ſed

354.0 837.0 580.0 42.0 ille eſt ſpiritus vertiginis & erroris, cui Dominus

353.0 870.0 579.0 42.0 ad puniendum nominis ſui contemptum dat effi¬

352.0 901.0 580.0 44.0 caciam. Hi igitur ſpiritus dicuntur πάνοι, id eſt,

353.0 937.0 577.0 41.0 non tantùm deceptores, ſed etiam ſeductores,

355.0 966.0 575.0 44.0 quia nos à recta via, cui iam inſiſtebamus, & in

353.0 998.0 576.0 42.0 qua iam incedebamus, deflectunt, id eſt, à verbo

353.0 1031.0 577.0 43.0 Dei abducunt, cui vni tanquam ſoli veritatis co¬

349.0 1065.0 579.0 42.0 lumnæ eſt acquieſcendum: quod plus eſt, quàm

348.0 1097.0 578.0 45.0 nos adhuc veritatis ignaros decipere, & in erro¬

345.0 1127.0 181.0 41.0 re confirmare.

376.0 1161.0 548.0 53.0 Ex parte autem auditorum cauſa quoque no¬

871.0 1198.0 56.0 48.0 tata
