1000 1448
371.0 90.0 48.0 26.0 432

488.0 73.0 373.0 38.0 AD I. PAVL. AN TIM.

365.0 102.0 577.0 52.0 iudicium, per quod eum vti ab Eccleſia hominẽ

364.0 135.0 580.0 52.0 alienum cenſet. Hæc excommunicatio tũ ſchiſ¬

366.0 169.0 578.0 46.0 matũ anſam præbet: tum etiam cõfundit ordinẽ

365.0 203.0 578.0 47.0 Eccleſiæ. Quanquam enim ab eorum conſortio

365.0 235.0 577.0 46.0 fugere debemus, quos ſcimus eſſe Dei irriſores,

365.0 271.0 577.0 45.0 & homines improbos: tamen eos pro excom¬

366.0 300.0 580.0 49.0 municatis habere propterea nõ debemus. Aliud

367.0 333.0 578.0 47.0 enim eſt abſtinere familiari alicuius conſuetudi¬

367.0 367.0 579.0 43.0 ne: aliud autem eſt eum pro excommunicato ha¬

367.0 399.0 576.0 45.0 bere, id eſt, pro membro reciſo, & putri, & cum

368.0 432.0 577.0 47.0 quo nobis in Sacramentorum adminiſtratione

368.0 464.0 577.0 43.0 communicare ſalua conſcientia non liceat. Hæc

366.0 498.0 580.0 45.0 enim excommunicationis vis eſt. Hæc igitur pri¬

367.0 530.0 578.0 41.0 uata excommunicatio locum in Eccleſia Dei

368.0 560.0 574.0 47.0 habere non poteſt, niſi fortè quiſque ſibi priua¬

368.0 596.0 578.0 44.0 tos cætus colligere velit, & niſi nos Donatiſtarũ

366.0 625.0 580.0 48.0 hæreſim comprobemus. Etſi verò multi Deo no¬

366.0 658.0 579.0 47.0 ti ſunt ſcelerati & improbi, qui tamen nobis pul¬

367.0 689.0 579.0 46.0 chri vidẽtur, alia tamẽ eſt Dei ratio, alia hominũ,

370.0 723.0 577.0 46.0 qui de occultis non iudicant. Præterea etſi tibi

369.0 757.0 577.0 47.0 ſoli hic ſceleratus notus eſt, propterea tamen

369.0 792.0 334.0 40.0 non eſt excommunicandus.

386.0 826.0 560.0 41.0 I uuncan encommameudonem appellant eã,

370.0 853.0 577.0 49.0 que præcedẽte Eccleſiaſtico iudicio, eóque legi¬

370.0 886.0 578.0 43.0 timo facta eſt, vt quis tanquam alienus à Dei Ec¬

370.0 917.0 577.0 48.0 cleſia cenſeatur, ídque iuſta de cauſa. Hanc ſolam

370.0 951.0 580.0 45.0 nos agnoſcimus, atque admittimus, de qua etiam

370.0 984.0 580.0 46.0 loquitur hoc loco Paulus, nõ autem de illa prio¬

371.0 1025.0 165.0 37.0 re & priuata.

403.0 1048.0 545.0 45.0 Duo quædam autem hîc nobis obiiciuntur,

370.0 1081.0 580.0 43.0 Primùm, quod ait Iacob.5.V.19. tales potius re¬

370.0 1114.0 583.0 44.0 uocandos eſſe, quàm dimittendos, aut ita ſemel

371.0 1144.0 580.0 56.0 ſegreges faciẽdos. Cũ quo cõſentit quod ait Pau¬

906.0 1182.0 44.0 55.0 lus
