1000 1448
362.0 97.0 53.0 25.0 150

448.0 84.0 378.0 30.0 AD P.TAVC. AD TIM.

357.0 109.0 578.0 48.0 afferri ad ſuperiorem obiectionem poteſt, quòd

355.0 147.0 580.0 42.0 tunc temporis, cùm hæc ſcribebat Paulus, nul¬

355.0 178.0 579.0 44.0 lus erat fidelis magiſtratus, qui piæ & veræ do¬

356.0 215.0 578.0 41.0 ctrinæ euerſores & corruptores puniret. Itaq; de

356.0 244.0 578.0 40.0 matæologis aut hypocritis iſtis ad magiſtratum,

358.0 279.0 575.0 41.0 qui tunc nullus erat, remittendis nihil, & meritò

359.0 310.0 576.0 43.0 quidem, præſcribit Paulus. De quo argumento

359.0 341.0 575.0 45.0 prolixa eſt diſputatio Auguſt. aduerſus Donati¬

358.0 378.0 62.0 41.0 ſtas.

397.0 412.0 537.0 58.0 6 Est autem quæſtus magnus pietas cũ

358.0 460.0 341.0 47.0 animo ſua ſorte contento.

387.0 497.0 548.0 46.0 Mihi videtur totus hic locus eſſe διάβασς ſiue

358.0 530.0 577.0 45.0 digreſſio in auaros, & diteſcere cupientes homi¬

357.0 565.0 577.0 41.0 nes, accepta occaſione ex ſuperiori argumento,

356.0 596.0 580.0 42.0 nimirũ, quòd qui ſanæ doctrinæ non acquieſcũt,

356.0 625.0 579.0 45.0 id lucri & diteſcendi cupiditate vt plurimum fa¬

356.0 659.0 579.0 44.0 ciant. Sic Epheſ.5. verſ. 24 inducta comparatio¬

355.0 691.0 581.0 44.0 ne carnalis & ſpiritualis coniugij, de Chriſti er¬

357.0 724.0 581.0 44.0 ga ſuam Eccleſiam beneficijs latè diſſerit Paulus.

357.0 756.0 581.0 44.0 Artificioſè autem Paulus & lepidè etiam hoc lo¬

357.0 789.0 581.0 44.0 co & verſiculo, vti & ſuperiore, vtitur ἀνακλάση

356.0 826.0 583.0 39.0 retorquens in iſtos homines auaros vocem ipſam

357.0 856.0 581.0 39.0 quæſtus, quem tam ſtudioſe & auidèconſectan¬

356.0 890.0 584.0 40.0 tur. Ac primũ grauiter perſtringit pungítque eos

358.0 921.0 579.0 40.0 qui pietatem lucrum eſſe exiſtimant. Eſt ſanè,

357.0 953.0 580.0 42.0 inquit Paulus, pietas & lucrum & quæſtus, iſque

357.0 987.0 580.0 38.0 magnus, qui animũ ſua ſorte contentum ſemper

358.0 1018.0 581.0 39.0 adiunctum affert verè pijs, adeò vt de maioribus

359.0 1050.0 583.0 42.0 opibus comparandis minimè ſint ſolliciti & an¬

359.0 1082.0 581.0 42.0 xij. Secundo verò loco docet in quibus rebus ſi¬

359.0 1114.0 586.0 43.0 tæ ſint veræ, ſtabiléſque diuitiæ. Demum quid

359.0 1147.0 575.0 51.0 cauſæ ſit, cur angi homines de maioribus copijs

823.0 1185.0 111.0 44.0 parandis
