1000 1448
374.0 98.0 55.0 25.0 398

517.0 85.0 354.0 39.0 AD I. PAVL. AD TIM

372.0 113.0 573.0 48.0 admonet. Facit enim cùm noſtra ſegnities, tum

370.0 151.0 575.0 44.0 ipſius muneris onus & magnitudo, vt huiuſmo¬

369.0 183.0 576.0 43.0 di cohortationes etiam optimis quibuſque ſint

369.0 216.0 576.0 43.0 necelariæ, quando & pro ſeipſo quoque à tota

367.0 247.0 576.0 42.0 Eccleſia Deum orari voluit Paulus, vt rectè ſuo

366.0 280.0 576.0 42.0 munere fungeretur Epheſ.6.v19. Depoſiti verò

366.0 312.0 574.0 44.0 nomine quid hîc Paulus ſignificet quæſitum eſt.

367.0 344.0 574.0 43.0 Alij referunt ad dona Timothei peculiaria. Alij

366.0 378.0 576.0 43.0 ad doctrinam cognitionémque fidei, quæ omniũ

367.0 411.0 575.0 41.0 Chriſtianorum communis eſt. Alij ad munus i¬

367.0 442.0 576.0 44.0 pſum paſtoris, quo tunc in Eccleſia Epheſina

366.0 476.0 576.0 42.0 fungebatur ad tempus Timotheus. Ego verò

364.0 505.0 578.0 44.0 cùm hîc in perſona Timothei omnium fidelium

366.0 538.0 576.0 44.0 Eccleſiæ paſtorum conditionem pingi & deſcri¬

365.0 569.0 577.0 44.0 bi putem, refero vocem depoſitum ad ipſius, id

364.0 603.0 577.0 43.0 eſt, paſtorum munus. Quanquam enim fuit Euã¬

365.0 635.0 576.0 43.0 geliſta Timotheus: non autem vni alicui Eccle¬

361.0 667.0 580.0 44.0 ſiæ addictus paſtor, tamen Euangeliſtæ munus

361.0 701.0 579.0 39.0 tunc in Eccleſia publicum munus fuit & Eccle¬

361.0 731.0 577.0 42.0 ſiaſticum: & quo tempore hæc ſcribebat Paulus,

360.0 762.0 579.0 46.0 Epheſi velut paſtoris partes ſuſceperat ad tem¬

362.0 799.0 577.0 40.0 pus Timotheus. Eſt igitur paſtoris munus De¬

360.0 830.0 576.0 42.0 poſitum, ſed Dei depoſitum, non autem hominũ,

361.0 862.0 577.0 42.0 cui propterea illius depoſiti ratio reddenda eſt.

363.0 895.0 575.0 42.0 Quanquam autem hominum ſuffragio paſtores

361.0 927.0 578.0 43.0 eliguntur, eius tamen electionis vis & authori¬

361.0 959.0 577.0 38.0 tas à Deo ipſo authore: non ab hominum voce

361.0 992.0 577.0 42.0 pendet. Itaque non tam homines, quàm Deus

361.0 1021.0 578.0 47.0 ipſe cuique paſtori Eccleſiam, & gregem cui

365.0 1057.0 570.0 41.0 præſicitur commendat, & velut depoſitum,

362.0 1090.0 575.0 40.0 quod repetiturus eſt, tradit ſeruandum ad tem¬

364.0 1120.0 572.0 43.0 pus. Vnde illa eſt eiuſdem Pauli ſententia Act.

363.0 1151.0 576.0 64.0 2o. verſa8. Attendite igitur vos ipſos, & totum

841.0 1197.0 99.0 43.0 gregem
