1000 1448
592.0 88.0 46.0 54.0 337

260.0 106.0 176.0 19.0 CAPVT V.

63.0 122.0 578.0 54.0 non omnia iudieiorum peruerſorum vitia nunc

63.0 160.0 575.0 49.0 enumerat: ſed ex iis aliqua, ex quibus paucis cæte

63.0 192.0 574.0 50.0 ra colligere licet. Gregorius Magnus.4.eſſe ſum¬

62.0 225.0 574.0 48.0 mas iudiciorum corrumpendorum cauſas ſcribit

59.0 255.0 578.0 49.0 ſcilices Timorem, Cupiditatem, Odium, Amo¬

57.0 290.0 576.0 47.0 rem, cuius ſentẽtia deſcripta tie mi Ouh. Quatuor

58.0 337.0 576.0 34.0 modis.Il quæit.3. Quę ſane aliqua ex parte expo¬

56.0 354.0 437.0 46.0 nit, quæ breuius hîc Paulus recenſet.

91.0 433.0 542.0 40.0 22 Manus cito ne cuiimponito, neque

51.0 459.0 579.0 55.0 cõmunicato peccatis alienis: temetipſum pu¬

52.0 501.0 149.0 48.0 rum ſerua.

83.0 541.0 548.0 51.0 Canon præſtantiſſimus, qui etiam ad paſtorũ

49.0 575.0 590.0 51.0 erga paſtores officium pertinet. Nam ſuperiores

51.0 610.0 576.0 43.0 canones ad paſtores iam creatos ſpectabant: hic

50.0 640.0 583.0 51.0 autem de Paſtoribus adhuc creandis agit. Hoc v¬

48.0 672.0 577.0 51.0 no breuiter complexus eſt Paulus optimam &

49.0 707.0 572.0 48.0 totam penè eligendorum paſtorum rationem,

49.0 737.0 577.0 50.0 quæ nobis hodie obſeruanda quoque eſt, vt legi¬

47.0 770.0 577.0 49.0 timè vocatos paſtores habeamus. Quæ res tan¬

46.0 802.0 579.0 50.0 ti eſt in eccleſia momenti, vt propter eam ſupe¬

44.0 835.0 581.0 48.0 riorem obteſtationem à Paulo præmiſſam eſſe

45.0 867.0 576.0 50.0 cenſeat Chryſoſto. Certè cùm de ea re monitum

51.0 898.0 573.0 52.0 Timotheum eſſe oportuerit: & magni periculi

48.0 932.0 574.0 51.0 plenam eſſe, & grauis momenti in eccleſia ordi¬

45.0 962.0 576.0 52.0 nanda, iam dubitari non debet. Hæc autem præ¬

45.0 996.0 576.0 48.0 cepti ſumma eſt. Neminẽ in eccleſia Dei citò &

46.0 1029.0 574.0 50.0 temere promouẽdũ eſſe ad aliquod munus eccle

45.0 1061.0 575.0 47.0 ſiaſticum, quantũuis exiguum: de eo enim mune¬

44.0 1092.0 575.0 51.0 ris genere, ideſt eccleſiaſtico, Paulum agere, non

45.0 1124.0 575.0 53.0 de politicis Magiſtratibus apparet ex phraſi ipſa

50.0 1160.0 569.0 56.0 qua vtitur. Ait enim Ne manꝰ imponas. Nõ quòd

459.0 1201.0 38.0 50.0 y.3
