1000 1448
370.0 93.0 66.0 24.0 494

477.0 80.0 373.0 32.0 AD f. TAVL. AD TIM.

366.0 110.0 576.0 40.0 cleſia quidam tales exiſterent. Præſertim autem

366.0 143.0 575.0 42.0 in amplis & opulentis ciuitatibus ſæpe id acci¬

365.0 177.0 573.0 40.0 dere & cerniſolet. Hoc autem & ipſis diuitibus

365.0 209.0 575.0 38.0 exitioſum eſt: & cæteris in Dei Eccleſia præbet

364.0 241.0 575.0 42.0 offendiculum. Cui malo remedium afferendum

365.0 274.0 573.0 40.0 fuit. Atque tale quid iam tunc in Epheſina Ec¬

363.0 314.0 576.0 35.0 cieila coneigme, veriime mit ex eo ſit, quòd

363.0 341.0 575.0 44.0 non fruſtra has præceptiones de diuitijs repetit

364.0 371.0 104.0 39.0 Paulus.

397.0 402.0 541.0 41.0 Secunda verò huius regreſſionis cauſa eſt, ne,

362.0 436.0 576.0 42.0 cùm ſuperioribus verſiculis tã acerbè in diuitiarũ

362.0 471.0 575.0 39.0 appetitum inuectus eſſet, diuites Chriſtiani o¬

362.0 501.0 576.0 39.0 mni ſpe & ſalutis, & bene vtendi ſuis diuitijs ſe

361.0 534.0 577.0 37.0 deſtitutos eſſe ſtatuerent & quererentur. Itaque

361.0 567.0 576.0 37.0 eas abiicerent, tanquam omnino cum Chriſtia¬

360.0 599.0 576.0 42.0 ni nominis profeſſione pugnantes & ὀσυζύγος,

359.0 631.0 580.0 40.0 Deóque exoſas. Neque enim ſuprà diuitias per¬

357.0 664.0 582.0 39.0 ſe damnauit Paulus, quemadmodum rectè Au¬

361.0 696.0 576.0 38.0 guſtinus ſcribit: ſed diuitiarum morbum: neque

360.0 731.0 577.0 38.0 præcipit Paulus diuitibus, vt ſuas diuitias abiici¬

358.0 761.0 577.0 41.0 ant, quod inſanus ille Antiſthenes philoſophus

358.0 794.0 576.0 42.0 & poſt eum Ariſtippus fecit: ſed vt ijs benè vtan¬

358.0 827.0 577.0 40.0 tur, tum ad Dei gloriam: tum ad ſuam ipſorum

358.0 861.0 578.0 41.0 ſalutem, & proximorum commodum & ædifica¬

356.0 892.0 578.0 42.0 tionem. Hæc igitur cauſa eſt repetitæ huius ex¬

357.0 925.0 577.0 41.0 hortationis, vt hoc tam neceſſario præcepto, tã¬

360.0 956.0 576.0 40.0 quam præclaro colophone & fine, totam hanc

358.0 987.0 431.0 41.0 epiſtolam tandem clauderet Paulus.

376.0 1018.0 559.0 44.0 Ergo quid hæc præceptio contineat ſigillatim

355.0 1053.0 583.0 37.0 nobis expendendum eſt. Duo verò obſeruemus

354.0 1085.0 582.0 38.0 hoc loco, & Quibus præcipiat, & Quid præci¬

355.0 1118.0 581.0 41.0 piat. Præcipit igitur Paulus diuitibus, & ijs qui¬

356.0 1150.0 580.0 50.0 dem, qui in hoc ſeculo diuites ſunt. Quæ verba

884.0 1185.0 50.0 44.0 ſuo
