1000 1448
250.0 96.0 197.0 18.0 CANVIVIa.

568.0 78.0 48.0 35.0 459

41.0 111.0 580.0 47.0 neq; ſe reſpiciant. Breuiter autem addit pondus

40.0 147.0 580.0 43.0 huic ſuæ exhortationi, cùm eos, quos in Timo¬

40.0 179.0 580.0 44.0 thei perſona alloquitur, nempe Paſtores Eccle¬

41.0 213.0 583.0 40.0 ſiæ vocat homines Dei. Ex hac enim ipſorum

41.0 243.0 578.0 44.0 laude vult eos diligentius officij ſui commonefa¬

41.0 279.0 581.0 39.0 cere. Neque enim ſolius Timothei propria eſt

41.0 309.0 581.0 42.0 & peculiaris hæc appellatio. Obiter tamen illud

41.0 342.0 578.0 43.0 in noſtram vtilitatem & expergefactionem no¬

41.0 374.0 581.0 38.0 tandum eſt, quòd ſummopere huiuſmodi exhor¬

40.0 405.0 583.0 44.0 tationes ſunt nobis neceſſariæ, cùm ne ipſi quidẽ

44.0 439.0 577.0 39.0 Timotheo fuerint inutiles: ſed proh Deum im¬

40.0 471.0 582.0 43.0 mortalem, quali viro, ad quem nos collati nihil

38.0 503.0 585.0 44.0 niſi maculæ & turpitudo ipſa videbimur! Nec

40.0 538.0 583.0 40.0 verò lubens aut iocans Paulus ſic eum admonet,

39.0 567.0 584.0 47.0 ſed quod illi ipſi, quanquam multum in Dei me¬

39.0 602.0 582.0 43.0 tu progreſſo, vtilem tamen hanc exhortationem

41.0 634.0 284.0 44.0 fore viderit & ſperarit.

74.0 666.0 547.0 42.0 Quæritur autem, cur Timotheus vocetur ho¬

40.0 699.0 585.0 43.0 mo Dei, & quæ ſit huius appellationis propria ſi¬

41.0 731.0 579.0 43.0 gnificatio, tum hoc loco: tum etiam alijs penè in¬

39.0 764.0 584.0 42.0 finitis. In vniuerſum omnes homines dici poſſũt

37.0 795.0 584.0 44.0 homines Dei κληςικῶς & γενικῶς, quia & à Deo

37.0 828.0 580.0 43.0 ſunt conditi, & illius ſunt. Domini enim eſt o¬

39.0 861.0 581.0 42.0 mnis terra & plenitudo eius, & qui in ea habitãt.

38.0 892.0 583.0 45.0 Pſalm.24. & Pſal.5o. verſ.1o. Quod propter Mar¬

38.0 926.0 585.0 40.0 cionitas, Manichæos & alios hæreticos ſcitu ne¬

38.0 958.0 585.0 41.0 ceſſarium eſt, quorum alij hominem totum opus

38.0 990.0 583.0 41.0 alterius δημιόργο, quàm veri Dei eſſe docent: alij

41.0 1022.0 579.0 44.0 partem quandam hominis, velut alij corpus, alij

41.0 1058.0 583.0 36.0 animam. Secundo loco dicuntur homines Dei

38.0 1086.0 585.0 42.0 ἐἰδικῶς & ἀγιαςικῶς ſoli Pij, Fideles, & Electi,

41.0 1119.0 581.0 45.0 quòd ab eo ſanctificẽtur, in ijs habitet, & eos pro

40.0 1152.0 581.0 55.0 ſuo populo peculiariter elegerit Deus. Ex quo
