1000 1448
259.0 128.0 200.0 28.0 CAPVT III.

625.0 119.0 33.0 45.0 115

84.0 145.0 584.0 59.0 & imprimis verbi ſui fidelibus Miniſtris Matth.G

87.0 184.0 579.0 53.0 verſ.25. etſi Eccleſia ijs non ſubuenerit. Deinde

83.0 232.0 580.0 39.0 nonneijs præcipue, vti Chriſtianis pauperibus,

84.0 250.0 430.0 47.0 exærario pauperum erogari debuit?

115.0 279.0 547.0 54.0 Secunda verò iſtius poſtulationis ab ordinan¬

83.0 314.0 579.0 50.0 dis ratio fuit, quòd continentes Miniſtros ſan¬

82.0 348.0 580.0 51.0 ctiores, quàm coniugatos eſſe exiſtimarent &

80.0 381.0 581.0 46.0 mundiores, quia Dominus iuſſiſſet ſuum populũ

80.0 411.0 581.0 50.0 aliquando vxoribus abſtinere, vt ſe ſanctificaret

79.0 444.0 580.0 49.0 Exod. 19. Denique propter dictum Pauli 1. Cor.

82.0 477.0 577.0 49.0 7. verſ.5. liberiores & paratiores eſſe putabant: vt

78.0 512.0 580.0 48.0 orationi & ſuo muneri vacarent. Quæ tamen opi¬

77.0 547.0 581.0 45.0 nio ex peruerſa cœlibatus admiratione & laude

76.0 575.0 581.0 50.0 profecta eſt, & ex Encratitarum hæreticorum

76.0 608.0 578.0 50.0 cœno deducta, in vituperium & contumeliã con¬

74.0 640.0 453.0 44.0 iugij can. Ante triennium diſtinct.31.

111.0 670.0 543.0 54.0 Atque hie mos in Occidẽte potiùs & ſtrictius

74.0 703.0 580.0 52.0 ſiue religioſius, quàm in Oriente primum obſer¬

73.0 737.0 578.0 49.0 uabatur. Imprimis autem Romæ obtinuerat, quẽ

72.0 769.0 578.0 51.0 tamen apertè improbat Gregor. Magnus lib.1.

71.0 802.0 579.0 53.0 epiſt. 42. & apparet ex cano. Placuit Epiſcopos

70.0 834.0 581.0 53.0 diſtinct. 32. cano. Ante trienniũ diſtinct. 31. quàm

69.0 868.0 581.0 49.0 hoc ægrè fuerit receptum. Nam Græci Epiſcopi

69.0 913.0 580.0 36.0 & Orientales vel rarò pollicitationem iſtam de

69.0 934.0 580.0 48.0 continentia exigebant: vel eam etiam non obſer¬

67.0 966.0 582.0 46.0 uabant, vt docet Socrat.libij: caprril Ioc tantùm

67.0 998.0 580.0 49.0 cõſtituerunt, vt ne liceat ordinato Epiſcopo ac¬

68.0 1030.0 579.0 49.0 cipere aliam, priori vxore defuncta & mortua

67.0 1064.0 578.0 50.0 cano. De Syracuſanæ in fi. diſtinct. 28.cano. Quo¬

69.0 1095.0 213.0 44.0 niam diſtinct. 31.

97.0 1124.0 549.0 56.0 Denique tandem poſt varias diſpurationes &

67.0 1159.0 579.0 52.0 laudes virginitatis & cœlibatus eò res rediit, vt

65.0 1192.0 582.0 59.0 mariti & coniuges viri ad aliquam dignitatem

482.0 1237.0 53.0 46.0 h.ij.
