1000 1448
231.0 100.0 176.0 24.0 CARVT V.

593.0 82.0 35.0 41.0 317

58.0 114.0 577.0 54.0 puerint, vt ſint de populo reliqui ad iniuriam, &

59.0 152.0 576.0 45.0 peccandum tardiores. Sed etiam olim reliquis

58.0 182.0 579.0 49.0 Eccleſijs ſignificabantur ij, qui ob ſcelus erant

59.0 216.0 576.0 48.0 depoſiti, vtex concilio Carthaginenſi 1. & 2.

59.0 248.0 576.0 50.0 apparet, & ex Cypria. Atque has literas formatas

60.0 278.0 576.0 52.0 appellabant. Certè Presbyter Flauianus Epiſco¬

61.0 310.0 576.0 50.0 pum ſuum publicè reprehendit, quòd in Chri¬

59.0 345.0 579.0 44.0 ſtiana religione veram fidem ſimularet, vt ait

64.0 375.0 574.0 50.0 Theod.lib.5.cap.3. & idem lib. 5.cap.28. Laudat

60.0 408.0 579.0 50.0 Chryſoſtom. quod ſuos Presbyteros libere, tum

59.0 441.0 580.0 49.0 moneret, tum publicis cenſuris caſtigaret. Vt

58.0 475.0 580.0 49.0 autẽ malè agentes Presbyteri ſunt ſemper repre¬

60.0 505.0 581.0 50.0 hendendi: ita bene agentes ſunt & cohortandi

59.0 535.0 583.0 53.0 & laudandi, vti Epiſcopi Ægyptij Athanaſium

60.0 568.0 579.0 53.0 exulẽ propter fidem aliis Eccleſiis commenda¬

60.0 603.0 551.0 51.0 runt, vt apparet ex Tripar. hiſtor. lib. 4.cap.19.

89.0 633.0 552.0 50.0 Plato annotat tria eſſe ſupplicii, per quod cri¬

61.0 670.0 580.0 48.0 men punitur, genera κόλασην, τμιν, οράδεγμα. κό¬

61.0 700.0 582.0 47.0 λασις eſt in ipſius delinquentis corpore & ſenſu

61.0 731.0 580.0 50.0 inflicta pœna, vti ictus fuſtium, abſciſſio auricu¬

61.0 764.0 580.0 50.0 læ. Tiuὴ pœna ea, quæ ob publicã tranquillitatẽ

61.0 796.0 580.0 51.0 violatam impoſita eſt, qualis eſt infamia, exiliũ,

61.0 829.0 582.0 50.0 multa pecuniaria. Neutra caſtigatio pertinet ad

61.0 859.0 582.0 53.0 Eccleſiam: ſed ad magiſtratũ quanquam ab Eu¬

63.0 892.0 580.0 51.0 genio primo conſtitutum eſt, vt liceret Epiſco¬

64.0 928.0 576.0 46.0 pio luos Presbyteros criminis conuictos carce¬

61.0 958.0 579.0 49.0 re multare, qui certè fuit manifeſtus poteſtatis a¬

65.0 991.0 580.0 49.0 buſus. Παράδ'ειγμα eſt pœna, quæ cæterorum eru¬

64.0 1022.0 580.0 50.0 diendorum vel terrendorum cauſa publicè con¬

65.0 1053.0 577.0 49.0 ſtituta eſt, atque hæc ab Eccleſia imponi poteſt.

70.0 1087.0 573.0 54.0 Verbũ inde eſt οραδειγεόζεθς, quo vtitur Mat.1

100.0 1151.0 541.0 65.0 1 Quod eſt Matth.18. verſ15. Mitius repre¬

97.0 1123.0 391.0 47.0 Duo verò poſſe obiici videntur.
