1000 1448
218.0 106.0 204.0 22.0 CAPVT III.

566.0 87.0 47.0 46.0 172

38.0 121.0 579.0 43.0 oues meæ vocẽ meã audiunt, ait Chriſtus Ioa.10.

39.0 159.0 582.0 38.0 adeò vt ſublata & abolita illa veritate, vel mutata

38.0 190.0 583.0 44.0 in mendaciũ, deſinat quoque eſſe illîc Eccleſia, &

40.0 224.0 577.0 37.0 vbi illa veritas annuntiatur, illîc quoque naſcitur

39.0 254.0 578.0 45.0 Eccleſia. Ergo non eſt Eccleſia vel locis, vel cer¬

40.0 292.0 577.0 38.0 cio perionis aiipatajce aitrieea, ſed doctrinæ ver¬

41.0 318.0 583.0 46.0 bi Dei, vt etiã deſiniuit Synodus Gangrenſis de

41.0 356.0 202.0 41.0 ſanctitate agens.

69.0 382.0 552.0 48.0 Abuſi ſunt igitur perſpicuè hoc loco Papiſtę

42.0 416.0 580.0 45.0 dum hinc colligunt, verbi Dei certitudinẽ ex Ec¬

41.0 448.0 580.0 47.0 eleſiæ approbatione & hominum ſuffragio pen¬

41.0 481.0 579.0 41.0 dere. Nam falſum eſt. Subiiceretur enim Deus

40.0 513.0 580.0 46.0 hominibus, id eſt, creator creaturæ, & omnipo¬

41.0 545.0 579.0 43.0 tens vermibus terræ: & poſſent homines ſuam

40.0 575.0 579.0 47.0 Deo veritatem adimere ſi vellent, vel illi conſer¬

41.0 612.0 578.0 42.0 uare, quæ tamen penes eum vnum reſidet, neque

40.0 641.0 577.0 45.0 ex hominũ iudicio & authoritate pendet, vel im¬

40.0 674.0 578.0 45.0 mutari poteſt Iacob.1.V.17. Præclarè enim Iren.

41.0 706.0 576.0 46.0 lib.3. cap.1. & 11. Euangelium eſt columen fidei

40.0 740.0 579.0 41.0 noſtræ, non hominũ authoritas. Et quod contra

40.0 772.0 578.0 45.0 fundamenta. Manichæo. epiſtol. cap 5.ſcribit Au¬

41.0 805.0 578.0 46.0 guſt. Ego verò Euangelium non crederem, niſi

41.0 837.0 576.0 40.0 me Catholicæ Eccleſiæ commoueret authoritas,

42.0 870.0 576.0 42.0 dictum eſt aduerſus eos qui pro animi libito, ex

41.0 904.0 577.0 43.0 ſola ſuorũ præceptorũ & quidé recẽtium appro¬

42.0 934.0 579.0 43.0 batione, hos ſacræ ſcripturæ libros recipiebant

44.0 966.0 573.0 43.0 vt authenticos: illos autem, vt falſatos, reiicie¬

42.0 997.0 575.0 47.0 bant, quod faciebant Manichæi, quibus opponit

41.0 1030.0 577.0 46.0 Auguſtinus maiorem & fideliorem hominum

42.0 1063.0 575.0 47.0 approbationem, nempe diuturnum totius Eccle¬

41.0 1099.0 184.0 40.0 ſiæ conſenſum.

74.0 1125.0 543.0 47.0 Denique quod iidem Papiſtæ ex hoc loco col¬

41.0 1160.0 576.0 52.0 ligunt, Eccleſiam errare non poſſe, falſum eſt, ſi
