1000 1448
356.0 76.0 483.0 37.0 400 AD I. TAVL. AD TIM.

352.0 107.0 576.0 46.0 eorum qui ſimilis cum alijs naturæ fuerunt Item

350.0 144.0 578.0 41.0 & humanos animos eſſe quoque mutabiles, caſus

350.0 176.0 578.0 43.0 primi hominis certiſſimè docet, per quem tanta

353.0 210.0 573.0 39.0 & animi & corporis in deterius immutatio in

352.0 246.0 573.0 38.0 nobis facta eſt. Ergo ij quodammodo mortales,

352.0 271.0 249.0 43.0 quia ſunt mutabiles.

384.0 305.0 541.0 44.0 Secundum Epitheton eſt, Qui lucem habitat.

350.0 339.0 575.0 42.0 inacceſſam. Hic locus eſt etiam vberrimus, quem

350.0 374.0 575.0 39.0 tamen breuiter contrahemus in pauca. Primùm

349.0 403.0 576.0 42.0 verò videndum eſt, vnde ſumptum ſit hoc Pauli

350.0 436.0 575.0 41.0 dictum. Nec enim hæc fuit particulariter facta

349.0 471.0 574.0 35.0 Paulo reuelatio de natura Dei. Planè verò con¬

348.0 501.0 573.0 41.0 ſentit hic locus atque hæc deſcriptio cum ea,

348.0 533.0 573.0 39.0 quam de maieſtate Dei incomprehenſibili Pro¬

348.0 566.0 573.0 38.0 phetæ tradunt. Eſt igitur ſimilis huic locus Pſal.

347.0 602.0 572.0 37.0 93.veri.I.Ilai.6.veri.2.57.verf. 15. Ezechiel, 1. &10.

350.0 631.0 572.0 40.0 Tanta enim eſt hæc lux, qua Deus vndique cir¬

344.0 661.0 577.0 40.0 cumſeptus effulget, vt Angeli ipſi beati illius ful¬

345.0 695.0 576.0 43.0 gore perſtringantur, at que faciem ſuampropter¬

346.0 729.0 304.0 40.0 ea obtegant, & operiant.

376.0 758.0 545.0 44.0 Sed diſſimiles huic vidẽtur alij quidam eſſe

345.0 793.0 573.0 42.0 Scripturæ ſacræ loci. Imprimis ij omnes, in qui¬

342.0 824.0 576.0 42.0 bus dicitur Deus habitare in nube, vel ex turbine

342.0 858.0 575.0 42.0 & caligine loquutus fuiſſe, vti Exod.14, & 20. Le¬

340.0 890.0 579.0 41.0 uitic. 16.Iob.38.verſ.1 Item vbi dicitur Deus fuiſ¬

339.0 924.0 579.0 40.0 ſe cum leui vento, non cum igne, quemadmodum

339.0 955.0 578.0 41.0 cùm apparuit Eliæ 1. Regum. 19. verſ 12. Reſpond.

338.0 987.0 580.0 41.0 In nullo iuſtiuſmodi ſcripturæ loco veram Dei

340.0 1020.0 577.0 41.0 ſedem deſcribi, quemadmodum hîc: ſed ea tan¬

337.0 1051.0 580.0 41.0 tùm ſigna & Symbola declarari, per quæ homi¬

338.0 1083.0 579.0 41.0 num oculis ſeſe parefecit in hoc mundo pro re

335.0 1121.0 579.0 37.0 rum, temporum, perſonarum, quibuſcum illi res

336.0 1152.0 578.0 45.0 erat, conditione, vſu, & diuerſa ratione. Ergo ill

857.0 1186.0 60.0 39.0 loci
