1000 1448
250.0 109.0 197.0 25.0 CAPVT III.

604.0 94.0 42.0 49.0 111

98.0 127.0 545.0 49.0 Venio iam ad eas poſtremæ ætatis conſtitu¬

61.0 166.0 580.0 44.0 tiones, per quas hoc Pauli dictum & præceptum

61.0 198.0 581.0 42.0 non tantum inflexum eſt à vero ſenſu: ſed omni¬

60.0 239.0 580.0 37.0 no immutatum, & ſublatum ex nimia & præpo¬

60.0 263.0 348.0 35.0 ſtera celibatus admiratione.

91.0 292.0 547.0 45.0 Ac primum quæſitum eſt anxiè, Vtrum celi¬

57.0 324.0 583.0 43.0 batus eſſet Miniſtris Eccleſiaſticis, ſiue iam voca¬

57.0 359.0 584.0 42.0 tis & ordinatis, ſiue vocandis & creandis præciſè

58.0 392.0 583.0 43.0 indicendus & præfiniendus. Reſpond. Cùm ne¬

60.0 423.0 578.0 45.0 que donum continentiæ ſit in noſtra poteſtate,

56.0 457.0 584.0 44.0 neq; ſemper, & vel in perpetuum à Deo detur, ſi

56.0 489.0 581.0 44.0 cui detur: ſed ſæpe tantùm ad tempus, perperam,

54.0 522.0 583.0 43.0 & iniquè eos agere, qui illum præſcribunt Epi¬

53.0 554.0 584.0 43.0 ſcopis & vllis Miniſtris Eccleſiaſticis, vel iam ele¬

53.0 587.0 583.0 42.0 ctis, vel eligendis. Onerant enim hominum con¬

53.0 618.0 582.0 44.0 ſcientias præter Dei verbum, quod facere non li¬

53.0 651.0 581.0 43.0 cet, iíſque leges imponunt, quod ſolius eſt Dei.

53.0 682.0 579.0 46.0 Deinde Cataphrygum & Encratitarum hæreſin,

53.0 718.0 579.0 38.0 qui nuptias damnarunt, & reuocãt & confirmãt.

53.0 748.0 580.0 44.0 Etſi enim nuptias non in totum tollere videntur:

50.0 781.0 582.0 43.0 eatenus tamen illis hæreticis aſlentiuntur, quate¬

52.0 818.0 581.0 38.0 nus ſanctam illam Dei inſtitutionem (quæ eſt cõ¬

50.0 847.0 581.0 45.0 iugium) putant polluere quoſdam pios: aut ſal¬

52.0 882.0 578.0 41.0 tem obſtare, quò minus illi ad Dei obſequium

49.0 911.0 577.0 44.0 ſint apti & idonei, cùm tamen ijs nihil eorum,

52.0 945.0 575.0 45.0 quæ Dei verbum in paſtoribus requirit, pro ca¬

49.0 977.0 368.0 41.0 ptu humanæ infirmitatis, deſit.

82.0 1008.0 546.0 45.0 Quare cùm Synodo Nicena prima de ea lege

47.0 1041.0 577.0 45.0 clericis imponenda ageretur & diſceptaretur,

47.0 1073.0 580.0 45.0 obſtitit vir ſanctus Paphnutius Epiſcopus &

47.0 1105.0 580.0 46.0 Chriſti martyr & ipſe ἀγαμος tamen, qui ex Dei

48.0 1139.0 578.0 43.0 verbo omni hominum generi honeſtum eſſe cõ¬

45.0 1172.0 579.0 53.0 iugium docuit ex Heb. 13. verſ 4. Atque hæc Hi¬
