1000 1448
248.0 106.0 206.0 21.0 CABVT III

608.0 89.0 44.0 44.0 103

73.0 122.0 580.0 42.0 mitates tantùm humanæ naturæ, & vitioſitatis

73.0 160.0 578.0 41.0 humanæ appendices & communes omnibus

74.0 191.0 577.0 42.0 hominibus propter inhærentem nobis pecca¬

72.0 223.0 580.0 41.0 ti originalis radicem. Peccata in futuro Epiſco¬

74.0 255.0 579.0 44.0 po ineſſe poſſunt, crimina in eo nulla ineſſe vel

73.0 287.0 580.0 44.0 tolerari debent. Itaque ſi quis ſit homicida, adul¬

73.0 320.0 581.0 43.0 ter, falſus teſtis, latro, pirata, vel ſeditioſus, Epi¬

73.0 353.0 581.0 45.0 ſcopus ne eligitor:electus per ignorantiam depo¬

73.0 388.0 580.0 42.0 nitor, vt eſt in Agathenſi concilio cap. 50. & in

74.0 417.0 579.0 44.0 canon. Si Epiſcopus diſtinct. 50. Idémque Am¬

74.0 471.0 317.0 23.0 brouus docet Eplitola ou.

102.0 481.0 551.0 42.0 Hîc autem variæ quæſtiones incidunt & oriũ¬

73.0 514.0 577.0 45.0 tur, quarum quaſdam tantùm, quæ ſunt vtiliores,

74.0 549.0 267.0 39.0 breuiter tractabimus.

103.0 578.0 550.0 45.0 Prima eſt, vtrum hac eadem voce irreprehen¬

70.0 612.0 583.0 44.0 ſus comprehendantur peccata quæ ſcelera qui¬

73.0 644.0 580.0 42.0 dem ſunt, publica pœna tamen minimè puniun¬

73.0 677.0 577.0 42.0 tur, qualis ſub Paganiſmo idololatria: & in Papa¬

72.0 708.0 578.0 43.0 tu, ſacrificium miſſæ, vt qui hæc admiſerit, id eſt,

73.0 741.0 580.0 43.0 qui idololatra fuerit, qui Miſſam blaſphemam

72.0 774.0 580.0 42.0 cantauerit eligi non poſſit in Epiſcopum. Nec

70.0 806.0 582.0 42.0 enim iſta peccata publicè in Papatu accuſari poſ¬

69.0 839.0 584.0 41.0 ſunt, nedum damnari. Reſpond. Diſtinguendum

70.0 873.0 582.0 39.0 eſſe. Aut enim de eo quærimus, qui ignorans talis

70.0 903.0 582.0 42.0 fuit: aut qui fidem Chriſti ſemel ſuſceptam abne¬

71.0 935.0 580.0 44.0 gauit. Ignorans, & poſtea ad fidem conuerſus po¬

70.0 968.0 583.0 43.0 teſt exemplo Pauli, fieri Epiſcopus. Non poteſt

71.0 1000.0 580.0 43.0 autem is qui ſciens & abnegata Chriſti fide talis

71.0 1032.0 580.0 42.0 fuit. Nec enim tam ſpectat Paulus in criminibus

71.0 1066.0 582.0 41.0 & vera infamia definienda, quid leges hominum

71.0 1100.0 583.0 39.0 ſtatuerint, quàm quid Dei verbum damnet. Ergo

73.0 1129.0 580.0 45.0 Chriſtianus qui defecit à fide, qui apoſtata fuit,

72.0 1164.0 582.0 49.0 qui Chriſtum abnegauit publicè, qui Chriſtum

476.0 1203.0 64.0 47.0 g.iiij.
