1000 1448
241.0 110.0 175.0 22.0 CAPVT V.

585.0 97.0 46.0 48.0 263

53.0 131.0 582.0 46.0 autem ſemper apud probas mulieres, & bene

56.0 168.0 577.0 37.0 moratas etiam ciuitates alium fuiſſe viduarum,

57.0 199.0 579.0 43.0 quantunuis iuuenes adhuc eſſent relictæ, & alium

57.0 232.0 580.0 42.0 coniugum mulierum habitum, & cultum vti ex

56.0 263.0 580.0 44.0 libro ludith. & hiſtoria Thamaris Geneſ. 38.v.

55.0 298.0 579.0 41.0 14. apparet & ex Tertull. non quidem, vt aliqua

55.0 329.0 580.0 41.0 ſuperſtitio in cultu induceretur: ſed vt modeſtia

57.0 361.0 579.0 42.0 & honeſtas perſonarum & ordinum in Eccleſia

57.0 394.0 576.0 41.0 conſeruaretur. Quæ certè diſtinctio honeſtati,

54.0 426.0 581.0 42.0 atque etiam ipſius naturæ ſenſui conſentanea

55.0 459.0 578.0 42.0 propter diſſolutiſsimos noſtri huius ſeculi mores

55.0 493.0 579.0 40.0 iam ſublata & antiquata eſt, adeò vt magis com¬

55.0 529.0 579.0 37.0 ptæ & diſſolutæ viduæ noſtris his temporibus

53.0 559.0 580.0 39.0 nunc incedant & cernantur, etiam quæ ſe Chri¬

54.0 587.0 580.0 49.0 ſtianas, ſi Deo placet, appellant, quàm & cõiuges

55.0 623.0 156.0 37.0 & maritatæ.

85.0 651.0 548.0 42.0 Alterum autem eſt, quod etiam hoc loco ἀντί¬

56.0 684.0 577.0 45.0 θεσν continet, nempe quod ait Paulus, ζῶσα τέθνηκe

56.0 716.0 577.0 45.0 id eſt, viuens mortua eſt. Quæ enim poteſt eſſe

55.0 750.0 581.0 41.0 hæc vita, quæ tôta offendiculi plena eſt, & certiſ¬

54.0 782.0 577.0 42.0 ſimum futuræ mortis æternæ indicium ac teſti¬

54.0 815.0 578.0 44.0 monium? Hæc autem ſententia quanquam con¬

55.0 846.0 575.0 45.0 tradictionem implicare videatur, vt aiunt, &

56.0 888.0 573.0 31.0 prorius αδυνατος eſſe, facile tamen explicari po¬

55.0 912.0 575.0 42.0 teſt, quemadmodum docet hoc loco Chryſoſto¬

54 939 278 49 mus. Eſt enim duplex,

353 955 244 32 Vita, { Corporis,

313.0 1011.0 54.0 35.0 & -

444.0 979.0 132.0 42.0 { Animi

452.0 1040.0 152.0 45.0 { Corporis

343.0 1073.0 217.0 42.0 { Mors { Animi

57.0 1104.0 574.0 44.0 Sæpe autem vita corporis cum animi morte cõ¬

55.0 1136.0 579.0 46.0 iuncta eſt, vt hoc loco. Sæpe autem diſiuncta ab

59.0 1172.0 578.0 50.0 ea, vt cum pij corpore moriuntur, vt animo vi¬

460.0 1204.0 66.0 48.0 r.iiij.
