1000 1448
231.0 105.0 194.0 21.0 CAPVT VI.

609.0 85.0 51.0 46.0 469

86.0 119.0 579.0 45.0 1.Actor.28. verſ.25. Sic in concilio Nicæno pri¬

86.0 159.0 577.0 38.0 mo dictum eſt Deus de Deo, id eſt, Filius de Pa¬

84.0 191.0 578.0 37.0 tre, non quod diuerſa eſſentia ſit filij à Patris eſ¬

84.0 222.0 582.0 39.0 ſentia. Nam vti Pater eſt Deus, ſic & filius: ſed

84.0 255.0 580.0 38.0 à Patre Deo genitus eſt Filius Deus, idem tamen

84.0 290.0 578.0 35.0 & vnus vterque Deus, etſi non vna & eadem v¬

85.0 322.0 579.0 35.0 terque perſona. Cur autem vna tantùm ex tri¬

86.0 353.0 578.0 39.0 bus diuinis perſonis Deus poſsit appellari, id eſt,

90.0 386.0 574.0 39.0 voce totam naturam & eſſentiam diuinam ſigni¬

85.0 428.0 579.0 32.0 Meunte de compieccentesuenotuiry ratio eſt,

87.0 451.0 579.0 41.0 quòd in quaque ex illis tribus perſonis ineſt tota

85.0 485.0 577.0 40.0 illa eſſentia diuina, atque ea etiam ad numerum

88.0 517.0 578.0 39.0 vna & eadem, non autem pars tantum Deitatis.

109.0 548.0 556.0 36.0 Additur autem epitheton, Qui viuificat omnia.

86.0 578.0 580.0 44.0 Similis eſt locus Actor.17.verſ.28. Nam quod de

86.0 611.0 581.0 40.0 hominibus dicitur illîc, ad omnia rerum genera

86.0 645.0 579.0 41.0 pertinet in vniuerſum, vt apparet ex Pſalm.36.v.

87.0 675.0 578.0 40.0 6. & 9. Viuificare autem ſignificat & vitam dare:

87.0 710.0 580.0 40.0 & datam conſeruare. Vtrunque enim præſtat

89.0 742.0 577.0 39.0 Dominus omnibus rebus, quæ viuunt, non alte¬

87.0 774.0 579.0 39.0 rum tantùm. Neque enim deſerit res à ſe creatas

88.0 806.0 578.0 39.0 Matth.1o.verſ.37. Vnde præclarè Bernard. ſerm.

86.0 837.0 580.0 37.0 4. in Cantica. Sanè eſſe omnium dixerim Deum,

86.0 869.0 578.0 40.0 non quia illa ſint, quod eſt ille: ſed quia ex ipſo,

89.0 906.0 577.0 37.0 per ipſum, & in ipſo ſunt omnia, quia eſſe omniũ

88.0 935.0 581.0 41.0 eſt, cauſale quidem, non autem materiale, quia

89.0 967.0 579.0 40.0 eorum eſt factor. Nec enim diuinæ eſſentiæ par¬

90.0 999.0 580.0 41.0 ticipatione res viuunt: ſed qualitatis tantum &

92.0 1032.0 576.0 39.0 virtutis ipſius aliqua communicatione & effectu.

97.0 1062.0 571.0 41.0 Vnde mn Deus appellatur, non autem Iehouah

94.0 1094.0 100.0 40.0 tantùm

127.0 1128.0 544.0 41.0 Sic autem magnificè, &, vt res eſt, de Dei po¬

95.0 1160.0 577.0 51.0 tentia concionatur Paulus, vt in doctrinæ Chri¬

486.0 1193.0 76.0 55.0 G.iij.
