1000 1448
259.0 111.0 208.0 23.0 CAPVT III.

609.0 89.0 44.0 55.0 163

78.0 131.0 577.0 47.0 pertinet: neque Sacramentorum adminiſtratio.

75.0 167.0 579.0 45.0 Hæc fuit vetuſtiſſima Diaconatus deſcriptio:quæ

76.0 201.0 577.0 41.0 tamen poſtea magna hominum temeritate im¬

75.0 232.0 578.0 44.0 mutatà eſt, & cum Epiſcoporum munere penè

76.0 268.0 578.0 43.0 confuſa, quos tamen hîc & Philip.I.apertè diſtin¬

78.0 301.0 565.0 40.0 guit Paulus. 1

105.0 329.0 548.0 45.0 Ac primùm Diaconorum muneris perturba¬

74.0 362.0 579.0 43.0 tio facta eſt, cùm velut oculi Epiſcopi dici cœpe¬

73.0 397.0 581.0 38.0 runt, quoniam omnia totius Eccleſiæ acta ober¬

73.0 425.0 580.0 46.0 rantes perluſtrabãt, & ad Epiſcopum offendicula

75.0 459.0 579.0 42.0 quæ in Eccleſia naſcebantur, deferebant, vt eſt in

73.0 495.0 581.0 39.0 cano. Diaconi Eccleſiæ diſtinct.93. Vnde apparet

72.0 526.0 580.0 40.0 eos in locum Presbyterorum, ad quorum curam

73.0 555.0 579.0 45.0 ea diligentia de inſpiciendis hominum piorum

72.0 589.0 581.0 42.0 moribus pertinet, temerè fuiſſe ſubſtitutos. Ac

74.0 621.0 577.0 44.0 quidam è Scholaſticis magna ignorantia nullos

76.0 655.0 574.0 40.0 præter Epiſcopos & Diaconos in Eccleſia ordi¬

71.0 686.0 579.0 40.0 nes conſtituunt, quòd, excepto Epiſcopali officio

71.0 729.0 578.0 34.0 reriqua inuma a Llaconis luicepta & obita fuiſſe

71.0 749.0 577.0 43.0 dicunt. Qúod eſt falſum, cùm etiam ex 1.Corint.

72.0 783.0 576.0 45.0 16. appareat ſæpe quoſdam etiam extra ordinem

69.0 815.0 579.0 44.0 ab Eccleſia delegatos, & electos ad curam & ad¬

70.0 849.0 577.0 45.0 miniſtrationem Eccleſiaſticę pecuniæ, quia Dia¬

70.0 891.0 522.0 30.0 coni ſatis eſſe tantõ oneri non poterant.

96.0 917.0 553.0 39.0 Hoc Diaconõrum munus iam tam latè patens

70.0 945.0 576.0 44.0 etiam amplificari poſtea cœpnt jet penè cum E¬

70.0 977.0 577.0 44.0 piſcopi officio confundi, certè in multis adæqua¬

68.0 1010.0 578.0 42.0 ri. Nam in cano. Perlectis 5 Ad Diaconum per¬

69.0 1042.0 577.0 44.0 tinet diſtinct. 25. hæc omnia Diaconis tanquam

70.0 1076.0 437.0 41.0 muneris eorum partes tribuuntur.

101.0 1105.0 532.0 46.0 1 Aſſiſtere Sacerdotibus, id eſt, Epiſcopis.

99.0 1140.0 548.0 42.0 2 Miniſtrare in omnibus, quæ aguntur in Sa¬

67.0 1169.0 579.0 54.0 eramentis Chriſti, veluti & in Baptiſmo, cheiſmã¬

490.0 1205.0 48.0 56.0 lij.
