1000 1448
583.0 74.0 46.0 49.0 493

253.0 98.0 189.0 20.0 CANVTVI.

49.0 111.0 581.0 49.0 præſentia cernitur aſpectu, diuinę maieſtatis emi

50.0 150.0 581.0 36.0 nentiam metiamur & æſtimemus. Denique vt ſit

51.0 182.0 578.0 41.0 hæc tanquam hypophora quædam, & tacita re¬

51.0 214.0 576.0 36.0 ſponſio ad eorum obiectiones & dubitationes,

54.0 246.0 575.0 40.0 qui idcirco Deum eſſe vel negant prorſus, vel

50.0 278.0 581.0 38.0 dubitant, quòd ab ipſis oculis illius ὀσία mini¬

49.0 310.0 582.0 41.0 mè cernitur. Itaque dixit Paulus neminem vel

51.0 345.0 579.0 37.0 vidiſſe Deum antea, vel nunc, vel in poſterum e¬

50.0 381.0 579.0 35.0 tiam videre poſſe. Caro enim & ſanguis neque

50.0 410.0 581.0 40.0 ſunt, vt ait Bernard. diuinæ eſſentiæ capaces, ne¬

53.0 444.0 180.0 41.0 que capabiles.

83.0 471.0 549.0 44.0 Quartum epitheton ſequitur in quo totius ſu¬

51.0 505.0 580.0 44.0 perioris diuinæ naturæ deſcriptionis fructus, ſco¬

51.0 538.0 580.0 41.0 pus, & finis cõtinetur nempe, vt vni Deo laudem

52.0 572.0 575.0 39.0 omnẽ, gloriam, & potentia omnium rerũ tribuamus,

50.0 602.0 579.0 42.0 ídq; nõ ad tempus aliquod tantùm: ſed in æter¬

50.0 634.0 577.0 44.0 num, & in ſecula & vltrá. Hæc particula ſup. cap.

51.0 679.0 574.0 27.0 Medouiquupurocepheutocle, ce lape recurrit,

49.0 699.0 576.0 43.0 idcirco à pleriſque expoſita eſt, & à nobis latiùs

48.0 732.0 581.0 42.0 non traderur. Vox Amen ipſius Pauli aſſenſom

51.0 765.0 577.0 43.0 in eas omnes Dei laudes declarat, & eas quaſi ſi¬

52.0 825.0 444.0 18.0 alla queaulalandacaa teuiniaes,

89.0 862.0 540.0 50.0 17 Iis qui diuites ſunt in hoc ſeculo, de¬

49.0 905.0 580.0 44.0 nuntia ne efferantur animo, neque ſpempo¬

49.0 944.0 580.0 43.0 nant in diuitijs incertis, ſed in Deo viuo, qui

49.0 979.0 543.0 49.0 præbet nobis omnia copioſè ad fruendum.

78.0 1020.0 551.0 42.0 Εʹπάνοδοςeſt & regreſſio. Intermiſſam enim de

49.0 1057.0 580.0 37.0 diuitum, & diurtiarum cura, vſu, totóue hoc argu¬

48.0 1089.0 582.0 40.0 mento exhortationem repetit. Idque duplici de

47.0 1121.0 583.0 39.0 cauſa. Primùm quòd, vti ex Iac.2. apparet, facilè

47.0 1155.0 583.0 50.0 ſint in reliquos iniurioſi diuites, iámque in Ec¬
