1000 1448
481.0 85.0 386.0 40.0 AD I. PAVL. AD TIM.

378.0 102.0 49.0 28.0 152

373.0 119.0 581.0 46.0 Epiſcopos, adeò vt qui eorum negotiorum ru¬

373.0 155.0 581.0 42.0 des ſunt & imperiti, deponendi dicantur. At di¬

372.0 186.0 583.0 44.0 ſtinct. 88. & 21. quæſt3 aliud omnino reſponſum

373.0 218.0 581.0 43.0 eſt & variis patrum dictis confirmatum. Sed v¬

372.0 250.0 580.0 46.0 triuſque reſponſionis tam diuerſę conciliatio hęc

372.0 284.0 582.0 42.0 affertur à Papiſticis. Nempe requiri quidem, vt

373.0 316.0 579.0 42.0 Epiſcopi futuri eorum negotiorũ rudes omnino

371.0 347.0 581.0 45.0 & imperiti non ſint, quoad ſcientiam: adminiſtra¬

372.0 382.0 581.0 42.0 tores tamẽ & geſtores nõ ſint, quo ad ipſam curã

371.0 414.0 582.0 40.0 & ſolicitudinem, ne à munere ſuo auocentur &

373.0 444.0 580.0 39.0 diſtrahantur. Sed quorſum in illis ſcientia huiuſ¬

374.0 477.0 578.0 41.0 modi rerum requiritur, ſi earum cura, & admini¬

372.0 508.0 581.0 46.0 ſtratio ijſdem denegatur? Et quod eſt in illa di¬

373.0 541.0 580.0 43.0 ſtinct. 39. ſecularium negotiorum peritiam futu¬

370.0 572.0 584.0 47.0 ris Epiſcopis, & ijs qui iam ſunt Epiſcopatũ ade¬

372.0 605.0 580.0 46.0 pti, eſſe neceſſariam planè ex abuſu miniſterij E¬

374.0 638.0 582.0 45.0 piſcopalis profectum eſſe nemo non perſpicuè

374.0 671.0 580.0 43.0 videt. Exempla enim eorum temporum afferun¬

371.0 703.0 586.0 42.0 tur, in quibus Epiſcopi iam non tam legendo Dei

371.0 737.0 584.0 38.0 verbo, & explicando vacabant, quàm opibus &

371.0 770.0 583.0 38.0 diuitijs nomine Eccleſiæ congerendis & cumu¬

372.0 802.0 582.0 43.0 landis, ad quas certè ſecularium commerciorum

372.0 834.0 579.0 42.0 & negotiorum cognitio, & ſcientia omnino ne¬

374.0 865.0 578.0 43.0 ceſſaria fuit. Deſierant igitur iam Epiſcopi eſſe

373.0 898.0 578.0 43.0 veri paſtores & aurei Epiſcopi, & quales hîc de¬

370.0 929.0 583.0 41.0 ſcribit Paulus: ſed erant iam aſtuti homines, auari

372.0 962.0 579.0 42.0 mercatores, & ambitioſi, qui pietatis, & religio¬

370.0 997.0 582.0 41.0 nis prætextu, ampla latifundia, dignitates, am¬

370.0 1027.0 581.0 43.0 pláſq; ſibi poſſeſsiones cõparabant, in iiſque tuẽ¬

370.0 1059.0 580.0 44.0 dis & augẽdis poſitũ eſſe Epiſcopi munus cenſe¬

369.0 1090.0 581.0 41.0 bant, quò diteſceret his mundanis opibus Eccle¬

366.0 1123.0 586.0 41.0 ſia, & veras ſperneret cæleſléſq; diuitias. Id quod

364.0 1156.0 583.0 57.0 tãdem euenit. Itaque bona eorum cœperunt eſſe

863.0 1192.0 79.0 49.0 aurea
