1000 1448
469.0 92.0 386.0 35.0 AD I. PAVL. AD TIM.

366.0 101.0 45.0 29.0 94

360.0 120.0 582.0 48.0 differunt autẽ hx voces παλαιὸς & πρτσβύτερος vti

360.0 157.0 582.0 42.0 vetus & ſenex apuu Latinos, quòd παλαιὸς eſt æta¬

359.0 189.0 582.0 41.0 tis, & πρεβύς etiam dignitatis, vt ex Plutarcho in

359.0 222.0 579.0 41.0 Nicea colligi poteſt. Horum igitur Preſbytero¬

358.0 257.0 580.0 36.0 rum (qui à dignitate non autem ab ætate hîc

360.0 287.0 578.0 43.0 nominantur) in ſcriptura duplex eſt genus. Vnũ

359.0 320.0 579.0 43.0 eorum qui tantùm moribus inuigilant. Alterum

358.0 353.0 578.0 42.0 eorum, qui & moribus & doctrinæ attendunt, &

358.0 385.0 578.0 43.0 in vtroque laborant. Id quod ex hac ipſa Epiſto¬

357.0 417.0 579.0 45.0 la cap.5.verſ.17. facilè colligi poteſt. Quod ad pri¬

358.0 451.0 577.0 43.0 mum igitur eorum genus, vti à ſecundo diſtingui¬

356.0 482.0 578.0 42.0 tur: ita ab Epiſcopis & doctoribꝰ eſt ſecernendũ.

358.0 514.0 576.0 41.0 Sunt enim illi Preſbyteri tantùm morum & di¬

354.0 547.0 580.0 43.0 ſciplinæ cuſtodes & inſpectores: non etiã præco¬

354.0 580.0 580.0 41.0 nes doctrinę. Cur autẽ hoc genus fuerit in Eccle¬

353.0 612.0 581.0 42.0 ſia neceſſarium vel inductum, ratio mihi nulla

354.0 644.0 576.0 42.0 videtur alia eſſe, quàm quòd etiam illo tempore,

354.0 678.0 576.0 41.0 quanuis multis donis abundaret Eccleſia Dei,

353.0 709.0 579.0 38.0 tamen non ſatis multi idonei viri ad vtrunque

353.0 741.0 578.0 39.0 hoc munus obeundum reperirentur, vt etiam E¬

354.0 773.0 576.0 44.0 piphan.teſtatur. Ergo ad formam veteris & Iu¬

354.0 806.0 576.0 43.0 daici Synedrij habuit Eccleſia Chriſtiana hos

351.0 839.0 579.0 41.0 Preſbyteros diſciplinæ φύλακας, qui non erant o¬

353.0 873.0 578.0 40.0 mnes Leuitæ, & concionatores verbi Dei. Et hęc

352.0 905.0 577.0 43.0 quidem de primo Preſbyterorũ genere, qui mo¬

349.0 937.0 576.0 42.0 rum tantùm curam habent in Eccleſia Dei. Ergo

351.0 966.0 576.0 46.0 de ſecundo Preſbyteroiam genere agamus, eorũ

349.0 1002.0 578.0 42.0 nempe, qui etiam in doctrina laborant, & qui

350.0 1036.0 575.0 39.0 morum, atque etiam regiminis Eccleſiæ curam

349.0 1064.0 576.0 44.0 habent. Hos nihil ab Epiſcopis differre dicimus

346.0 1096.0 578.0 43.0 &, Dei verbo affirmamus ſiue ex eorũ electionẽ,

348.0 1131.0 577.0 41.0 ſiue munus, ſiue perſonæ conditionem ſpectes:

345.0 1161.0 579.0 51.0 ſed iis omnino pares eſſe debere: & cùm rectè

780.0 1199.0 145.0 43.0 adminiſtra¬
