1000 1448
245.0 103.0 203.0 24.0 CAPVT III.

593.0 82.0 42.0 53.0 187

62.0 123.0 578.0 46.0 negant. Aliis autem, qui dignitates politicas ſuo

61.0 162.0 578.0 40.0 Epiſcopatui adiunctas habent, licere putant,

63.0 192.0 577.0 44.0 propter eas dignitates. Ego verò reſpondeo. Pri¬

60.0 225.0 580.0 41.0 mùm vitioſè omnino huiuſmodi munera politica

60.0 258.0 577.0 42.0 annecti & cõiungi cũ Eccleſiaſtico munere, ſiue

62.0 289.0 576.0 44.0 Epiſcopatu, ſiue Archiepiſcopatu, ſiue alio quo¬

61.0 320.0 580.0 42.0 libet, cùm diuerſa ſit Eccleſiaſtica diſciplina à

65.0 353.0 574.0 45.0 politica ſiue ciuili: & ius ſoli, vt vocant, à iure po¬

62.0 386.0 578.0 44.0 li ſit toto genere differens diuerſum & diſtinguẽ¬

62.0 419.0 578.0 42.0 dum. Itaque peſſimo fundamẽto & magno pror¬

61.0 449.0 579.0 43.0 ſus abuſui iſta diſtinctio innititur. Deinde falſum

61.0 484.0 580.0 38.0 eſt ſimplices Epiſcopos non poſſe intereſſe iuſtis

60.0 515.0 579.0 44.0 & legitimis præliis, & bellis. Tam enim gregem

61.0 548.0 578.0 43.0 ſuum ſequi in aduerſis rebus, quàm proſperis, &

61.0 580.0 576.0 43.0 tam in bello, quàm in pace debent Epiſcopi o¬

61.0 612.0 579.0 44.0 mnes, qui verè ſuo officio fungi volent, ſi modo

63.0 644.0 577.0 43.0 per valetudinem id facere ipſi poſſunt. Præterea

62.0 675.0 575.0 41.0 cùm iuſta bella ſint Dei ipſius bella, non homi¬

61.0 710.0 577.0 42.0 num, vt eſt 2. Chronic. 19. v.7. vti præter Domi¬

60.0 742.0 578.0 40.0 ni os, & verbũ ſuſcipi non debent:ita nec ſine eo

60.0 774.0 577.0 41.0 adminiſtranda ſunt. Niſi autem adſint paſtores

61.0 807.0 575.0 41.0 & miniſtri verbi & oris Dei interpretes, nõ poſ¬

61.0 839.0 578.0 42.0 ſunt bella vel ſuſcipi, vel geri confulto Domini

61.0 872.0 579.0 41.0 ore. Ergo eos intereſſe iuſtis bellis & expedit &

61.0 904.0 576.0 42.0 oportet. Sed & in acie ipſa & prælio verſari poſ¬

60.0 936.0 577.0 40.0 ſunt, & dimicare, cùm ſancta & honeſta cauſa

60.0 967.0 577.0 43.0 belli ſuſcipiendi fuit, non modo ad reliquum ex¬

59.0 1002.0 578.0 41.0 ercitum confirmandum, ſed etiam vt Deus ipſe

58.0 1033.0 579.0 41.0 inuocetur & proteruia inſolentiáque militum

58.0 1067.0 577.0 41.0 reprimatur. Quare ſunt omnino inepti qui D.

59.0 1099.0 577.0 42.0 Zuinglium optimum Dei ſeruum & verbi ipſius

59.0 1132.0 576.0 41.0 præconem egregium damnant, quod in aciem

59.0 1163.0 574.0 53.0 ȩum hoſtibus deſcendere, illicque dimicare auſus
