1000 1448
593.0 69.0 40.0 45.0 499

222.0 86.0 200.0 14.0 CAPVTVI.

62.0 101.0 582.0 39.0 nigné. In quo pulcherrima eſt annominatio ad

65.0 134.0 577.0 41.0 vocem πλεσίων, quos exhortatur Paulus. Non ſunt

61.0 167.0 579.0 40.0 enim illi diuites verè & propriè: ſed Deus eſt di¬

62.0 209.0 576.0 33.0 des, qui & omnla ponidet, & abunde cunctis lat¬

62.0 234.0 236.0 41.0 gitur & opulenter.

84.0 261.0 554.0 44.0 Quod autem additur, Nobis, ad ſuſcepti ar¬

63.0 299.0 576.0 39.0 gumenti rationem eſt accommodatum, quòd ea

65.0 330.0 573.0 40.0 vitia, quæ taxat hîc Paulus, in ſolos homines ca¬

63.0 363.0 577.0 36.0 dant: quódque noſtra cauſa tantùm inſtitutæ

62.0 394.0 579.0 42.0 ſunt hæ præceptiones. Neque verò reſtringit

63.0 427.0 577.0 41.0 Paulus admirabilem illam Dei benignitatem vel

62.0 459.0 578.0 40.0 ad ſolos pios & fideles homines, cùm etiam im¬

63.0 489.0 576.0 47.0 pij & reprobi eã ſentiant in hac vita, vt eſt Matt.

64.0 523.0 573.0 43.0 5.verſ.45. vel etiam ad ſolum genus humanum,

61.0 563.0 577.0 34.0 cutir etiaili ortita aminantia pareat Deus, illiſque

64.0 588.0 570.0 41.0 victum ſuppeditet Pſal 104 Matth.6.verſ.26. Pſa.

63.0 620.0 574.0 42.0 36.verſ.5. Imò infinita Dei beneficia in omnes

63.0 653.0 572.0 46.0 mundi huius & creaturas & partes diffunditur, &

63.0 684.0 121.0 40.0 ſe exerit.

95.0 712.0 540.0 46.0 Ε’ίς ἀπόλαυσν, id eſt, ad fruendum. Quia diſtin¬

64.0 749.0 571.0 42.0 guit Auguſtinus lib 1.de Doctr. Chriſt. inter frui

62.0 784.0 573.0 38.0 & vti: & fruitionem ad res diuinas: vſum ad ter¬

61.0 816.0 573.0 37.0 renas & caducas refert: idcirco ſic hunc locũ ex¬

62.0 846.0 573.0 43.0 plicat, & poſt eum Beda, vt de vita æterna bo¬

62.0 880.0 574.0 40.0 níſque cœleſtibus tantùm accipiendum putet,

64.0 913.0 572.0 38.0 quia fruendi verbo vſus eſt Paulus. Sed primum

62.0 943.0 574.0 43.0 falſa eſt iſta diſtinctio Auguſtini (pace tanti viri

64.0 975.0 571.0 42.0 dictum ſit) cùm æquè & propriè, & frui, & vti di¬

65.0 1009.0 572.0 35.0 camus rebus ſiue terrenis ſiue cœleſtibus: etſi a¬

65.0 1040.0 572.0 42.0 pud Iuriſconſultos aliquod diſcrimen ſtatuitur

65.0 1073.0 572.0 38.0 inter vſum & fructum: & inter ius vtendi, & ius

65.0 1105.0 573.0 42.0 fruendi re aliqua, quæ iuriſconſultorum diſtin¬

66.0 1138.0 574.0 50.0 ctio ad Theologos minimè pertinet. Deinde in

485.0 1166.0 46.0 53.0 Lij
