1000 1448
209.0 102.0 219.0 29.0 CAPVT. III.

588.0 89.0 40.0 47.0 157

50.0 120.0 583.0 49.0 6.& Philip.1.verſ.1. & Rom.12.verſ.7, & 8.quo fe¬

51.0 160.0 582.0 43.0 rè ſignificato accipitur cùm ab Epiſcopis in Ec¬

51.0 194.0 580.0 39.0 cleſia Diaconi diſtinguntur. Atque etiam hoc

51.0 226.0 579.0 35.0 loco iſta poſtrema & ſtrictiori notione ſumitur.

50.0 256.0 580.0 42.0 Inſulſè verò Papiſtæ à Diaconis Αακόνιον appella¬

51.0 291.0 581.0 42.0 runt locum quendam ædis ſacræ penitiorem &

51.0 324.0 580.0 41.0 ſecretiorem, in quo ſacra Eccleſiæ vaſa reponun¬

50.0 355.0 580.0 41.0 tur, & conduntur: quod Secretarium alio nomine

50.0 388.0 579.0 42.0 nuncupant: & Diaconos Secretarios, quòd huius

50.0 419.0 581.0 44.0 loci claues geſtent, curámque habeant can. Non

51.0 452.0 580.0 42.0 oportet diſtinct. 23, etſi ex concilio Laodiceno

52.0 493.0 580.0 33.0 videtur hæ̃c ſignificatio ſumpta. Sed iam erat cor¬

49.0 516.0 583.0 44.0 ruptiſsima Eccleſiæ diſciplina, deſieránt que, qui

50.0 549.0 580.0 43.0 Diaconi tunc vocabantur, eſſe veri Diãconi, quæ¬

50.0 580.0 579.0 44.0 les vetus Eccleſia habuit: & hîc deſcribit Paulus.

69.0 613.0 557.0 43.0 2 Quæſitum eſt, cur prætermiſſa ſit diſputa¬

50.0 647.0 573.0 41.0 tio de Preſbyteris, vt quales eſſe debeant, & eligi.

48.0 677.0 579.0 44.0 intelligeremus. Reſpondet Chryſoſt. quod Epi¬

49.0 711.0 580.0 41.0 ſcoporum nomine Preſbyteri continẽtur. Quod

48.0 743.0 579.0 43.0 verum eſt vt apparet ex Epiſtola Pauli ad Tit.

49.0 781.0 578.0 37.0 cap.1. Actor.2o. & aliis multis Scripturæ locis.

48.0 808.0 579.0 43.0 Differunt enim, ait, Chryſoſt. Preſbyter & Epi¬

48.0 843.0 577.0 42.0 ſcopus ſolũ ordinatione, nõ poteſtate, nõ gradu,

48.0 875.0 578.0 41.0 non miniſterio, quia aliæ quædam tantum & plu¬

49.0 906.0 577.0 44.0 res cæremoniæ in ordinandis Epiſcopis obſerua¬

49.0 939.0 523.0 41.0 bantur, quàm in conſtituendis Preſbyteris.

80.0 970.0 545.0 42.0 Ex huius autem loci & ordinis (quem hîc Pau¬

46.0 1001.0 579.0 44.0 lus obſeruat & in Epiſtola ad Philip.1.verſ.1.) ra¬

45.0 1033.0 579.0 46.0 tione quęſitũ eſt, Vtri gradu ſint priores & ſupe¬

45.0 1069.0 576.0 41.0 riores in Dei Eccleſia cenſendi Preſbyterine, an

48.0 1099.0 577.0 44.0 Diaconi. Etſi enim Diaconi hîc ſubiiciũtur Epi¬

45.0 1133.0 580.0 43.0 ſcopis: videntur tamen illis ex ſententia Hieron.

45.0 1166.0 579.0 55.0 in epiſt. ad Ruſticum præponi. Hæe enim illius
