1000 1448
231.0 102.0 202.0 18.0 CARVT FII

591.0 84.0 39.0 43.0 123

49.0 119.0 580.0 44.0 tur quodammodo pars eſſe' externi ornatus, &

48.0 155.0 581.0 40.0 ſpecies quædam commendationis apud homines.

50.0 188.0 580.0 40.0 Imprimis autem in perſona, quæ quotidie in pu¬

49.0 218.0 580.0 43.0 blicum prodire debet, deformitas videtur eſſe o¬

49.0 250.0 575.0 43.0 dioſa & incõcinna. Vnde vulgò tritũ prouerbiũ,

49.0 284.0 578.0 41.0 forma digna imperio, & in Philopœmene (vt in

49.0 316.0 582.0 43.0 eius vita ſcribit Plutarchus) deformitas vultus

49.0 350.0 582.0 41.0 contemptum gignebat. Quamobrem quæſitum

49.0 383.0 581.0 40.0 eſt, vtrum qui non eſt integro corpore & toto

48.0 412.0 582.0 44.0 in Epiſcopum eligi poſsit & debeat. In quo di¬

47.0 444.0 582.0 41.0 ſtinguẽda eſt, Deformitas Αʹκαλλία, à Mutilatio¬

47.0 479.0 584.0 40.0 ne corporis, quam vocant, id eſt, à πειρώσει mem¬

49.0 511.0 582.0 40.0 brorum. Ac quidem de deformibus hæc regula

47.0 551.0 583.0 33.0 comrereuta cies vt detormes an Eecleliaſticis di¬

48.0 575.0 582.0 40.0 gnitatibus non arceantur adipiſcendis: nec ade¬

49.0 609.0 580.0 40.0 pti etiam deponantur. Deformitas autem elegã¬

47.0 641.0 581.0 41.0 ti formæ opponitur. Mutilatio autem integritati

46.0 672.0 355.0 39.0 corporis. Itaque ab ea differt.

80.0 704.0 546.0 40.0 Ergo de mutilatis & corpore vitiatis & trun¬

50.0 738.0 577.0 39.0 catis hominibus tum Ilerdenſi concilio, tum ca¬

47.0 770.0 579.0 42.0 nonibus Apoſtolor. tum reſponſis Pontificum,

48.0 802.0 579.0 43.0 veluti Gregorij Maximi lib.2. epiſt. 25. ſtatutum

45.0 846.0 582.0 32.0 eity ve qur ſeſpros ſerentes pruuemerque, & per

46.0 870.0 581.0 39.0 impatientiam aliquo membro mutilarunt, ne di¬

51.0 900.0 577.0 43.0 gnitatẽ Eccleſiaſticã adipiſcantur: & adepti de¬

49.0 934.0 576.0 36.0 ponantur cano. Præcipimus diſtinct.34. & cano.

45.0 964.0 580.0 43.0 Si quis diſtinct.55. Imprimis autem qui ſeipfos

45.0 998.0 579.0 41.0 caſtrarunt, quia tales ſunt homicidæ ſui cano.22.

44.0 1029.0 184.0 40.0 Apoſtolorum.

76.0 1062.0 550.0 42.0 Qui autem vi & renitentes mutilati corpore

41.0 1094.0 584.0 41.0 ſunt aut caſtrati: vel ex iuſta honeſtáque cauſa id

42.0 1127.0 583.0 38.0 paſsi ſunt imſe fieri, veluti valetudinis tuẽdæ cau¬

41.0 1162.0 584.0 50.0 ſa, & ex concilio medicorum, vt ſanarentur à
