1000 1448
266.0 107.0 195.0 27.0 CARVT VI.

578.0 86.0 47.0 49.0 427

55.0 124.0 575.0 49.0 Colloſſ.1.verſ.5.Ac quidem doctrina, quòd per

53.0 162.0 576.0 44.0 eam aliquid & veri & ſolidi diſcant atque perci¬

53.0 195.0 576.0 44.0 piant homines. Cui laudi opponit, hæc duo, ni¬

53.0 228.0 574.0 41.0 mirum, quod qui diuerſam doctrinam ſectatur,

52.0 258.0 575.0 42.0 nihil ſciat: & ſi quid didicit, tamen Nihil Veri,

54.0 292.0 573.0 39.0 vel Solidi nouit: ſed tantùm conſectetur λογομα¬

52.0 323.0 577.0 46.0 κίας, & ver borum inutiles pugnas, quemadmodũ

51.0 357.0 577.0 42.0 idem ſup.1.v.6.Tit.3.v.9. Vtitur hîc Paulus voce

51.0 392.0 578.0 36.0 Ε'πιςάμενος, quaſi fidei noſtræ doctrinam vocet

50.0 423.0 577.0 37.0 ὀιςήμην, qua voce tamen rarò vtitur ſcriptura,

51.0 457.0 450.0 35.0 ſed tamen extat apud lacob.3.verſ.13.

81.0 486.0 546.0 44.0 Αογομαχίας autem nomine non tantùm de vo¬

49.0 518.0 577.0 43.0 cabulis ipſis & vocibus diſputationes inutiles

49.0 552.0 577.0 40.0 damnat Paulus, ſed etiam de rebus, quæ nullius

46.0 585.0 579.0 40.0 ſunt momenti, neque ad conſcientiarum noſtra¬

47.0 617.0 578.0 39.0 rum ſuſtentationem, neque ad ædificationẽ per¬

46.0 680.0 578.0 44.0 prortoeutii quo graphicè nobis tota Scholaſti¬

46.0 714.0 578.0 43.0 corum & Sorboniſtarum ratio, atque Theologia

45.0 747.0 578.0 42.0 deſcribitur. Imprimis autem damnamus Quod¬

43.0 781.0 581.0 40.0 libetarias quæſtiones, quæ appellantur, quæ Aca¬

44.0 813.0 581.0 42.0 demicorum potius, quàm Chriſtianorum homi¬

45.0 846.0 518.0 42.0 num ſunt propriæ, & mera ludibria pietaris.

71.0 879.0 553.0 41.0 Quæſtiones autem neque omnino, neque o¬

44.0 909.0 581.0 38.0 mnes damnat Paulus, quæ de Dei verbo fieri

45.0 942.0 576.0 41.0 poſſunt: ſed eas tantùm, quæ ſunt inutiles, otioſę,

45.0 973.0 578.0 38.0 & ſine ædificatione vel fidei noſtræ, vel conſciẽ¬

45.0 1005.0 580.0 39.0 tię, vel charitatis. Nã quæ diſcendi ſtudio vtiliter

42.0 1036.0 582.0 41.0 à nobis fiunt, vti multa de rebus obſcuris, quæ in

44.0 1071.0 579.0 40.0 vera Theologia verſantur, quæri ſæpe neceſſe

43.0 1104.0 580.0 37.0 eſt, eæ minimè quidem à Paulo damnantur, qua¬

42.0 1136.0 581.0 37.0 les quæſtiones multas tractauit Paulus in epiſto¬

43.0 1167.0 580.0 53.0 lis, & Apollos apud Epheſios, vt eſt in Actis & ov¬
