1000 1448
368 108 53 31 264

364 127 582 49 uant: mundo moriuntur, vt Deo viuãt. Ergo vi¬

355 168 592 41 duæ laſciuæ viuunt quidem corpore, animo ta¬

362 194 586 44 men mortuæ ſunt. Sic infideles dicuntur & à

364 226 582 46 Chriſto & à Paulo mortui 1. Corinth.15. verſ.29.

364 258 583 44 Matth.8.verſ.22. Sunt enim ad omnia quæ ad vi¬

363 294 585 40 tamroternal perunent, immobiles, & inepti, &

364 327 580 44 inutiles, vt ait Chryſoſtomus: vnde perinde, atq;

366 358 555 47 mortuæ meritò inter pios cenſentur hę viduę.

450 413 492 53 Hæc igitur denuntiato, vt ſint irre¬

367 454 142 51 prehenſæ.

397 489 550 50 Hęc repetitio, ſiue potius admonitio à Paulo

364 523 582 49 facta ſuperiorem doctrinam valde vtilem eſſe

363 558 584 46 docet, neque ſemel tantùm pronuntiandam, ſed

363 588 583 49 ſępius in Dei Eccleſia inculcandam, vt animis ho¬

364 625 582 43 minum inhęreat altiùs. Eiuſdem autem maximus

362 656 584 42 fructus hîc oſtenditur, cùm, ſi obſeruetur, omne

363 685 583 43 offendiculum ſublatum iri dicat Paulus, foréque

363 719 583 44 Eccleſiam ipſam irreprehenſibilem, & boni apud

364 752 581 45 omnes ouoria ridelibus autem & infidelibus

366 789 344 40 bene olere debemus omnes.

406 846 538 56 S Quòd ſi qua ſuis & maximè domeſti¬

365 887 581 53 cis non prouidet, fid em abnegauit, & eſt infi¬

366 928 183 46 deli deterior.

397 969 549 43 Α’ιτιολογ́α eſt ſuperioris canonis de parenti¬

367 1004 579 44 bus alendis à liberis, & contrà, quæ tum a turpi

364 1039 582 41 ducta dici poteſt, tum etiam à repugnantibus: eſt

363 1069 582 45 autem hæc ſententia generalis, quæ tam ad ma¬

363 1102 582 45 res, quàm ad fœminas pertinet. Itaque relatiuo

364 1135 580 41 communis generis vſus eſt Paulus. Hoc autẽ pro

362 1165 581 54 certo & confeſſo ſumit, quod pij fatentur, debe¬

910 1202 34 41 re

487 96 353 41 AD I. PAVL. AD TIM.
