1000 1448
246.0 104.0 203.0 19.0 CAPVT III.

596.0 88.0 44.0 46.0 13

55.0 119.0 586.0 45.0 imbiberant, inuexerunt magno certè Eccleſiæ

57.0 157.0 581.0 42.0 damno. Hodie quidem Monachus ſine Abbatis

56.0 189.0 583.0 41.0 ſui conſenſu, nec clericus, nec Epiſcopus fieri po¬

56.0 222.0 582.0 43.0 teſt, non propter ſuperiorem rationem: ſed quia

57.0 259.0 580.0 39.0 Monachi mancipiorũ loco cenſentur. Sunt enim

55.0 285.0 506.0 44.0 Abbatis ſerui, vt apparet diſtinct 54. & 58.

87.0 320.0 549.0 43.0 Quærit Hieronym. an ſit æquum propter im¬

55.0 353.0 581.0 41.0 modeſtos liberorum mores patres arceri abE¬

55.0 385.0 578.0 42.0 piſcopatu, cùm eadem ratione videantur liberi

53.0 418.0 583.0 44.0 ab Epiſcopatu prohibendi, nempe, propter ſcele¬

53.0 452.0 584.0 41.0 ratam parentũ vitam. Quod tamen prorſus eſſet

53.0 483.0 583.0 41.0 iniquum. Deinde quàm abſurdum eſt, ait ille, cẽ¬

53.0 514.0 583.0 44.0 ſere, Iſaacum propter Eſau filij turpem vitam, ſi

53.0 547.0 583.0 43.0 viueret, ab Epiſcopatu arcendum eſſe? Sed re¬

51.0 580.0 582.0 41.0 ſpondeo, primùm non eſſe parem rationem, cur

52.0 612.0 582.0 43.0 propter vitia parentum filij prohibeantur hunc

52.0 646.0 581.0 40.0 gradum aſſequi:atque cur parentes non admittã¬

51.0 677.0 582.0 39.0 tur propter ſceleratos liberorum ſuorum mores:

51.0 713.0 579.0 39.0 Nam filii parentes ſuos regere nõ debent, quem¬

50.0 741.0 580.0 42.0 admodum patres debent inſtituere liberos ſuos.

50.0 775.0 581.0 43.0 Itaque animi morúmque filil iudicium non fiet

50.0 808.0 579.0 41.0 ex paterno luxu, quod ſit neçeſſariũ & validũ ar¬

53.0 840.0 576.0 40.0 gumentum. At ex diſſolutis familiæ moribus in¬

51.0 872.0 578.0 43.0 telligitur quale ſit ingeniũ ipſius patrisfamilias,

49.0 905.0 580.0 40.0 Deinde reſpondeo. Hic Paulum agere de tota fa¬

50.0 937.0 577.0 42.0 milia, nõ de vna tãtùm eius parte. Nam ſi è pluri¬

48.0 969.0 581.0 42.0 bus liberis in eadem familia inſtitutis, alii quidẽ

48.0 1002.0 581.0 42.0 ſanctè inſtituti cernantur: alii verò luxu diffluen¬

48.0 1036.0 581.0 41.0 tes appareant, hic luxus non tam ex paterna diſci¬

49.0 1069.0 578.0 41.0 plina & moribus naſci videbitur, quàm ex prauo

47.0 1101.0 579.0 47.0 ipſorum liberorum ingenio, quod eſt procliue

47.0 1132.0 169.0 50.0 ad libidinem.
