1000 1448
236.0 119.0 222.0 23.0 CAPVT IIII.

592.0 92.0 40.0 56.0 237

53.0 137.0 580.0 45.0 cinium quærant. Ex hoc etiam ipſo oſtenditur,

57.0 175.0 576.0 41.0 quàm ſit difficile & arduum hoc miniſterij opus,

56.0 209.0 577.0 38.0 quocirca diligenter eſt in illud iincumbendum.

86.0 242.0 547.0 37.0 Profectus tuus) Eſt finis quem in munere ſuo

53.0 271.0 580.0 41.0 faciendo ſpectare debet paſtor Euangelicus, nẽ¬

53.0 306.0 578.0 43.0 pe propagatio Dei gloriæ, & ipſiuſmet Eccleſiæ

54.0 345.0 581.0 33.0 mnalor in dies prorectus & incrementum. Itaque

57.0 372.0 576.0 41.0 vocem, Profectus, non refero ad perſonam Timo¬

55.0 403.0 351.0 40.0 thei:ſed ad Eccleſiam potius,

82.0 433.0 554.0 46.0 Manifestus ſit) Quid ſi nullus profectus, nul¬

53.0 468.0 582.0 42.0 Ium incrementum Eccleſiæ appareat, éſtne pro¬

55.0 499.0 578.0 43.0 pterea paſtori deſperandum. Eſtne etiam ipſe

53.0 534.0 582.0 41.0 ſemper propterea, vt deſes & negligens damnan¬

53.0 565.0 583.0 40.0 dus? Reſpond. Hoc quidem lugendum eſſe, ſine

56.0 597.0 577.0 42.0 vllo profectu prædicari Dei verbum:ſi tamen pa¬

53.0 633.0 579.0 37.0 ſtor quantum in ſe eſt, ſyncerè paſcat gregem

53.0 662.0 576.0 41.0 ſuum, vigilet, in eo ſit totus, & officium faciat,

52.0 694.0 577.0 38.0 neque illi deſperandum eſſe:neque eum, vt negli¬

57.0 741.0 431.0 28.0 gentem, damnandum l Pet.5.verl.2.

90.0 787.0 539.0 53.0 16 Attende tibiipſi & doctrinæ: perſi¬

52.0 830.0 578.0 51.0 ste in istis, id enim ſi feceris, & teipſum ſer¬

52.0 870.0 374.0 46.0 uabis & eos qui te audierint.

98.0 915.0 533.0 44.0 Quarta exhortatio à fructu huiuſmodi labo¬

49.0 950.0 582.0 39.0 ris, & eo quidem vberrimo. Eſt autem is fructus,

49.0 983.0 582.0 41.0 ſalus animarum, tum in Paſtore ipſo, tum in Gre¬

51.0 1016.0 579.0 39.0 ge & Eccleſia. Quod vt fiat vult Paulus vt quili¬

49.0 1047.0 582.0 37.0 bet paſtor Euangelicus, Attendat ſibi, & Perſiſtat

48.0 1080.0 582.0 39.0 in officio. Attendat autem, id eſt, diligenter vi¬

47.0 1114.0 580.0 36.0 deat, & non perfunctoriè conſideret, & Qualis i¬

48.0 1146.0 581.0 42.0 pſe ſit in ſeſe & moribus, & Qualis ſit ea doctri¬

46.0 1179.0 583.0 48.0 na, quam docet gregem Domini: vt ſi quæ vitia
