1000 1448
370.0 106.0 66.0 24.0 170

470.0 90.0 384.0 37.0 AD I. PAVL. AD TIM.

363.0 118.0 578.0 53.0 uangelij, Sacramentum fidei, & ipſam fidem Sa¬

363.0 156.0 578.0 45.0 cramentum: delectati nimirum voce ipſa Sacra¬

362.0 195.0 580.0 36.0 menti, ranquam auguſta, d doctrinæ huius maie¬

363.0 224.0 225.0 40.0 ſtati conſentanea.

396.0 253.0 547.0 45.0 Auget verò nanc appellationem à compara¬

362.0 288.0 580.0 41.0 tione Magnum enim vocat. Nam inter arcana i¬

363.0 324.0 579.0 39.0 pla Deranud anlo maius eit, & auguſtius. Hoc au¬

364.0 353.0 574.0 41.0 tem eſt ſummum, & ipſa mundi creatione longè

364.0 390.0 334.0 37.0 etiam maius, ac præſtantius.

396.0 415.0 544.0 45.0 Addit ſine controuerſia, id eſt, prout eſt o¬

363.0 449.0 579.0 42.0 mnibus in confeſſo. Amplificatio item eſt à con¬

363.0 482.0 579.0 43.0 ſenſu omnium piorum, & verè de pietate ſentiẽ¬

363.0 515.0 581.0 40.0 tium. Sed obſtat quòd hoc myſterium multi ne¬

364.0 545.0 579.0 45.0 gant vnquam extitiſſe: alij huic non aſſentiuntur.

362.0 576.0 582.0 44.0 Alijs verò eſt offendiculum vti Iudæis, alijs ſtulti¬

362.0 610.0 583.0 43.0 tia vt Gentibus. Reſpond. Iſtud à Paulo dici non

362.0 641.0 579.0 44.0 ex hominum infidelium iudicio, ſed ex fidelium

363.0 674.0 579.0 44.0 tantùm & piorum ſenſu. Præclara igitur eſt illa

364.0 706.0 579.0 45.0 Bernardi ſententia ſermo.45. Cantic. ab hoc lo¬

363.0 739.0 577.0 43.0 co non aliena. Quàm mihi decorus es Domine

363.0 770.0 579.0 44.0 mi, in ipſa huius tui depoſitione decoris. Etenim

363.0 803.0 579.0 42.0 vbi te exinaniſti, ibi pietas magis enituit: vbi cha¬

362.0 834.0 580.0 47.0 ritas plus effulſit, ibi amplius gratia radiauit. Quã

362.0 867.0 579.0 42.0 ſpectabilis & ſtupendis etiam virtutibus ſuper¬

362.0 905.0 579.0 37.0 nis in conceptu de Spiritu, in ortu de virgine, in

364.0 931.0 578.0 40.0 vitæ innocentia, in doctrinæ fluente, in coruſca¬

363.0 965.0 579.0 39.0 tionibus miraculorum: in reuelationibus Sacra¬

362.0 996.0 579.0 44.0 mentorum: Quam denique rutilans ſol iuſtitiæ

364.0 1028.0 581.0 44.0 poſt occaſum, de corde terræ reſurgens, quàm

363.0 1061.0 579.0 42.0 formoſus in ſtola tua: demum rex gloriæ in alta

364.0 1094.0 385.0 41.0 cœlorum te recipis. Sequitur.

396.0 1125.0 547.0 42.0 Altera pars huius verſiculi, quæ rei ipſius, id

365.0 1156.0 577.0 50.0 eſt, veritatis & doctrinæ Euangelieæ ſummam

829.0 1190.0 112.0 44.0 continet
