1000 1448
376.0 99.0 43.0 32.0 430

499.0 74.0 384.0 42.0 AD I. PAVL. AD TIM.

367.0 110.0 573.0 52.0 tur. Ac primum conuenit hic locus cum alioe¬

366.0 143.0 575.0 50.0 iuſdem Pauli loco nimirum cum Tit.3. verſ.1o.

368.0 176.0 574.0 51.0 Quod enim hîc ait, Secede, illîc ait, Reijce. Nam

367.0 210.0 575.0 51.0 quemadmodum docet Auguſtinus lib.3.de Ani¬

366.0 243.0 575.0 49.0 ma cap.2.ad paſtorem pertinet reijcere, & dam¬

366.0 273.0 573.0 50.0 nare hæreſes. Nec verò hæc tantùm in huiuſmo¬

366.0 307.0 576.0 49.0 di doctores & Matæologos pœna ſtatuitur à

366.0 340.0 576.0 50.0 Paulo, per quam illi priuentur familiari paſtorũ

365.0 372.0 577.0 48.0 conſuetudine & colloquio: ſed per quam è to¬

366.0 404.0 576.0 51.0 tius Eccleſiæ cœtu pellantur & eiiciantur. Eſt e¬

365.0 435.0 577.0 51.0 nim hîc nobis perſona Timothei conſideranda,

366.0 468.0 576.0 50.0 quem alloquitur Paulus non vt priuatum aliquẽ

365.0 501.0 577.0 50.0 de populo Dei, ſed vt paſtorem gregis & publi¬

365.0 534.0 577.0 48.0 cam totius Eccleſiæ curam gerentem, adeò vt

364.0 567.0 578.0 47.0 hæc ſententia, ſecede ab ijs, idem ſonet, atque

363.0 599.0 577.0 48.0 hæc reijce eos de cœtu Eccleſia. Quẽ enim propter

362.0 630.0 580.0 48.0 hæreſim, aut vitia non licet paſtori familiarem

363.0 664.0 579.0 47.0 naberemec alijs fidelibus licet, qui multò minus

363.0 699.0 577.0 45.0 ſibi cauere poſſunt, ne ab iſtis corrumpantur.

364.0 728.0 576.0 48.0 Præterea non ita iſtos euitandos paſtoribus do¬

364.0 761.0 577.0 46.0 cet Paulus, vt cæteris ſint ignoti: ſed quod à Ti¬

365.0 793.0 578.0 51.0 motheo fieri vult, idem ab omnibus ſemel fieri

365.0 838.0 117.0 39.0 oportet.

395.0 857.0 546.0 50.0 Itaque vox hæc, Abſcede, totum dominicum

366.0 890.0 574.0 51.0 gregem & Eccleſiam complectitur, qui ab iſtis

363.0 921.0 576.0 52.0 fugere debebit. Fateor ego quidem primùm ab

362.0 954.0 577.0 45.0 ab ipſis paſtoribus Eccleſiæ tales vitandos eſſe,

364.0 989.0 576.0 48.0 ne ſi ijs familiares appareant, reliqui libentius

365.0 1022.0 574.0 47.0 vel audacius cum illis congrediantur, & commu¬

363.0 1053.0 577.0 48.0 nicent. Sic de Ioanne Euangeliſta ſcribit Irenæ.

364.0 1085.0 578.0 49.0 lib.3.cap.3. eum etiam loco ipſo abſtinuiſſe, in

366.0 1118.0 575.0 48.0 quo erat Cerinthus hæreticus: ſed ſolis paſtori¬

364.0 1150.0 576.0 59.0 bus eos notos aut interdictos eſſe oportere per¬

870.0 1184.0 68.0 52.0 nego
