1000 1448
573.0 70.0 23.0 57.0 47

222.0 98.0 188.0 20.0 CAPVT VI.

44.0 111.0 578.0 49.0 pora & tanquam maturitates, quia ſolus eſt Sa¬

45.0 150.0 576.0 37.0 piens. Et vt in rebus his terrenis & naturalibus,

45.0 181.0 578.0 41.0 quibus producendis aliquod à Deo definitũ eſt

44.0 216.0 578.0 37.0 tempus, patientes eſſe ſolemus, veluti anni tem¬

46.0 248.0 579.0 39.0 peſtates expectamus: frugum maturitatem non

45.0 281.0 577.0 38.0 præcipitamus, dierum incrementa non vno mo¬

45.0 311.0 579.0 37.0 mento eſſe lubenter ferimus Iac. 5. verſ.7. ſic in

45.0 352.0 578.0 31.0 his quoque donis cœleſtibus & ſalutaribus acci¬

41.0 377.0 580.0 40.0 piendis patienti nos eſſe animo oportet, & legi¬

47.0 412.0 576.0 36.0 timum eorum reuelandorum tempus expectare.

84.0 441.0 540.0 36.0 Tribuit autem Paulus Patri eam ſecundi &

47.0 472.0 578.0 41.0 glorioſi Chriſti aduentus manifeſtationem: at a¬

45.0 505.0 578.0 40.0 libi Chriſto ipſi videtur vindicari Tit.2.verſ.13.1.

49.0 537.0 575.0 42.0 Theſſalonic.4. verſ.17. Reſpond. Quia Chriſtus

45.0 580.0 579.0 33.0 me nouis nomo de mimus propontus eſt, Patri

45.0 606.0 579.0 39.0 tribuuntur, quæ ſunt propria Dei opera, atque

46.0 636.0 577.0 42.0 etiam ea ipſa, quæ Chriſto conueniunt quoque,

49.0 669.0 575.0 38.0 quatenus ipſe Deus eſt. Sic dicitur Pater ſuſcitaſ¬

48.0 699.0 576.0 42.0 ſe Filium: dicitur etiam Filius ſeipſum ſuſcitaſſe.

80.0 732.0 543.0 42.0 Beatus, ſolus princeps. &c. Eſt diuinæ maieſta¬

47.0 766.0 578.0 41.0 tis deſcriptio ex varijs illius attributis, vt hanc o¬

49.0 799.0 576.0 40.0 mnium hominum, quantumuis potentum, viri¬

49.0 830.0 576.0 40.0 bus & dignitati opponamus, cùm ab illis propter

50.0 863.0 574.0 38.0 Chriſti Euangelium, ſubſannamur vel affligi¬

49.0 896.0 576.0 39.0 mur, vel de die aduentus Chriſti, tanquam impe¬

49.0 926.0 576.0 41.0 dito, ipſi cogitamus. Maximè verò illo ſeculo

49.0 961.0 576.0 33.0 fuit neceſſarium oculos fidelium traducere ab eo

50.0 992.0 577.0 40.0 ſplendore, qui in Eccleſiæ hoſtibus apparebat, ad

51.0 1025.0 574.0 33.0 incomparabilem illam vnius Dei maieſtarem,

50.0 1089.0 577.0 40.0 thiſcerent pij, qui ſe à potentiſsimis illis rerum

50.0 1119.0 579.0 44.0 dominis, imperatoribus & Magiſtratibus Roma¬

50.0 1155.0 579.0 48.0 nis, à faſtuoſis Iudæis, denique ab vniuerſo mũ¬

626.0 1265.0 11.0 51.0 0
