1000 1448
481.0 78.0 382.0 49.0 AD I. PAVL. AD TIM.

375.0 104.0 65.0 37.0 144

461.0 115.0 492.0 61.0 (Nam ſi quis propriæ domui præeſſe

374.0 160.0 541.0 57.0 neſcit, quomodo Eccleſiam Dei curabit?)

410.0 205.0 543.0 54.0 Argumentum eſt à minori ad maius, quo vti¬

376.0 240.0 579.0 52.0 tur Chriſtus Matth. 24. de talẽtis agens. cuius ra¬

378.0 275.0 577.0 49.0 tio & firmamentum eſt, non modò certiſſimum:

378.0 307.0 577.0 51.0 ſed etiam notiſſimum, & ab omnibus conceſſum,

378.0 338.0 577.0 55.0 hoc nempè, eum qui minorem nauim regere nõ

383.0 371.0 574.0 53.0 poteſt, nec maiorem poſſe. Maior autem vis huius

382.0 403.0 574.0 53.0 argumenti apparet, in his verbis Propriæ domui:

382.0 434.0 574.0 52.0 Eccleſiam Dei Eſt enim Eccleſia & ipſa do

384.0 467.0 575.0 52.0 mus vt inf. verſ.15. docebit Paulus, & eſt Hebr.3.

385.0 500.0 577.0 54.0 verſ.3. 4.5. ſed domus non priuati cuiuſdam ho¬

385.0 534.0 577.0 47.0 minis, ſed regis: non etiam familia & domus ali¬

385.0 563.0 577.0 52.0 cuius humani regis mortalis: ſed Dei ipſius ſum¬

386.0 596.0 579.0 49.0 mi & celeſtis omnium imperatoris. Ex hoc autẽ

386.0 628.0 577.0 55.0 intelligitur quanta ſit paſtorum Eccleſiæ digni¬

386.0 663.0 579.0 50.0 tas, qui in domo Dei præficiuntur. Ex hoc quo¬

388.0 694.0 579.0 50.0 que colligimus Eccleſiæ dominium ad quẽquam

387.0 728.0 582.0 49.0 nomiiiu non pertinere: nec cuiquam licere in ea

387.0 757.0 580.0 55.0 ſibi ius authoritatémq;, niſi Deo ipſo, id eſt, Do¬

388.0 790.0 582.0 58.0 mino deferente vſurpare, vt eſt in epiſt. ad Hebr.

432.0 854.0 539.0 61.0 6 Non nouitium: ne inflatus, in crimi¬

393.0 901.0 344.0 45.0 nationem incidat diaboli.

427.0 929.0 547.0 51.0 Non nouitium, vel Neophytum, Metaphora

395.0 963.0 580.0 53.0 traducta à plantis ad homines fideles, qui etiam

395.0 995.0 582.0 50.0 in Dei domo, & Eccleſia plante nominantur. Pſal

397.0 1029.0 581.0 52.0 92, verſ. 14 & Chriſtus ipſe ita appellat, omnis ar¬

397.0 1061.0 582.0 53.0 bor, vel plantatio, quam Pater meus non planta¬

398.0 1093.0 581.0 51.0 uerit, &c. Matth. 15. Ac primùm qui Neophyti

399.0 1125.0 582.0 53.0 dicti ſunt explicandum eſt, propterea quòd abuſi

399.0 1157.0 582.0 57.0 ſunt Monachi hac voce ad votorum ſuorum di¬

830.0 1188.0 153.0 54.0 ſtinctionem
