<?xml version='1.0' encoding='UTF-8'?>
<alto xmlns:xsi="http://www.w3.org/2001/XMLSchema-instance" xmlns="http://www.loc.gov/standards/alto/ns-v4#" xsi:schemaLocation="http://www.loc.gov/standards/alto/ns-v4# http://www.loc.gov/standards/alto/v4/alto-4-2.xsd">
  <Description>
    <MeasurementUnit>pixel</MeasurementUnit>
    <sourceImageInformation>
      <fileName>2013322.jpeg</fileName>
    </sourceImageInformation>
  </Description>
  <Tags>
    <OtherTag ID="BT7" LABEL="CustomZone" DESCRIPTION="block type CustomZone"/><OtherTag ID="BT8" LABEL="DamageZone" DESCRIPTION="block type DamageZone"/><OtherTag ID="BT9" LABEL="DigitizationArtefactZone" DESCRIPTION="block type DigitizationArtefactZone"/><OtherTag ID="BT10" LABEL="DropCapitalZone" DESCRIPTION="block type DropCapitalZone"/><OtherTag ID="BT11" LABEL="GraphicZone" DESCRIPTION="block type GraphicZone"/><OtherTag ID="BT12" LABEL="MainZone" DESCRIPTION="block type MainZone"/><OtherTag ID="BT13" LABEL="MarginTextZone" DESCRIPTION="block type MarginTextZone"/><OtherTag ID="BT14" LABEL="MusicZone" DESCRIPTION="block type MusicZone"/><OtherTag ID="BT15" LABEL="NumberingZone" DESCRIPTION="block type NumberingZone"/><OtherTag ID="BT17" LABEL="QuireMarksZone" DESCRIPTION="block type QuireMarksZone"/><OtherTag ID="BT18" LABEL="RunningTitleZone" DESCRIPTION="block type RunningTitleZone"/><OtherTag ID="BT19" LABEL="SealZone" DESCRIPTION="block type SealZone"/><OtherTag ID="BT20" LABEL="StampZone" DESCRIPTION="block type StampZone"/><OtherTag ID="BT21" LABEL="TableZone" DESCRIPTION="block type TableZone"/><OtherTag ID="BT22" LABEL="TitlePageZone" DESCRIPTION="block type TitlePageZone"/><OtherTag ID="BT3407" LABEL="MainZone-Continued" DESCRIPTION="block type MainZone-Continued"/><OtherTag ID="BT3408" LABEL="MainZone-P" DESCRIPTION="block type MainZone-P"/><OtherTag ID="BT3409" LABEL="MainZone-Head" DESCRIPTION="block type MainZone-Head"/><OtherTag ID="BT3410" LABEL="MainZone-Other" DESCRIPTION="block type MainZone-Other"/><OtherTag ID="BT3411" LABEL="MainZone-Sp" DESCRIPTION="block type MainZone-Sp"/><OtherTag ID="BT3417" LABEL="MainZone-Sp-Continued" DESCRIPTION="block type MainZone-Sp-Continued"/><OtherTag ID="BT3418" LABEL="GraphicZone-Decoration" DESCRIPTION="block type GraphicZone-Decoration"/><OtherTag ID="BT3419" LABEL="MainZone-Entry" DESCRIPTION="block type MainZone-Entry"/><OtherTag ID="BT3420" LABEL="MainZone-Lg" DESCRIPTION="block type MainZone-Lg"/><OtherTag ID="BT3421" LABEL="MainZone-Entry-Continued" DESCRIPTION="block type MainZone-Entry-Continued"/><OtherTag ID="BT3422" LABEL="MarginTextZone-ManuscriptAddendum" DESCRIPTION="block type MarginTextZone-ManuscriptAddendum"/><OtherTag ID="BT3423" LABEL="MainZone-List" DESCRIPTION="block type MainZone-List"/>
    <OtherTag ID="LT7" LABEL="CustomLine" DESCRIPTION="line type CustomLine"/><OtherTag ID="LT8" LABEL="DefaultLine" DESCRIPTION="line type DefaultLine"/><OtherTag ID="LT9" LABEL="DropCapitalLine" DESCRIPTION="line type DropCapitalLine"/><OtherTag ID="LT10" LABEL="HeadingLine" DESCRIPTION="line type HeadingLine"/><OtherTag ID="LT11" LABEL="InterlinearLine" DESCRIPTION="line type InterlinearLine"/><OtherTag ID="LT12" LABEL="MusicLine" DESCRIPTION="line type MusicLine"/>
  </Tags>
  <Layout>
    <Page WIDTH="1000" HEIGHT="1448" PHYSICAL_IMG_NR="318" ID="eSc_dummypage_">
      <PrintSpace HPOS="0" VPOS="0" WIDTH="1000" HEIGHT="1448">
        <TextBlock HPOS="388.5965270996094" VPOS="88.7900161743164" WIDTH="51.254791259765625" HEIGHT="32.28673553466797" ID="block_1" TAGREFS="BT15">
          <Shape><Polygon POINTS="388.597 88.79 439.851 88.79 439.851 121.077 388.597 121.077 388.597 88.79"/></Shape>
          <TextLine ID="line_1" TAGREFS="LT8" BASELINE="390 109 444 109" HPOS="390.0" VPOS="98.0" WIDTH="54.0" HEIGHT="27.0">
            <Shape><Polygon POINTS="414 98 406 98 398 98 390 98 390 109 390 125 410 125 410 124 411 124 411 124 411 123 412 123 420 116 443 120 444 109 444 98 416 98 414 98"/></Shape>
            <String CONTENT="410" HPOS="390.0" VPOS="98.0" WIDTH="54.0" HEIGHT="27.0" WC="0.9999778668085734"/>
          </TextLine>
        </TextBlock>
        <TextBlock HPOS="519.1251831054688" VPOS="83.8293228149414" WIDTH="350.46417236328125" HEIGHT="34.52839660644531" ID="block_2" TAGREFS="BT18">
          <Shape><Polygon POINTS="519.125 83.8293 869.589 83.8293 869.589 118.358 519.125 118.358 519.125 83.8293"/></Shape>
          <TextLine ID="line_2" TAGREFS="LT8" BASELINE="517 110 870 107" HPOS="516.0" VPOS="86.0" WIDTH="354.0" HEIGHT="37.0">
            <Shape><Polygon POINTS="773 98 765 98 757 98 749 98 741 98 733 98 725 98 717 98 709 98 701 98 693 98 685 98 677 98 669 98 661 98 653 98 645 98 637 98 629 98 621 98 613 98 604 98 596 98 588 98 580 98 572 98 564 98 556 98 548 98 540 98 532 98 524 98 516 98 517 110 517 121 547 122 547 122 548 122 551 121 565 115 622 115 631 120 635 123 636 123 637 123 637 123 653 119 668 116 678 119 688 123 689 123 690 123 763 122 764 122 765 122 765 121 769 118 773 114 806 117 847 122 848 122 849 122 870 116 870 107 868 88 859 86 858 86 857 86 854 88 843 94 834 88 832 87 831 87 831 87 780 86 779 86 778 86 773 88 773 98"/></Shape>
            <String CONTENT="AD I. PAVL. AD TIM" HPOS="516.0" VPOS="86.0" WIDTH="354.0" HEIGHT="37.0" WC="0.9991179837120904"/>
          </TextLine>
        </TextBlock>
        <TextBlock HPOS="375.99462890625" VPOS="121.77195739746094" WIDTH="588.3101806640625" HEIGHT="1075.0572662353516" ID="block_3" TAGREFS="BT3407">
          <Shape><Polygon POINTS="375.995 121.772 964.305 121.772 964.305 1196.83 375.995 1196.83 375.995 121.772"/></Shape>
          <TextLine ID="line_3" TAGREFS="LT8" BASELINE="386 144 957 148" HPOS="386.0" VPOS="120.0" WIDTH="571.0" HEIGHT="40.0">
            <Shape><Polygon POINTS="386 144 386 156 822 156 823 156 828 160 829 160 830 160 831 160 877 156 898 160 899 160 956 156 957 148 955 123 942 129 892 129 878 123 877 123 876 123 854 126 844 122 843 122 843 122 842 122 839 122 810 126 788 122 786 122 786 122 785 122 784 122 775 128 757 128 728 122 725 121 724 121 712 121 614 127 386 120 386 144"/></Shape>
            <String CONTENT="ri argumento proximè ſequens tractatio quæ" HPOS="386.0" VPOS="120.0" WIDTH="571.0" HEIGHT="40.0" WC="0.997998200183691"/>
          </TextLine>
          <TextLine ID="line_4" TAGREFS="LT8" BASELINE="385 179 958 179" HPOS="385.0" VPOS="153.0" WIDTH="573.0" HEIGHT="40.0">
            <Shape><Polygon POINTS="385 179 385 188 432 193 433 193 434 193 435 193 440 188 442 187 489 187 495 188 513 193 514 193 514 193 515 193 516 193 522 188 524 187 604 187 606 188 611 191 612 191 613 191 613 191 639 188 648 187 650 188 660 193 661 193 662 193 695 193 695 193 695 193 707 188 710 187 727 188 811 193 812 193 813 193 828 188 830 187 832 188 845 193 846 193 847 193 877 193 877 193 878 193 895 188 897 187 957 187 958 179 957 159 907 160 901 159 885 153 884 153 836 153 835 153 835 153 823 159 820 161 778 161 776 160 769 154 768 154 767 154 766 154 732 160 724 160 723 160 714 154 713 154 712 154 711 154 711 154 696 160 693 160 687 160 669 156 668 156 647 160 642 160 641 160 630 153 629 153 629 153 588 153 588 153 587 153 566 160 565 160 564 160 547 153 546 153 545 153 544 153 543 153 531 160 530 161 488 161 488 160 469 153 468 153 467 153 466 153 465 153 453 160 440 153 440 153 403 153 403 153 402 153 385 160 385 179"/></Shape>
            <String CONTENT="eſt de ſeruorũ officio erga dominos. Quid enim" HPOS="385.0" VPOS="153.0" WIDTH="573.0" HEIGHT="40.0" WC="0.9950280493878304"/>
          </TextLine>
          <TextLine ID="line_5" TAGREFS="LT8" BASELINE="384 212 956 212" HPOS="384.0" VPOS="189.0" WIDTH="572.0" HEIGHT="36.0">
            <Shape><Polygon POINTS="384 212 384 220 473 219 479 221 486 223 487 223 488 223 489 223 489 223 493 221 496 219 505 222 518 224 518 224 519 224 525 222 530 219 619 219 631 222 638 224 639 224 640 224 641 224 646 222 654 219 662 222 666 224 667 224 668 225 743 225 743 224 757 223 793 220 807 223 810 224 811 224 812 224 813 224 814 223 825 219 860 223 860 223 861 223 872 219 891 224 892 224 893 224 893 224 897 224 927 220 955 224 956 212 956 195 933 190 932 190 913 194 912 194 905 189 904 189 903 189 877 189 876 189 876 189 867 193 865 194 864 193 851 189 850 189 849 189 848 189 839 193 838 194 766 194 762 193 754 189 753 189 731 189 730 189 729 189 721 192 716 195 628 195 619 191 613 189 613 189 557 189 556 189 555 189 552 190 543 194 459 190 458 190 408 194 402 189 402 189 401 189 400 189 384 189 384 212"/></Shape>
            <String CONTENT="hæc commune habet cum paſtorum electione," HPOS="384.0" VPOS="189.0" WIDTH="572.0" HEIGHT="36.0" WC="0.9735801467081395"/>
          </TextLine>
          <TextLine ID="line_6" TAGREFS="LT8" BASELINE="385 243 955 242" HPOS="384.0" VPOS="218.0" WIDTH="571.0" HEIGHT="37.0">
            <Shape><Polygon POINTS="385 243 385 255 748 255 748 255 749 255 760 251 765 250 770 251 784 255 785 255 835 251 846 250 859 250 940 255 941 255 942 255 955 250 955 242 954 225 921 224 915 218 915 218 914 218 913 218 913 218 912 218 888 224 868 218 867 218 866 218 865 218 850 224 849 224 811 218 785 218 784 218 783 218 782 218 773 224 773 225 669 225 668 223 662 218 661 218 660 218 641 218 641 218 640 218 639 218 633 223 632 224 632 223 622 218 621 218 582 218 581 218 580 218 580 218 572 223 570 225 567 223 559 218 559 218 558 218 534 218 533 218 532 218 531 218 531 219 526 223 526 224 522 223 506 218 506 218 505 218 477 223 469 224 467 223 459 219 458 219 457 219 456 219 448 223 444 225 384 223 385 243"/></Shape>
            <String CONTENT="cum cenſura Eccleſiaſtica, cum officio Preſby¬" HPOS="384.0" VPOS="218.0" WIDTH="571.0" HEIGHT="37.0" WC="0.9958889510320581"/>
          </TextLine>
          <TextLine ID="line_7" TAGREFS="LT8" BASELINE="384 275 958 277" HPOS="383.0" VPOS="250.0" WIDTH="575.0" HEIGHT="42.0">
            <Shape><Polygon POINTS="384 275 383 282 467 283 468 283 490 288 491 288 514 283 517 283 635 283 638 285 646 291 646 291 647 291 671 292 672 292 673 292 692 286 707 292 708 292 709 292 864 292 864 292 864 292 865 292 871 287 876 284 881 287 888 292 889 292 890 292 924 292 924 292 925 292 935 288 946 285 955 288 958 277 956 256 920 257 916 256 902 250 901 250 901 250 900 250 887 256 884 257 884 256 877 250 876 250 876 250 800 250 799 250 798 250 784 256 781 257 780 256 773 250 773 250 772 250 771 250 770 250 769 250 763 256 761 257 759 256 744 250 744 250 743 250 742 250 741 250 732 256 730 258 685 258 680 256 659 250 658 250 619 250 618 250 617 250 617 250 609 256 609 256 606 256 579 252 578 252 525 256 519 256 518 256 509 251 508 251 507 251 506 251 493 255 485 251 485 251 484 251 483 251 482 251 475 256 474 257 416 257 415 256 396 250 395 250 395 250 394 250 384 255 384 275"/></Shape>
            <String CONTENT="terorum, cum tota denique politia diſciplináque" HPOS="383.0" VPOS="250.0" WIDTH="575.0" HEIGHT="42.0" WC="0.9988827568789324"/>
          </TextLine>
          <TextLine ID="line_8" TAGREFS="LT8" BASELINE="385 307 957 308" HPOS="385.0" VPOS="283.0" WIDTH="572.0" HEIGHT="39.0">
            <Shape><Polygon POINTS="385 307 386 320 403 316 432 320 433 320 434 320 442 316 477 320 478 320 525 316 534 320 539 321 539 321 540 321 578 320 648 316 661 319 665 320 666 320 666 320 667 320 670 319 679 316 682 319 687 322 687 322 688 322 689 322 769 321 770 321 778 318 781 317 784 318 800 322 801 322 802 322 802 322 803 322 809 318 812 316 866 316 868 317 877 322 878 322 879 322 903 317 908 316 909 317 920 322 921 322 921 322 922 322 932 317 934 316 955 316 957 308 957 291 938 283 938 283 937 283 894 289 866 283 865 283 864 283 864 283 856 290 855 291 806 291 803 289 791 283 790 283 790 283 789 283 768 289 763 291 712 291 709 288 701 283 700 283 699 283 699 283 698 283 685 288 679 290 642 287 597 285 596 285 559 287 520 289 514 287 506 283 506 283 432 283 432 283 431 283 423 286 418 288 413 286 407 283 406 283 405 283 385 285 385 307"/></Shape>
            <String CONTENT="Eccleſiaſtica, quæ omnia ſuperius in tota hac E¬" HPOS="385.0" VPOS="283.0" WIDTH="572.0" HEIGHT="39.0" WC="0.992693350960811"/>
          </TextLine>
          <TextLine ID="line_9" TAGREFS="LT8" BASELINE="385 340 957 341" HPOS="385.0" VPOS="315.0" WIDTH="572.0" HEIGHT="42.0">
            <Shape><Polygon POINTS="956 320 908 316 907 316 891 319 875 321 865 319 854 316 853 316 852 316 851 316 845 319 839 321 835 319 832 316 831 316 831 316 810 316 810 316 809 316 808 316 808 316 806 318 802 322 789 322 777 318 769 316 768 316 767 316 766 316 760 318 752 322 680 322 675 317 672 315 671 315 670 315 670 315 669 315 661 317 651 320 648 317 646 316 646 315 645 315 644 315 628 315 627 315 626 315 625 315 623 317 617 321 547 321 529 316 520 315 519 315 518 315 518 315 516 316 510 321 469 321 454 316 449 315 448 315 448 315 447 315 446 315 444 316 439 320 431 316 428 315 427 315 427 315 416 316 392 319 386 316 385 340 386 354 406 349 461 349 468 354 469 355 470 355 471 355 472 355 481 353 502 350 514 353 521 355 522 355 522 355 523 355 524 355 526 353 531 349 559 349 566 353 570 355 571 355 572 355 624 353 672 350 676 352 681 356 682 356 683 356 683 356 717 352 720 352 721 352 743 356 744 356 744 356 745 356 750 352 752 351 761 352 821 356 822 356 823 356 839 351 842 350 843 351 848 356 849 356 850 356 851 357 874 357 874 356 875 356 896 350 897 350 897 350 911 356 912 356 913 356 913 356 914 356 923 350 924 350 956 350 957 341 956 320"/></Shape>
            <String CONTENT="piſtola perſecutus eſt Paulus? Præſertim verò" HPOS="385.0" VPOS="315.0" WIDTH="572.0" HEIGHT="42.0" WC="0.9863276455713355"/>
          </TextLine>
          <TextLine ID="line_10" TAGREFS="LT8" BASELINE="383 371 957 374" HPOS="382.0" VPOS="348.0" WIDTH="575.0" HEIGHT="42.0">
            <Shape><Polygon POINTS="383 371 382 381 440 387 441 387 442 387 454 382 455 382 512 382 514 382 528 388 529 388 530 388 568 384 611 388 612 388 613 388 625 383 629 382 637 384 670 389 671 389 699 384 706 383 711 384 726 389 727 389 728 389 765 385 782 383 793 385 814 390 814 390 840 386 853 384 880 386 924 390 925 390 956 386 957 374 957 353 855 350 855 350 854 350 849 353 845 354 839 353 831 350 831 350 830 350 829 350 828 350 826 353 822 355 815 353 808 349 807 349 748 349 747 349 732 353 723 354 718 353 711 349 711 349 710 349 694 353 682 354 624 353 562 350 561 350 544 353 534 353 528 353 509 348 508 348 472 353 468 353 465 353 449 348 448 348 448 348 447 348 446 348 441 353 440 353 422 353 419 353 399 348 399 348 398 348 383 352 383 371"/></Shape>
            <String CONTENT="cùm ſerui eo tempore, quo hæc ſcribebat Paulus" HPOS="382.0" VPOS="348.0" WIDTH="575.0" HEIGHT="42.0" WC="0.9918361154008419"/>
          </TextLine>
          <TextLine ID="line_11" TAGREFS="LT8" BASELINE="383 404 957 407" HPOS="383.0" VPOS="381.0" WIDTH="574.0" HEIGHT="42.0">
            <Shape><Polygon POINTS="383 404 383 415 403 415 404 415 412 420 413 420 414 420 415 421 440 421 440 420 441 420 442 420 448 415 449 415 476 415 477 415 484 420 485 420 485 420 486 420 534 415 542 415 547 415 575 421 576 422 636 422 636 421 637 421 637 421 637 420 643 416 644 415 660 416 766 422 767 422 790 417 791 417 802 422 802 422 803 423 848 423 848 422 849 422 858 417 859 417 860 417 871 421 872 421 872 421 873 421 874 421 879 418 881 416 937 417 938 418 943 422 944 422 945 422 946 422 946 422 956 418 957 407 955 384 663 386 649 385 629 382 628 382 627 382 626 382 622 385 619 387 592 387 586 385 575 381 574 381 573 381 530 385 518 386 506 385 456 381 455 381 454 381 444 385 441 386 383 386 383 404"/></Shape>
            <String CONTENT="ex iuris Romani conſtitutione pro mortuis inter" HPOS="383.0" VPOS="381.0" WIDTH="574.0" HEIGHT="42.0" WC="0.9967055599740211"/>
          </TextLine>
          <TextLine ID="line_12" TAGREFS="LT8" BASELINE="383 437 956 437" HPOS="383.0" VPOS="414.0" WIDTH="573.0" HEIGHT="40.0">
            <Shape><Polygon POINTS="383 437 383 453 421 448 438 453 440 453 440 453 441 453 447 453 489 448 507 452 513 453 514 453 514 453 517 452 524 448 571 452 594 453 595 453 677 452 678 452 682 451 687 448 699 451 716 453 717 453 756 450 768 449 777 450 812 453 813 453 832 449 836 448 838 449 843 453 844 453 845 453 846 454 872 454 872 453 872 453 883 448 884 448 956 448 956 437 956 420 924 419 917 414 917 414 916 414 915 414 914 414 897 419 895 419 890 419 860 415 860 415 827 419 814 419 810 418 800 414 799 414 798 414 781 418 773 420 720 420 681 417 640 414 639 414 628 416 614 419 604 416 603 415 602 415 601 415 593 415 556 419 513 415 497 414 497 414 486 415 438 419 433 415 432 415 432 415 383 414 383 437"/></Shape>
            <String CONTENT="homines haberentur, id eſt, perinde atque ſi o¬" HPOS="383.0" VPOS="414.0" WIDTH="573.0" HEIGHT="40.0" WC="0.9865371838529059"/>
          </TextLine>
          <TextLine ID="line_13" TAGREFS="LT8" BASELINE="383 468 958 470" HPOS="382.0" VPOS="447.0" WIDTH="576.0" HEIGHT="40.0">
            <Shape><Polygon POINTS="383 468 382 479 418 485 419 485 578 481 710 486 711 487 751 487 751 486 752 486 763 481 777 485 777 485 778 485 830 481 836 486 837 486 838 486 839 487 876 487 876 486 876 486 894 481 922 486 923 486 958 481 958 470 958 448 383 447 383 468"/></Shape>
            <String CONTENT="mnino nõeſſent homines, ſed pecudes cenſerẽtur" HPOS="382.0" VPOS="447.0" WIDTH="576.0" HEIGHT="40.0" WC="0.9869844019412994"/>
          </TextLine>
          <TextLine ID="line_14" TAGREFS="LT8" BASELINE="385 501 958 503" HPOS="384.0" VPOS="477.0" WIDTH="574.0" HEIGHT="41.0">
            <Shape><Polygon POINTS="385 501 384 517 530 518 530 518 536 517 554 513 595 516 613 518 613 518 635 516 659 514 665 516 673 518 674 518 674 518 701 516 726 514 750 516 781 518 781 518 816 515 839 514 903 514 909 515 920 518 921 518 921 518 922 518 931 515 935 514 956 514 958 503 957 480 883 478 882 478 876 479 857 483 826 479 815 478 814 478 814 478 810 479 802 483 795 479 794 478 793 478 792 478 791 478 790 478 788 479 779 483 760 479 753 478 753 478 752 478 749 479 741 484 672 484 645 483 641 479 639 477 638 477 637 477 637 477 623 479 598 482 587 479 582 477 581 477 580 477 569 479 546 482 514 479 498 477 497 477 497 477 493 479 485 482 385 479 385 501"/></Shape>
            <String CONTENT="quæ certè pecudes ad cœtum Eccleſiæ minimè" HPOS="384.0" VPOS="477.0" WIDTH="574.0" HEIGHT="41.0" WC="0.9971009872176431"/>
          </TextLine>
          <TextLine ID="line_15" TAGREFS="LT8" BASELINE="383 535 958 534" HPOS="382.0" VPOS="510.0" WIDTH="576.0" HEIGHT="40.0">
            <Shape><Polygon POINTS="383 535 384 550 402 545 418 549 419 549 419 549 485 545 499 549 501 549 502 549 502 549 503 549 504 549 513 545 522 548 523 549 524 549 525 550 572 550 572 549 572 549 573 549 574 548 579 545 604 547 620 549 621 549 633 547 650 545 659 547 666 549 667 549 668 549 669 549 676 547 683 545 760 546 912 548 913 548 957 543 958 534 956 517 860 511 859 511 836 516 834 516 833 516 826 510 825 510 824 510 823 510 751 515 736 516 733 515 724 510 723 510 688 510 687 510 687 510 674 515 668 517 641 514 600 511 599 511 598 511 588 514 586 515 584 514 577 511 576 511 576 511 531 512 530 512 525 514 517 517 498 514 481 511 480 511 382 513 383 535"/></Shape>
            <String CONTENT="pertinent, nullámque nobiſcum iuris commu¬" HPOS="382.0" VPOS="510.0" WIDTH="576.0" HEIGHT="40.0" WC="0.9994033699811891"/>
          </TextLine>
          <TextLine ID="line_16" TAGREFS="LT8" BASELINE="382 566 959 567" HPOS="382.0" VPOS="542.0" WIDTH="577.0" HEIGHT="40.0">
            <Shape><Polygon POINTS="382 566 382 575 425 581 426 581 584 576 596 581 597 581 598 581 654 577 671 582 672 582 673 582 706 578 732 582 733 582 811 578 816 582 817 582 818 582 818 582 819 582 831 577 874 582 875 582 876 582 897 577 958 577 959 567 959 548 929 543 928 543 886 547 855 543 855 543 829 547 788 543 787 543 767 547 766 547 604 547 604 546 590 542 589 542 588 542 555 546 551 546 547 546 521 542 520 542 382 544 382 566"/></Shape>
            <String CONTENT="nionem habent, ſiue terreni &amp; ciuilis, ſiue cœle¬" HPOS="382.0" VPOS="542.0" WIDTH="577.0" HEIGHT="40.0" WC="0.9907536616130751"/>
          </TextLine>
          <TextLine ID="line_17" TAGREFS="LT8" BASELINE="383 599 960 599" HPOS="383.0" VPOS="575.0" WIDTH="577.0" HEIGHT="41.0">
            <Shape><Polygon POINTS="383 599 383 610 403 610 408 615 409 615 410 615 411 615 411 615 424 611 516 615 517 615 551 610 577 610 585 615 586 615 587 615 588 615 588 615 605 610 621 615 621 615 622 615 686 610 723 615 724 616 744 616 744 615 745 615 746 615 752 610 924 615 925 615 925 615 926 615 934 610 960 610 960 599 960 581 921 581 920 580 905 575 905 575 904 575 903 575 888 579 879 575 878 575 877 575 876 575 864 580 862 580 853 580 823 576 823 576 822 576 813 579 808 580 802 579 787 575 786 575 786 575 785 575 774 579 769 580 761 579 744 575 743 575 742 575 741 575 736 578 733 580 724 578 715 575 714 575 713 575 697 578 680 580 658 577 637 575 636 575 635 575 634 575 631 577 626 581 606 581 567 576 550 575 549 575 548 575 547 575 547 575 546 576 541 581 528 581 514 575 511 575 510 575 510 575 509 575 506 575 497 581 457 581 440 575 439 575 438 575 383 575 383 599"/></Shape>
            <String CONTENT="ſtis &amp; ærerni. Ecquæ igitur huius loci cum ſupe¬" HPOS="383.0" VPOS="575.0" WIDTH="577.0" HEIGHT="41.0" WC="0.9928696987529596"/>
          </TextLine>
          <TextLine ID="line_18" TAGREFS="LT8" BASELINE="383 632 961 630" HPOS="383.0" VPOS="606.0" WIDTH="578.0" HEIGHT="40.0">
            <Shape><Polygon POINTS="383 642 439 641 447 642 472 646 473 646 494 642 499 641 506 642 532 645 533 645 534 645 541 642 543 641 549 642 591 646 592 646 592 646 593 646 600 641 604 641 637 646 637 646 736 641 748 641 748 641 755 645 756 645 757 645 757 646 822 646 822 645 823 645 835 641 847 645 848 645 849 645 880 641 913 645 914 645 915 645 934 641 948 645 949 645 950 645 950 645 961 640 961 630 959 612 893 612 891 612 863 606 862 606 790 611 771 612 769 611 763 606 762 606 761 606 761 606 736 610 736 610 734 610 685 606 684 606 683 606 669 610 657 612 637 609 619 607 618 607 617 607 608 609 595 612 475 608 432 607 432 607 425 608 401 612 383 608 383 632 383 642"/></Shape>
            <String CONTENT="riore cõtinuatio eſſe poteſt? Reſpond. Cùm pro¬" HPOS="383.0" VPOS="606.0" WIDTH="578.0" HEIGHT="40.0" WC="0.962478401709576"/>
          </TextLine>
          <TextLine ID="line_19" TAGREFS="LT8" BASELINE="382 664 958 666" HPOS="382.0" VPOS="643.0" WIDTH="576.0" HEIGHT="37.0">
            <Shape><Polygon POINTS="777 646 769 648 768 648 761 648 753 648 744 648 736 648 728 648 720 648 718 648 715 649 670 649 668 648 664 648 656 648 648 648 640 648 632 648 624 648 616 648 608 648 600 648 592 648 584 648 576 648 567 648 559 648 551 648 543 648 535 648 527 648 519 648 511 648 503 648 495 648 487 648 479 648 471 648 463 648 455 648 447 648 439 648 431 648 423 648 415 648 407 648 399 648 390 648 382 648 382 664 382 678 415 674 431 679 432 679 433 679 434 679 439 679 467 675 490 679 493 679 494 679 495 679 496 679 513 674 559 679 562 679 563 679 563 679 576 674 634 674 644 679 645 679 646 679 646 679 647 679 666 674 689 680 691 680 692 680 693 680 699 680 747 674 755 678 756 678 757 678 786 674 794 680 795 680 796 680 797 680 805 680 910 674 956 680 958 666 956 643 905 648 866 643 861 643 788 643 787 643 786 643 783 644 777 645 777 646"/></Shape>
            <String CONTENT="poſitum ſit Paulo in hac Epiſtola depingere atq;" HPOS="382.0" VPOS="643.0" WIDTH="576.0" HEIGHT="37.0" WC="0.9930391125380993"/>
          </TextLine>
          <TextLine ID="line_20" TAGREFS="LT8" BASELINE="382 696 961 696" HPOS="382.0" VPOS="673.0" WIDTH="579.0" HEIGHT="39.0">
            <Shape><Polygon POINTS="382 696 382 705 419 711 420 712 453 712 453 711 454 711 455 711 463 707 474 711 475 711 476 712 510 712 510 711 510 711 519 707 522 706 553 706 554 707 559 711 559 711 560 711 561 711 580 707 654 711 655 711 656 711 657 711 662 707 665 706 678 708 696 711 697 711 698 711 703 708 708 706 734 708 752 710 753 710 753 710 754 710 756 708 758 707 760 708 763 711 764 711 765 711 765 712 801 712 801 711 802 711 802 711 802 711 805 709 809 706 850 706 858 709 863 711 864 711 864 711 890 710 937 706 960 710 961 696 961 679 897 679 897 678 891 674 890 674 889 674 888 674 782 678 777 678 777 678 769 673 769 673 768 673 745 673 744 673 744 673 743 673 743 674 736 678 714 674 713 674 690 678 689 678 679 673 678 673 677 673 676 673 656 678 631 673 630 673 502 674 502 674 493 678 492 678 484 678 410 673 409 673 408 673 399 678 398 678 382 678 382 696"/></Shape>
            <String CONTENT="informare eam boni paſtoris ideam, in qua ni¬" HPOS="382.0" VPOS="673.0" WIDTH="579.0" HEIGHT="39.0" WC="0.9834897730085584"/>
          </TextLine>
          <TextLine ID="line_21" TAGREFS="LT8" BASELINE="382 729 960 728" HPOS="381.0" VPOS="702.0" WIDTH="579.0" HEIGHT="44.0">
            <Shape><Polygon POINTS="382 729 382 740 442 740 444 740 469 745 470 745 503 740 518 745 518 745 519 746 548 746 548 745 549 745 550 745 558 740 597 745 598 745 599 745 618 740 636 745 637 745 637 745 638 745 639 745 646 740 651 744 652 744 653 744 654 744 670 740 678 744 679 744 679 744 680 745 742 745 742 744 743 744 762 739 764 739 805 739 806 739 824 744 825 744 826 744 857 739 859 739 861 739 917 743 918 743 959 738 960 728 959 706 953 702 952 702 951 702 909 702 908 702 907 702 906 702 901 707 897 710 882 710 864 706 837 702 836 702 835 702 823 706 814 710 732 710 722 705 713 702 712 702 711 702 711 702 701 705 689 710 637 710 626 704 622 703 621 703 621 703 603 704 570 708 534 704 519 703 518 703 510 704 485 709 471 703 468 703 467 703 437 703 436 703 436 703 434 703 427 707 419 703 417 703 416 703 415 703 381 703 382 729"/></Shape>
            <String CONTENT="hil abſit, nulláve pars miniſterij neceſſaria deſi¬" HPOS="381.0" VPOS="702.0" WIDTH="579.0" HEIGHT="44.0" WC="0.9959577241769204"/>
          </TextLine>
          <TextLine ID="line_22" TAGREFS="LT8" BASELINE="382 761 961 761" HPOS="382.0" VPOS="739.0" WIDTH="579.0" HEIGHT="36.0">
            <Shape><Polygon POINTS="382 761 382 775 423 775 423 774 424 774 435 769 470 773 471 773 472 773 485 769 500 773 501 773 502 773 502 773 510 773 592 769 609 773 619 774 620 775 713 775 713 774 714 774 715 774 719 771 721 769 735 771 758 774 759 774 760 774 766 771 768 770 769 771 775 774 776 774 777 775 861 775 861 774 862 774 875 770 877 769 881 769 914 774 915 774 961 769 961 761 961 745 927 745 926 744 911 739 910 739 885 739 884 739 884 739 883 739 876 744 876 745 781 745 777 743 769 739 768 739 740 739 740 739 739 739 732 743 728 744 654 742 567 739 567 739 566 739 565 739 563 741 558 745 526 745 517 740 513 739 512 739 511 739 510 739 505 740 492 744 476 740 475 740 474 740 473 740 438 744 423 740 419 739 419 739 418 739 382 739 382 761"/></Shape>
            <String CONTENT="deretur, etiam de ſeruorum officio erga domi¬" HPOS="382.0" VPOS="739.0" WIDTH="579.0" HEIGHT="36.0" WC="0.9998823086420695"/>
          </TextLine>
          <TextLine ID="line_23" TAGREFS="LT8" BASELINE="382 794 960 792" HPOS="382.0" VPOS="768.0" WIDTH="578.0" HEIGHT="41.0">
            <Shape><Polygon POINTS="382 794 383 806 397 802 413 806 414 806 415 806 415 806 422 806 477 802 493 806 497 806 498 806 506 806 519 803 523 806 530 809 531 809 532 809 555 805 563 804 565 805 572 809 573 809 574 809 617 805 647 802 678 802 679 804 683 808 684 808 685 808 686 808 739 803 752 802 754 803 765 807 766 807 767 808 807 808 807 807 841 802 852 801 857 802 871 807 872 807 872 807 959 801 960 792 958 776 904 776 902 775 877 768 876 768 876 768 875 768 860 774 858 775 851 774 806 768 806 768 805 768 804 768 797 774 795 775 790 773 767 769 766 769 765 769 765 769 759 773 758 774 757 773 748 770 747 770 746 770 745 770 737 773 731 777 675 777 670 773 664 769 663 769 662 769 662 769 629 773 597 776 585 772 576 769 575 769 574 769 573 769 567 772 557 777 534 777 526 771 523 769 522 769 522 769 521 769 510 771 497 773 491 771 488 769 487 769 432 769 431 769 430 769 429 769 428 770 421 774 382 770 382 794"/></Shape>
            <String CONTENT="nos fuiſſe dicendum. Cuius rei duplex eſt ratio." HPOS="382.0" VPOS="768.0" WIDTH="578.0" HEIGHT="41.0" WC="0.9990872032940388"/>
          </TextLine>
        </TextBlock>
        <TextBlock HPOS="384.05377197265625" VPOS="805.34912109375" WIDTH="581.4258422851562" HEIGHT="390.9169921875" ID="block_4" TAGREFS="BT3408">
          <Shape><Polygon POINTS="384.054 805.349 965.48 805.349 965.48 1196.27 384.054 1196.27 384.054 805.349"/></Shape>
          <TextLine ID="line_24" TAGREFS="LT8" BASELINE="398 826 962 826" HPOS="398.0" VPOS="801.0" WIDTH="564.0" HEIGHT="38.0">
            <Shape><Polygon POINTS="398 826 398 835 430 835 435 839 436 839 436 839 437 839 489 835 494 835 496 835 510 839 510 839 511 839 530 835 533 835 962 838 962 826 962 801 913 801 913 801 912 801 911 801 903 808 893 801 892 801 891 801 859 801 858 801 857 801 855 802 843 807 816 802 814 802 813 802 812 802 811 802 802 808 773 808 766 802 765 801 765 801 764 801 763 801 762 801 760 802 748 809 689 809 676 803 670 801 670 801 669 801 668 801 667 801 665 803 658 809 604 809 593 803 588 802 588 802 587 802 586 802 585 802 582 804 574 809 533 809 525 804 518 801 518 801 517 801 494 804 471 809 460 809 455 805 451 801 450 801 449 801 448 801 398 805 398 826"/></Shape>
            <String CONTENT="I Quod ſerui etiam ipſi pars ſunt Eccleſiaſtici" HPOS="398.0" VPOS="801.0" WIDTH="564.0" HEIGHT="38.0" WC="0.9976554069113224"/>
          </TextLine>
          <TextLine ID="line_25" TAGREFS="LT8" BASELINE="384 859 961 857" HPOS="383.0" VPOS="833.0" WIDTH="578.0" HEIGHT="35.0">
            <Shape><Polygon POINTS="384 859 384 868 960 868 961 857 960 840 943 833 942 833 868 833 867 833 866 833 855 839 844 833 843 833 843 833 842 833 841 833 823 840 747 840 726 833 725 833 724 833 676 839 671 840 668 839 645 834 644 834 643 834 642 834 623 839 621 840 617 839 600 836 600 836 599 836 598 836 593 839 592 841 530 841 524 839 490 834 489 834 450 839 432 834 432 834 431 834 430 834 418 839 417 839 391 835 390 835 390 835 389 835 383 837 384 859"/></Shape>
            <String CONTENT="cœtus. Itaque minimè à paſtoris cura &amp; diſcipli¬" HPOS="383.0" VPOS="833.0" WIDTH="578.0" HEIGHT="35.0" WC="0.995480728149414"/>
          </TextLine>
          <TextLine ID="line_26" TAGREFS="LT8" BASELINE="382 891 962 889" HPOS="381.0" VPOS="865.0" WIDTH="581.0" HEIGHT="43.0">
            <Shape><Polygon POINTS="382 891 382 904 429 902 448 904 491 908 492 908 493 908 502 903 505 902 514 903 548 908 549 908 593 903 600 902 602 903 616 908 617 908 617 908 642 902 644 902 646 902 662 908 663 908 664 908 691 902 695 901 698 902 712 907 713 907 714 907 715 907 730 903 744 907 745 907 746 907 747 907 763 901 765 901 766 901 790 907 790 907 791 907 802 901 807 905 808 905 809 905 888 907 889 907 890 907 904 900 962 900 962 889 960 872 921 872 913 865 913 865 912 865 911 865 910 865 889 872 814 872 799 867 798 867 798 867 772 872 754 865 753 865 753 865 752 865 734 870 729 865 728 865 728 865 699 865 698 865 697 865 685 872 670 866 669 866 634 866 633 866 633 866 632 866 623 873 605 873 597 866 596 866 596 866 595 866 537 872 493 866 493 866 492 866 491 866 485 872 460 872 447 866 446 866 421 866 420 866 381 873 382 891"/></Shape>
            <String CONTENT="na ſemoti. Ergo his, vti &amp; alijs, ſua præcepta dan¬" HPOS="381.0" VPOS="865.0" WIDTH="581.0" HEIGHT="43.0" WC="0.9842805500124016"/>
          </TextLine>
          <TextLine ID="line_27" TAGREFS="LT8" BASELINE="383 923 962 921" HPOS="382.0" VPOS="900.0" WIDTH="580.0" HEIGHT="37.0">
            <Shape><Polygon POINTS="383 923 383 932 416 936 417 936 463 932 471 932 473 932 479 937 480 937 481 937 481 937 482 937 496 932 497 932 498 932 507 937 508 937 509 937 553 932 559 932 561 932 570 937 571 937 572 937 647 932 673 931 744 931 748 932 756 936 757 936 757 936 758 936 772 932 777 931 798 932 852 936 853 936 962 932 962 921 962 905 951 900 950 900 950 900 786 904 723 905 710 903 687 900 687 900 686 900 685 900 681 903 678 905 654 905 646 902 640 900 639 900 638 900 625 902 604 905 382 901 383 923"/></Shape>
            <String CONTENT="da erant, ne propter eos Dei nomen, quemad¬" HPOS="382.0" VPOS="900.0" WIDTH="580.0" HEIGHT="37.0" WC="0.9892472001009209"/>
          </TextLine>
          <TextLine ID="line_28" TAGREFS="LT8" BASELINE="383 955 961 955" HPOS="383.0" VPOS="931.0" WIDTH="578.0" HEIGHT="36.0">
            <Shape><Polygon POINTS="383 955 383 967 960 963 961 955 960 937 930 937 924 932 923 932 922 932 921 932 861 936 855 931 855 931 854 931 783 931 782 931 757 937 726 931 725 931 724 931 724 931 716 936 688 931 687 931 687 931 686 931 678 937 643 937 628 931 627 931 626 931 625 931 614 937 590 937 567 931 567 931 566 931 565 931 549 937 497 931 497 931 496 931 495 931 488 937 472 937 433 931 432 931 432 931 431 931 423 937 383 937 383 955"/></Shape>
            <String CONTENT="modum docet hoc loco Paulus, blaſphemetur." HPOS="383.0" VPOS="931.0" WIDTH="578.0" HEIGHT="36.0" WC="0.997558077176412"/>
          </TextLine>
          <TextLine ID="line_29" TAGREFS="LT8" BASELINE="386 989 962 987" HPOS="385.0" VPOS="962.0" WIDTH="577.0" HEIGHT="41.0">
            <Shape><Polygon POINTS="386 989 386 996 402 1002 403 1002 403 1003 441 1003 441 1002 442 1002 443 1002 443 1001 448 997 449 996 463 996 465 997 470 1002 471 1002 472 1002 473 1002 473 1002 485 997 487 996 527 996 529 997 534 1002 535 1002 536 1002 537 1002 570 998 582 996 599 998 625 1000 626 1000 673 998 716 996 719 999 722 1001 723 1001 724 1001 724 1002 749 1002 749 1001 750 1001 759 999 771 995 794 995 797 999 799 1001 800 1001 801 1001 802 1001 816 999 835 996 855 999 869 1001 870 1001 879 999 894 996 902 999 906 1001 907 1001 908 1001 909 1001 913 999 921 996 960 999 962 987 960 970 929 962 928 962 927 962 909 969 908 970 834 970 832 968 824 962 823 962 823 962 769 962 769 962 768 962 754 967 749 970 677 970 668 966 658 963 657 963 656 963 643 966 628 970 607 970 600 966 596 962 595 962 594 962 569 962 568 962 567 962 567 962 563 966 556 970 545 965 537 962 536 962 497 962 497 962 496 962 495 962 492 965 485 969 470 965 463 962 462 962 461 962 451 964 428 969 411 964 406 962 405 962 404 962 385 963 386 989"/></Shape>
            <String CONTENT="Quod verò nobis ex iure ciuili Romanorum" HPOS="385.0" VPOS="962.0" WIDTH="577.0" HEIGHT="41.0" WC="0.9888604108880206"/>
          </TextLine>
          <TextLine ID="line_30" TAGREFS="LT8" BASELINE="385 1020 963 1018" HPOS="384.0" VPOS="995.0" WIDTH="579.0" HEIGHT="39.0">
            <Shape><Polygon POINTS="385 1020 385 1030 669 1034 670 1034 704 1029 708 1029 712 1029 738 1033 739 1033 758 1029 761 1029 765 1029 798 1033 798 1033 962 1028 963 1018 962 999 950 995 950 995 949 995 948 995 932 999 930 999 929 999 897 995 897 995 896 995 876 999 870 995 869 995 868 995 818 995 817 995 816 995 815 995 810 999 728 999 674 995 673 995 672 995 671 995 663 1000 662 1000 559 995 559 995 558 995 557 995 551 1001 527 1001 519 995 518 995 518 995 493 995 493 995 492 995 491 995 482 1001 423 1001 405 995 404 995 403 995 403 995 384 1001 385 1020"/></Shape>
            <String CONTENT="obiicitur, in politicis quidem contractibus &amp; cõ¬" HPOS="384.0" VPOS="995.0" WIDTH="579.0" HEIGHT="39.0" WC="0.9907558250427246"/>
          </TextLine>
          <TextLine ID="line_31" TAGREFS="LT8" BASELINE="385 1053 963 1053" HPOS="385.0" VPOS="1028.0" WIDTH="578.0" HEIGHT="40.0">
            <Shape><Polygon POINTS="385 1053 385 1061 409 1065 410 1065 439 1061 449 1061 452 1061 459 1065 460 1065 460 1065 483 1062 493 1061 578 1061 583 1063 591 1067 592 1067 592 1068 692 1068 692 1067 710 1064 730 1061 746 1065 757 1067 757 1067 758 1067 759 1067 764 1065 772 1061 805 1061 839 1061 844 1065 846 1067 847 1067 847 1067 848 1067 860 1065 886 1062 962 1066 963 1053 962 1028 942 1033 917 1028 915 1028 914 1028 913 1028 913 1028 893 1032 873 1028 870 1028 869 1028 868 1028 868 1028 860 1034 806 1034 791 1028 788 1028 787 1028 786 1028 786 1028 783 1028 775 1033 766 1028 764 1028 763 1028 718 1028 717 1028 716 1028 716 1028 716 1028 714 1029 709 1034 615 1034 604 1030 597 1028 596 1028 596 1028 578 1030 553 1034 479 1034 473 1031 466 1028 465 1028 430 1028 429 1028 428 1028 427 1028 423 1031 420 1033 385 1032 385 1053"/></Shape>
            <String CONTENT="merciis exercendis verum eſſe &amp; locum habere" HPOS="385.0" VPOS="1028.0" WIDTH="578.0" HEIGHT="40.0" WC="0.997214370153167"/>
          </TextLine>
          <TextLine ID="line_32" TAGREFS="LT8" BASELINE="384 1085 961 1086" HPOS="384.0" VPOS="1060.0" WIDTH="577.0" HEIGHT="42.0">
            <Shape><Polygon POINTS="384 1085 384 1099 415 1094 473 1098 473 1098 544 1094 569 1099 576 1100 576 1101 637 1101 637 1100 637 1100 641 1099 651 1094 682 1098 693 1100 694 1100 703 1098 724 1095 733 1098 740 1101 740 1101 741 1101 742 1101 752 1098 762 1096 773 1098 781 1101 782 1101 783 1102 847 1102 847 1101 848 1101 854 1098 861 1095 873 1098 878 1099 879 1099 880 1099 885 1098 899 1095 926 1095 931 1098 934 1101 935 1101 936 1101 937 1101 960 1098 961 1086 958 1062 942 1066 923 1062 915 1061 866 1061 865 1061 854 1062 834 1066 790 1063 761 1061 760 1061 759 1061 758 1061 755 1063 749 1066 735 1063 726 1061 725 1061 724 1061 720 1063 711 1067 673 1067 564 1066 556 1064 534 1060 534 1060 533 1060 532 1060 527 1065 481 1065 475 1065 452 1060 451 1060 450 1060 449 1060 442 1065 440 1065 384 1065 384 1085"/></Shape>
            <String CONTENT="cõcedimus, ſeruos pro mortuis haberi, nullámq;" HPOS="384.0" VPOS="1060.0" WIDTH="577.0" HEIGHT="42.0" WC="0.9757782928645611"/>
          </TextLine>
          <TextLine ID="line_33" TAGREFS="LT8" BASELINE="383 1119 964 1117" HPOS="382.0" VPOS="1092.0" WIDTH="582.0" HEIGHT="41.0">
            <Shape><Polygon POINTS="383 1119 383 1131 468 1128 473 1131 474 1132 475 1132 476 1132 477 1133 576 1133 576 1132 577 1132 584 1130 592 1127 605 1130 617 1131 617 1132 660 1132 660 1131 661 1131 662 1131 665 1129 667 1127 673 1129 681 1131 682 1131 683 1131 697 1129 705 1127 750 1128 854 1131 855 1131 855 1131 864 1127 867 1127 877 1127 934 1131 934 1131 963 1126 964 1117 962 1098 882 1098 875 1092 874 1092 873 1092 852 1092 851 1092 851 1092 850 1092 844 1096 793 1094 792 1094 770 1098 769 1098 767 1098 734 1093 733 1093 683 1097 674 1093 674 1093 673 1093 672 1093 671 1093 663 1098 652 1094 651 1094 650 1094 584 1098 543 1094 542 1094 541 1094 532 1098 483 1099 437 1099 436 1099 424 1094 423 1094 398 1094 397 1094 396 1094 382 1098 383 1119"/></Shape>
            <String CONTENT="eſſe corum voluntatem. Sed in ijs, quæ ad anima¬" HPOS="382.0" VPOS="1092.0" WIDTH="582.0" HEIGHT="41.0" WC="0.9899554662406445"/>
          </TextLine>
          <TextLine ID="line_34" TAGREFS="LT8" BASELINE="383 1151 963 1149" HPOS="382.0" VPOS="1123.0" WIDTH="581.0" HEIGHT="42.0">
            <Shape><Polygon POINTS="383 1151 384 1165 396 1160 403 1164 404 1164 405 1164 406 1164 429 1160 450 1164 451 1164 452 1164 452 1164 469 1160 498 1164 499 1164 595 1160 616 1164 617 1164 617 1164 618 1164 619 1164 625 1160 695 1164 696 1164 724 1159 743 1164 744 1164 744 1164 809 1159 962 1164 963 1149 962 1129 899 1129 898 1128 891 1123 890 1123 889 1123 888 1123 852 1128 849 1129 789 1129 786 1128 772 1123 771 1123 770 1123 728 1127 719 1128 716 1127 702 1123 701 1123 700 1123 699 1123 686 1127 683 1128 682 1127 674 1123 673 1123 672 1123 671 1123 664 1127 661 1129 657 1127 650 1124 649 1124 609 1124 608 1124 607 1124 606 1124 603 1127 600 1130 574 1130 570 1127 567 1124 566 1124 565 1124 564 1124 563 1124 557 1127 551 1129 537 1127 523 1125 522 1125 522 1125 518 1127 513 1129 493 1127 473 1124 472 1124 382 1126 383 1151"/></Shape>
            <String CONTENT="rum ſalutem &amp; ad Eccleſiæ atque conſcientiæ" HPOS="382.0" VPOS="1123.0" WIDTH="581.0" HEIGHT="42.0" WC="0.9990714705267618"/>
          </TextLine>
          <TextLine ID="line_35" TAGREFS="LT8" BASELINE="384 1183 963 1181" HPOS="383.0" VPOS="1160.0" WIDTH="580.0" HEIGHT="47.0">
            <Shape><Polygon POINTS="384 1183 384 1197 427 1207 427 1207 428 1207 456 1197 498 1207 499 1207 534 1199 555 1207 556 1207 557 1207 582 1206 583 1206 597 1200 627 1204 628 1204 629 1204 641 1197 643 1197 674 1197 721 1197 723 1198 735 1206 736 1206 736 1206 737 1207 845 1207 845 1206 846 1206 847 1206 857 1199 878 1201 879 1201 880 1201 880 1201 884 1198 887 1197 962 1198 963 1181 962 1161 383 1160 384 1183"/></Shape>
            <String CONTENT="ſtatum pertinent, omnino ſecus eſt. Sunt enim" HPOS="383.0" VPOS="1160.0" WIDTH="580.0" HEIGHT="47.0" WC="0.9939259780777825"/>
          </TextLine>
        </TextBlock>
        <TextBlock HPOS="891.11181640625" VPOS="1196.28125" WIDTH="73.348388671875" HEIGHT="29.900390625" ID="block_5" TAGREFS="BT17">
          <Shape><Polygon POINTS="891.112 1196.28 964.46 1196.28 964.46 1226.18 891.112 1226.18 891.112 1196.28"/></Shape>
          <TextLine ID="line_36" TAGREFS="LT8" BASELINE="889 1216 966 1216" HPOS="889.0" VPOS="1188.0" WIDTH="77.0" HEIGHT="46.0">
            <Shape><Polygon POINTS="889 1216 889 1227 920 1234 921 1234 966 1229 966 1216 966 1194 920 1188 919 1188 889 1194 889 1216"/></Shape>
            <String CONTENT="etiam" HPOS="889.0" VPOS="1188.0" WIDTH="77.0" HEIGHT="46.0" WC="0.9970243453979493"/>
          </TextLine>
        </TextBlock>
      </PrintSpace>
    </Page>
  </Layout>
</alto>
