1000 1448
379.0 105.0 68.0 26.0 186

482.0 89.0 388.0 38.0 AD f. PAVL. AD TIM.

378.0 123.0 581.0 45.0 pars cultus Dei cenſeatur poſita: nec quod addit

378.0 160.0 581.0 43.0 Paulus, eos nobis à Deo conceſſos eſſe, aliter in¬

376.0 193.0 585.0 41.0 telligendum eſt, quàm vt ijs, conſeruata mode¬

374.0 226.0 584.0 41.0 ratione & temperantia Euangelica & Chriſtiana,

378.0 259.0 580.0 40.0 vtamur. Cauendum enim eſt, ne crapula & cibis

377.0 290.0 579.0 43.0 grauentur corda noſtra, vt docet Chriſtus ipſe

376.0 324.0 582.0 42.0 Luc.21.verſ.34. Sic hune locum explicat quoque

376.0 358.0 583.0 40.0 Auguſt. lib. contra Adimantum Manich. cap. 14.

374.0 390.0 584.0 40.0 Et aliud eſt prohibere cibos, aliud autem intem¬

376.0 422.0 584.0 41.0 perantiorem eorum vſum damnare, quod etiam

374.0 452.0 339.0 41.0 nos facimus ex Dei verbo.

408.0 484.0 550.0 40.0 Sed neque ieiunia quoque tolluntur & abro¬

374.0 518.0 584.0 40.0 gantur, quorum vſus frequens fuit in Eccleſia

374.0 551.0 584.0 39.0 Dei, atque vtinam inter nos eſſet frequentior &

370.0 582.0 587.0 41.0 religioſior eorum obſeruatio, cùm ab Eccleſia

370.0 613.0 586.0 38.0 ex iuſtis cauſis publicè indicuntur. Aliud enim

370.0 646.0 586.0 40.0 eſt cibos ex ſuperſtitioſa opinione damnare, & in

370.0 679.0 586.0 41.0 eorum delectu & vſu regnũ Dei collocare, quod

370.0 711.0 584.0 41.0 facere vetat Paulus & hîc & Rom. 14. verſ.17. a¬

370.0 744.0 588.0 36.0 liud autem ijs ad tempus abſtinere tantùm ad cõ¬

370.0 775.0 590.0 44.0 puibendam carnis laſciuiam, quæ nimio paſtu,

370.0 810.0 583.0 39.0 tanquam ferox equus, ſuperbit, & furit. Itaque ie¬

370.0 843.0 584.0 39.0 iunia non damnantur hoc loco à Paulo. Sic Au¬

370.0 873.0 582.0 44.0 guſt aduerſus Manichæos lib.6. contra Fauſtum

369.0 909.0 581.0 39.0 cap.8, & 3o, cap.5. Sic Bernar. ſermo. 66. in Cant.

370.0 940.0 583.0 41.0 qui planè cum hoc loco conuenit, & huius loci

372.0 973.0 331.0 40.0 Pauli interpres eſt optimus.

401.0 1001.0 553.0 43.0 Hanc autem eſſe hæreſin, & diabolicã doctri¬

366.0 1035.0 583.0 42.0 nam varijs argumentis & rationibus probat Pau¬

367.0 1068.0 585.0 42.0 lus: ſed imprimis à fine, propter quem cibi à Deo

366.0 1101.0 585.0 42.0 creati ſunt. Duplex quidem erroris genus hîc à

367.0 1135.0 583.0 37.0 Paulo propoſitum eſt, vnum de cibis: alterum de

366.0 1167.0 583.0 51.0 coniugio:tamen hoc primum ſolum perſequitur,

824.0 1199.0 126.0 45.0 & refutat
