1000 1448
585.0 87.0 41.0 46.0 363

245.0 98.0 174.0 24.0 CAPVT V.

55.0 117.0 574.0 50.0 ratio, Item oleum chirothecæ & ſimiles quædã

54.0 155.0 573.0 45.0 nugæ planè ſuperſtitioſæ & pueriles. Quæ ſunt

54.0 187.0 575.0 44.0 omnia reiicienda. Nam dum formoſam eccleſiã

52.0 218.0 573.0 46.0 illiúſque dignitates ſpecioſas repręſentare nobis

53.0 251.0 572.0 41.0 conãtur, meretricios illã cultus inducũt: & ex ca¬

49.0 281.0 575.0 48.0 ſta & Chriſti ſponſa verum ſcortum & fœtidum

49.0 315.0 575.0 47.0 effecerunt. Poſtremo circa annum 7ooà Chriſto

49.0 348.0 576.0 44.0 paſſo in Italicis & occidentalibus eccleſiis reli¬

49.0 382.0 576.0 43.0 qui epiſcopi ceperunt confirmationem ſuæ digni

47.0 412.0 577.0 48.0 tatis petere à Roma. epiſcopo. Vide quæ Iſych.

44.0 445.0 579.0 44.0 ſcribit. lib.6.in cap.21. & 22.Leuitic. Ex his autem

45.0 479.0 578.0 47.0 omnibus apparet quàm nulla ſit, vel non legiti¬

42.0 512.0 578.0 40.0 ma eorum verbi Dei Miniſtrorum, vel eccleſiæ

41.0 542.0 579.0 46.0 paſtorum Vocatio, qui ſolius regis, vel reginæ:

41.0 574.0 577.0 46.0 vel patroni, vel epiſcopi, vel Archiepiſcopi auto¬

40.0 608.0 578.0 42.0 ritate, diplomate bullis, iuſſu, & iudicio fit vel e¬

37.0 638.0 578.0 48.0 ligitur. Id quod dolendum eſt adhuc fieri in iis

37.0 671.0 578.0 47.0 eccleſiis, quæ tamen purum Dei verbum habent

37.0 704.0 578.0 47.0 & lequuntur, veluti in media Anglia. Nam An¬

37.0 739.0 576.0 42.0 glos homines alioqui ſapiẽtiſsimos, acutiſsimos,

34.0 769.0 579.0 42.0 & pientiſsimos in iſtis tamen Papiſticæ idolola¬

33.0 802.0 578.0 45.0 triæ & tyrannidis reliquiis agnoſcendis & tollen

33.0 835.0 580.0 43.0 dis, ſcientes. prudentéſque cæcutire, mirũ eſt. Ita¬

35.0 867.0 576.0 47.0 que præclarè ſentiunt, qui omnem illam chartula

33.0 901.0 576.0 45.0 riam & epiſcopaticam curionum, & paſtorum ec

30.0 930.0 579.0 48.0 cleſiæ creãdorũ rationem itẽ ex ſolo epiſcopi cõ

28.0 962.0 581.0 48.0 ſenſu & diplomate miniſtrorum verbi cęleſtis vo

28.0 997.0 581.0 45.0 çationem, approbationem, & inaugurationem

25.0 1028.0 588.0 45.0 damnãt, tollendámq; ex reformata ad Dei verbũ

25.0 1061.0 583.0 45.0 eccleſia cenſent: quòd ordo Dei verbo præſcri¬

24.0 1093.0 581.0 46.0 ptus in ordinatione huiuſmodi perſonarum ſit

24.0 1126.0 578.0 47.0 prætermiſſus, ac violatus ſicut i perſpicuè appa¬

21.0 1158.0 583.0 58.0 reat. Denique & Senatui eccleſiaſtico & Populo
