1000 1448
242.0 106.0 198.0 26.0 CARVT III.

593.0 96.0 44.0 43.0 17

53.0 121.0 583.0 54.0 non niſi à loquente & vocali paſtore fieri poteſt.

55.0 162.0 579.0 43.0 Clamoſos tamen concionatores, & Stentoreos,

55.0 192.0 581.0 48.0 quoſdam indoctos homines & incondîtos, qui

51.0 226.0 582.0 45.0 nihil niſi boant in templis & vaſtè vocifetantur,

53.0 264.0 580.0 40.0 non probamus. Obtundunt enim tantùm audito¬

51.0 292.0 482.0 42.0 rum aures, non ædificant neque docent.

83.0 324.0 550.0 43.0 Iam verò ex hoc loco, & verè & appoſitè col¬

48.0 354.0 585.0 46.0 ligit in epiſt ad Titum Hieronym. Inertiam, deſi¬

49.0 389.0 584.0 42.0 diam, ſomnum & otium excuti Miniſtris verbi

49.0 419.0 583.0 48.0 Dei & paſtoribus Eccleſiæ hac voce. Qui enim ſe

48.0 452.0 583.0 46.0 his vitiis dedunt & ſegnitiei præſertim, non poſ¬

46.0 486.0 586.0 44.0 ſunt ipſi eſſe διδακτποί. Oportet igitur ſedulò &

46.0 518.0 583.0 45.0 diligenter Epiſcopum & paſtorẽ Eccleſiæ euol¬

45.0 553.0 585.0 41.0 uere ſcripturas, & earum lectioni intẽdere, quod

46.0 584.0 583.0 43.0 etiam ipſi Timotheo, licet tanto viro, præſcripſit

45.0 617.0 584.0 43.0 Paulus inf. cap.4. verſ.13. Ergo & ſacrarum ſcri¬

45.0 655.0 583.0 38.0 pturarum libros verſare, & legere eos oportet aſ¬

45.0 682.0 582.0 42.0 ſiduè, vt diſcant: atque etiam hæreticorum ſcri¬

44.0 715.0 580.0 43.0 pta noſſe, vt eos refotent, quemadmodum etiam

42.0 750.0 579.0 40.0 diſertè concil. Chartag. 4. cap.16. præceptum eſt,

42.0 777.0 430.0 45.0 & eſt in cano. Epiſcopus diſtinct. 37.

76.0 811.0 546.0 42.0 Quæſitum eſt autem vtrum in artium, quas ſe¬

41.0 844.0 580.0 44.0 culares vocant (qualis Poëtica, Hiſtoria, Diale¬

40.0 876.0 580.0 48.0 ctica, Phyſica, linguarum variarum cognitio &

39.0 910.0 582.0 45.0 interpretatio) cognitione verſatum & peritum

40.0 942.0 579.0 45.0 eſſe Epiſcopum, aut paſtorem Eccleſiæ oporteat.

39.0 973.0 580.0 47.0 Reſpondeo, Quidam ne has quidem Epiſcopis,

39.0 1010.0 580.0 42.0 aut eorum filiis (excepta & linguarum trium nẽ¬

38.0 1040.0 579.0 45.0 pe Hebraicæ, Græcæ Latinæ cognitione) at¬

37.0 1079.0 580.0 38.0 tingendas putant, quia corrumpunt bonos mores

35.0 1105.0 582.0 44.0 colloquia praua, & per Philoſophiam nos à veri¬

35.0 1136.0 582.0 46.0 tate abduci & ſæpe decipi docet Paulus Coloſſ¬

34.0 1168.0 577.0 62.0 2.verſ. 8.Quæ ſententia in artes quidem ipſas, que
