1000 1448
239.0 101.0 209.0 24.0 C APVT III.

593.0 76.0 39.0 50.0 153

54.0 115.0 582.0 46.0 das eſſe & faceſſere oportere, tanquã certiſsima

53.0 153.0 584.0 42.0 & præſentiſsima Eccleſiæ venena, vt docet Chri¬

53.0 187.0 583.0 39.0 ſtus ipſe Luc.22 verſ. 25. tamen ſi quid de ea re

53.0 218.0 581.0 39.0 dicendum eſt, tum ex veteri diſciplina Eccleſiæ:

53.0 253.0 581.0 39.0 tum ratione muneris vtrorumque, certè Preſby¬

53.0 283.0 581.0 41.0 teri ſunt Diaconis priores. Itaque in veteribus

53.0 316.0 580.0 41.0 Synodis veluti Nicęna prima cap. 14. Laodicęna

50.0 349.0 583.0 41.0 cap 2o. Chartag. 4. cap.37.eſt ſtatutum, vt ne Dia¬

51.0 381.0 583.0 39.0 coni quidem inter Presbyteros ſedeant, nimirã

51.0 411.0 582.0 42.0 ne ijs, æquales eſſe videantur. Id quod etiam iu

51.0 444.0 582.0 42.0 tota diſtinct. 93. fuit poſitũ & narratum. Ita nimi¬

49.0 477.0 584.0 42.0 rum ius iſtud canonicum perturbatum eſt, & ſibi

50.0 514.0 583.0 40.0 non conſtat. Nam quod ad prædicationem verbi

50.0 543.0 583.0 42.0 Dei, quæ illis aliquando conceſſa eſt, de eo quàm

48.0 575.0 582.0 43.0 recte factum ſit, aut potius ineptè, poſtea dicetur,

48.0 608.0 523.0 42.0 ſed primùm de perſonis ipſis agendum eſt.

82.0 641.0 547.0 38.0 Eadem autẽ requirit Paulus in Diaconis, quæ

48.0 671.0 580.0 44.0 in Epiſcopis ſuprà, ſiue ipſorũ perſonæ ſpecten¬

47.0 714.0 582.0 31.0 cur.iide raiiia. nue luuie ia ce teitimonia aliorũ

48.0 737.0 579.0 44.0 & infidelium. Addidit autem, ne ſint Bilingues.

47.0 773.0 580.0 40.0 Hæc autem vox non tantùm impudentem men¬

48.0 802.0 577.0 50.0 dacem, & impoſtorẽ ſignificat, quo ſenſu Virgil.

47.0 837.0 83.0 42.0 dixit.

156.0 866.0 302.0 45.0 –Tyrióſque Bilingues.

45.0 894.0 580.0 50.0 ſed etiam diſsimulatorem ſimulatorémque. Dé¬

45.0 934.0 580.0 43.0 nique qui id quod ſe præſtare non poſſe intelli¬

46.0 966.0 580.0 43.0 git, pollicetur: & qui cùm de promiſſo interpel¬

45.0 1002.0 579.0 38.0 latur, ita variat, mutat, & excuſãt promiſsionem

45.0 1032.0 581.0 42.0 à ſe factam, vt iam aliud videarur dicere, quàm

45.0 1065.0 580.0 39.0 prius. Huic vitio ſimile eſt διδυχιας vitiũ, quod

45.0 1098.0 587.0 41.0 damnat. Iac. 4. verſ. 8. cùm cor duplex gerimus.

42.0 1130.0 582.0 43.0 Hoc autem vitium inter reliqua maximè Diaco¬

42.0 1163.0 580.0 54.0 nis fugiendum eſt, qui cùm ſæpe magna pauperũ
