1000 1448
378.0 107.0 71.0 29.0 326

469.0 93.0 386.0 38.0 AD I. PAVL. AD TIM.

367.0 124.0 583.0 48.0 care, confunderis. Huiuſmodi proculdubio pu¬

367.0 162.0 583.0 45.0 dor fugat opprobrium, parat gloriam, dum aut

366.0 194.0 584.0 43.0 peccatum omnino non admittit: aut certè admiſſum

369.0 226.0 580.0 45.0 & pœnitendo punit, & confitendo expellit: ſi tamen

368.0 259.0 581.0 44.0 gloria etiam nostra hæc est, testimonium bonæ con¬

366.0 290.0 582.0 45.0 ſcientiæ. Hic igitur pudor eſt ſecundum Deum,

368.0 325.0 579.0 43.0 qui nos ad eum reuocat, facítque vt peccati nos

368.0 355.0 580.0 46.0 pudeat: non autem reſipiſcentię, & melioris fru¬

369.0 388.0 579.0 44.0 gis. Præclarè enim Auguſtinusin Ioan. tract. 12.

372.0 420.0 576.0 46.0 Qui confitetur & accuſat peccata ſua, iam cum Deo

367.0 452.0 580.0 46.0 facit. Cum autem cœperit tibi diſplicere quod fecisti,

366.0 485.0 582.0 41.0 inde incipiunt bona opera tua, quia accuſas mala o¬

366.0 518.0 582.0 44.0 pera tua. Denique hæc cenſura eſt pars poteſtatis

366.0 550.0 581.0 45.0 clauium, quę à Domino Deo data eſt Eccleſiæ.

368.0 583.0 581.0 44.0 Quam qui impugnat, optimum Eccleſiæ doctri¬

365.0 621.0 581.0 37.0 næque Chriſtianæ retinendæ neruum & vincu¬

367.0 645.0 581.0 44.0 lum tollit, nimirum authoritatem illi à Deo i¬

368.0 682.0 581.0 42.0 pſo conceſſam, & ius tuendæ conſeruandæque

368.0 719.0 580.0 39.0 Deigiorlæ at retorſanidæ nomhum vitæ in me¬

368.0 749.0 62.0 37.0 lius.

399.0 773.0 549.0 49.0 Obiiciunt tamen quidam atque afferunt ali¬

368.0 809.0 580.0 44.0 quot rationes, per quas iſtam diſciplinæ Eccleſia¬

366.0 843.0 584.0 45.0 ſticę partem abrogent, vel ſaltem in odium addu¬

367.0 880.0 184.0 38.0 cant ſi poſſunt.

397.0 905.0 551.0 48.0 Primum autem eorum argumentum eſt. Quid

367.0 941.0 582.0 43.0 prodeſt hæc confeſsio, ſi iam peccator voce do¬

367.0 972.0 581.0 40.0 minica & interna Spiritus ſancti vi reſipuit & re¬

372.0 1006.0 578.0 37.0 ſuſcitatus eſt. Cui argumẽto reſpondet Auguſt.

370.0 1036.0 576.0 40.0 in ſermone 8.de Verb. Domini ſecundùm Mat¬

367.0 1071.0 581.0 43.0 thæ. Quid prodeſt Eccleſia & authoritas ipſius

366.0 1102.0 581.0 45.0 confitenti, cui Dominus dixit, Quæ ſoluetis in

365.0 1134.0 579.0 42.0 terra, &c. Ipſum Lazarum attende, cum vinculis

366.0 1166.0 579.0 54.0 prodit, iam viuebat: ſed nondũ liber ambulabat

841.0 1198.0 102.0 47.0 vinculis
