1000 1448
382.0 82.0 66.0 12.0 P

473.0 56.0 377.0 42.0 AD I. PAVL. AD TIM

376.0 106.0 403.0 33.0 giſſimè aberrmus, & diuertamus.

407.0 128.0 542.0 41.0 Ergo non taxat Paulus hoc loco apertas &

374.0 162.0 572.0 41.0 manifeſtas hæreſes: ſed quid minus, nimirum,

374.0 195.0 571.0 42.0 quæſtiones tantũ ipſas & diſputationes, ex quib¬

374.0 226.0 574.0 44.0 nulla ædificatio, nulláque pietatis acceſſio nobis

373.0 260.0 574.0 41.0 fit: ſed quæ totæ in curioſa & inani rerum cogni¬

374.0 292.0 573.0 41.0 tione & inueſtigatione verſantur. Quales ſunt

372.0 322.0 576.0 45.0 Scholaſticorum hodie omnes ſcholæ, & qualis

372.0 356.0 574.0 43.0 omnis Theologia, quæ ab illis appellatur. Pingit

372.0 390.0 573.0 43.0 igitur graphicè Paulus illud malum, quod iam

371.0 422.0 573.0 39.0 regnat latiſſimè in Papatu, vtinam etiam in nul¬

372.0 452.0 573.0 45.0 lis Euangelicis Eccleſijs. Iſtorum methodum

372.0 485.0 570.0 45.0 docet verſari primùm in oppoſitionibus. Certè

371.0 518.0 572.0 43.0 de quolibet fidei articulo in vtranque partem

370.0 548.0 574.0 47.0 diſputandum eſt in eorum ſcholis. Neque poteſt

370.0 582.0 571.0 43.0 optimus & egregius doctor inter eos cenſeri,

369.0 617.0 573.0 42.0 qui non ſit Quod libetarius, & in vtranque par¬

368.0 653.0 575.0 37.0 tem, Academicorum more, de quolibet apice

372.0 678.0 569.0 46.0 Theologico diſputare paratus pro & contrà, vt i¬

367.0 714.0 573.0 42.0 pſi loquuntur, vt nihil ſit apud eos tam certum,

366.0 752.0 576.0 37.0 & deimirum, quod non in dubium reuocari poſſit

367.0 777.0 371.0 42.0 contrariàſque rationes habeat.

401.0 807.0 541.0 48.0 Finem autem harum quæſtionum & oppoſi¬

365.0 841.0 574.0 46.0 tionum docet eſſe vanam cognitionem & pror¬

363.0 872.0 576.0 44.0 fus inutilem, imò verò etiam profanam, & in

364.0 905.0 419.0 45.0 Deum ipſum tandem blaſphemam.

412.0 938.0 527.0 45.0 Denique modum & rationem earundem

365.0 970.0 574.0 44.0 quæſtionum habendarum & tractandarum ex¬

365.0 1002.0 576.0 47.0 plicat quam docet eſſe clamorem. Id quod ipſa

363.0 1038.0 576.0 39.0 experientia docet. Inde fit vt eorum alij ſint Rea¬

362.0 1065.0 576.0 47.0 les, alij Nominales, alij Scholaſtici Thomiſtæ,

361.0 1101.0 578.0 42.0 & ita ſe in varias ſectas & hæreſes quæ nunquam

361.0 1135.0 579.0 47.0 tamen inter ſe placari poterunt, diſſecent, atque

756.0 1169.0 182.0 47.0 ambitioſiſſimè
