<?xml version='1.0' encoding='UTF-8'?>
<alto xmlns:xsi="http://www.w3.org/2001/XMLSchema-instance" xmlns="http://www.loc.gov/standards/alto/ns-v4#" xsi:schemaLocation="http://www.loc.gov/standards/alto/ns-v4# http://www.loc.gov/standards/alto/v4/alto-4-2.xsd">
  <Description>
    <MeasurementUnit>pixel</MeasurementUnit>
    <sourceImageInformation>
      <fileName>2013083.jpeg</fileName>
    </sourceImageInformation>
  </Description>
  <Tags>
    <OtherTag ID="BT7" LABEL="CustomZone" DESCRIPTION="block type CustomZone"/><OtherTag ID="BT8" LABEL="DamageZone" DESCRIPTION="block type DamageZone"/><OtherTag ID="BT9" LABEL="DigitizationArtefactZone" DESCRIPTION="block type DigitizationArtefactZone"/><OtherTag ID="BT10" LABEL="DropCapitalZone" DESCRIPTION="block type DropCapitalZone"/><OtherTag ID="BT11" LABEL="GraphicZone" DESCRIPTION="block type GraphicZone"/><OtherTag ID="BT12" LABEL="MainZone" DESCRIPTION="block type MainZone"/><OtherTag ID="BT13" LABEL="MarginTextZone" DESCRIPTION="block type MarginTextZone"/><OtherTag ID="BT14" LABEL="MusicZone" DESCRIPTION="block type MusicZone"/><OtherTag ID="BT15" LABEL="NumberingZone" DESCRIPTION="block type NumberingZone"/><OtherTag ID="BT17" LABEL="QuireMarksZone" DESCRIPTION="block type QuireMarksZone"/><OtherTag ID="BT18" LABEL="RunningTitleZone" DESCRIPTION="block type RunningTitleZone"/><OtherTag ID="BT19" LABEL="SealZone" DESCRIPTION="block type SealZone"/><OtherTag ID="BT20" LABEL="StampZone" DESCRIPTION="block type StampZone"/><OtherTag ID="BT21" LABEL="TableZone" DESCRIPTION="block type TableZone"/><OtherTag ID="BT22" LABEL="TitlePageZone" DESCRIPTION="block type TitlePageZone"/><OtherTag ID="BT3407" LABEL="MainZone-Continued" DESCRIPTION="block type MainZone-Continued"/><OtherTag ID="BT3408" LABEL="MainZone-P" DESCRIPTION="block type MainZone-P"/><OtherTag ID="BT3409" LABEL="MainZone-Head" DESCRIPTION="block type MainZone-Head"/><OtherTag ID="BT3410" LABEL="MainZone-Other" DESCRIPTION="block type MainZone-Other"/><OtherTag ID="BT3411" LABEL="MainZone-Sp" DESCRIPTION="block type MainZone-Sp"/><OtherTag ID="BT3417" LABEL="MainZone-Sp-Continued" DESCRIPTION="block type MainZone-Sp-Continued"/><OtherTag ID="BT3418" LABEL="GraphicZone-Decoration" DESCRIPTION="block type GraphicZone-Decoration"/><OtherTag ID="BT3419" LABEL="MainZone-Entry" DESCRIPTION="block type MainZone-Entry"/><OtherTag ID="BT3420" LABEL="MainZone-Lg" DESCRIPTION="block type MainZone-Lg"/><OtherTag ID="BT3421" LABEL="MainZone-Entry-Continued" DESCRIPTION="block type MainZone-Entry-Continued"/><OtherTag ID="BT3422" LABEL="MarginTextZone-ManuscriptAddendum" DESCRIPTION="block type MarginTextZone-ManuscriptAddendum"/><OtherTag ID="BT3423" LABEL="MainZone-List" DESCRIPTION="block type MainZone-List"/>
    <OtherTag ID="LT7" LABEL="CustomLine" DESCRIPTION="line type CustomLine"/><OtherTag ID="LT8" LABEL="DefaultLine" DESCRIPTION="line type DefaultLine"/><OtherTag ID="LT9" LABEL="DropCapitalLine" DESCRIPTION="line type DropCapitalLine"/><OtherTag ID="LT10" LABEL="HeadingLine" DESCRIPTION="line type HeadingLine"/><OtherTag ID="LT11" LABEL="InterlinearLine" DESCRIPTION="line type InterlinearLine"/><OtherTag ID="LT12" LABEL="MusicLine" DESCRIPTION="line type MusicLine"/>
  </Tags>
  <Layout>
    <Page WIDTH="1000" HEIGHT="1448" PHYSICAL_IMG_NR="79" ID="eSc_dummypage_">
      <PrintSpace HPOS="0" VPOS="0" WIDTH="1000" HEIGHT="1448">
        <TextBlock HPOS="232.02284240722656" VPOS="92.42398071289062" WIDTH="193.6890106201172" HEIGHT="36.57124328613281" ID="block_1" TAGREFS="BT18">
          <Shape><Polygon POINTS="232.023 92.424 425.712 92.424 425.712 128.995 232.023 128.995 232.023 92.424"/></Shape>
          <TextLine ID="line_1" TAGREFS="LT8" BASELINE="232 119 426 117" HPOS="231.0" VPOS="107.0" WIDTH="195.0" HEIGHT="26.0">
            <Shape><Polygon POINTS="416 107 408 107 400 107 392 107 384 107 376 107 368 107 360 107 352 107 344 107 336 107 328 107 320 107 312 107 304 107 296 107 288 107 279 107 271 107 263 107 255 107 247 107 239 107 231 107 232 119 232 125 265 131 266 131 267 131 267 131 271 128 277 133 278 133 279 133 279 133 313 128 341 124 359 124 371 130 376 132 377 132 378 132 425 131 426 117 424 107 416 107"/></Shape>
            <String CONTENT="CABVT III" HPOS="231.0" VPOS="107.0" WIDTH="195.0" HEIGHT="26.0" WC="0.9997121956613328"/>
          </TextLine>
        </TextBlock>
        <TextBlock HPOS="581.8645629882812" VPOS="96.4779052734375" WIDTH="42.94036865234375" HEIGHT="30.8455810546875" ID="block_2" TAGREFS="BT15">
          <Shape><Polygon POINTS="581.865 96.4779 624.805 96.4779 624.805 127.323 581.865 127.323 581.865 96.4779"/></Shape>
          <TextLine ID="line_2" TAGREFS="LT8" BASELINE="583 116 625 115" HPOS="581.0" VPOS="87.0" WIDTH="44.0" HEIGHT="49.0">
            <Shape><Polygon POINTS="583 116 584 136 625 131 625 115 623 88 581 87 583 116"/></Shape>
            <String CONTENT="171" HPOS="581.0" VPOS="87.0" WIDTH="44.0" HEIGHT="49.0" WC="0.9999697208404541"/>
          </TextLine>
        </TextBlock>
        <TextBlock HPOS="48.27532196044922" VPOS="133.41665649414062" WIDTH="580.2553176879883" HEIGHT="129.91464233398438" ID="block_3" TAGREFS="BT3407">
          <Shape><Polygon POINTS="48.2753 133.417 628.531 133.417 628.531 263.331 48.2753 263.331 48.2753 133.417"/></Shape>
          <TextLine ID="line_3" TAGREFS="LT8" BASELINE="49 157 627 153" HPOS="49.0" VPOS="122.0" WIDTH="578.0" HEIGHT="49.0">
            <Shape><Polygon POINTS="49 157 49 167 91 171 92 171 93 171 106 167 115 165 127 167 148 171 149 171 150 171 159 167 165 164 174 167 184 170 185 170 185 170 186 170 192 167 198 164 257 167 271 168 272 168 273 168 275 167 283 164 305 167 319 169 320 169 320 169 326 167 336 164 345 167 349 169 350 169 351 169 368 167 395 164 412 167 419 168 420 168 421 168 426 167 441 163 626 167 627 153 625 129 584 131 581 129 572 122 572 122 571 122 511 122 510 122 510 122 485 130 475 123 474 123 473 123 433 123 432 123 432 123 400 131 394 134 364 134 362 132 351 127 350 127 349 127 349 127 348 127 348 128 343 132 341 134 311 134 309 132 300 128 300 128 299 128 298 128 283 133 279 134 275 133 259 129 258 129 257 129 256 129 243 134 242 135 195 135 194 134 179 124 178 124 177 124 164 124 164 124 163 124 153 130 145 125 144 125 144 125 143 125 142 125 130 129 119 126 119 126 118 126 117 126 101 135 82 127 82 127 81 127 80 127 49 135 49 157"/></Shape>
            <String CONTENT="autem ipſam veritatem &amp; corpus in Chriſto, vt" HPOS="49.0" VPOS="122.0" WIDTH="578.0" HEIGHT="49.0" WC="0.9911342249976264"/>
          </TextLine>
          <TextLine ID="line_4" TAGREFS="LT8" BASELINE="50 189 625 185" HPOS="49.0" VPOS="160.0" WIDTH="576.0" HEIGHT="43.0">
            <Shape><Polygon POINTS="50 189 50 198 102 203 103 203 104 203 124 198 125 198 144 203 144 203 145 203 146 203 160 197 162 197 246 197 247 197 252 201 253 201 254 201 255 202 285 202 285 201 286 201 287 201 293 197 294 197 318 197 336 201 337 201 337 201 368 196 370 196 374 196 432 201 433 201 434 201 452 196 524 200 525 200 526 200 539 194 540 194 547 194 602 198 603 198 625 193 625 185 624 167 598 161 597 161 565 166 549 160 548 160 547 160 547 160 526 167 523 167 520 167 487 161 486 161 439 167 427 168 421 167 405 162 404 162 403 162 358 167 336 169 306 169 303 167 298 163 297 163 296 163 248 163 247 163 246 163 246 163 246 164 242 167 239 168 228 167 211 164 210 164 209 164 209 164 205 167 202 169 193 167 182 164 181 164 181 164 180 164 172 167 165 169 148 167 135 164 135 164 134 164 127 167 117 170 49 167 50 189"/></Shape>
            <String CONTENT="docet Paulus Coloſſ.2.V.17. Ex quo fit, vt Ioann." HPOS="49.0" VPOS="160.0" WIDTH="576.0" HEIGHT="43.0" WC="0.9901007973417943"/>
          </TextLine>
          <TextLine ID="line_5" TAGREFS="LT8" BASELINE="50 222 626 216" HPOS="49.0" VPOS="198.0" WIDTH="577.0" HEIGHT="40.0">
            <Shape><Polygon POINTS="508 212 500 212 492 212 484 212 476 212 468 212 460 212 452 212 444 212 436 212 427 212 419 212 411 212 403 212 395 212 387 212 379 212 371 212 363 212 355 212 347 212 339 212 331 212 323 212 315 212 307 212 299 212 291 212 283 212 275 212 267 212 259 212 251 212 242 212 234 212 226 212 218 212 210 212 202 212 194 212 186 212 178 212 170 212 162 212 154 212 146 212 138 212 130 212 122 212 114 212 106 212 98 212 90 212 82 212 74 212 65 212 57 212 49 212 50 222 50 231 104 236 105 236 106 236 106 236 111 232 135 235 136 235 137 235 138 235 144 231 209 231 256 238 257 238 258 238 270 231 281 237 282 237 283 238 333 238 333 237 333 237 334 237 343 230 354 236 355 236 356 236 431 230 522 234 522 234 523 234 553 226 564 232 565 232 566 232 567 232 582 227 599 232 600 232 600 232 601 232 626 225 626 216 625 201 520 198 519 198 518 198 518 198 512 203 510 204 508 212"/></Shape>
            <String CONTENT="I.verl.lj. dicatur per ivioien data Lex-per Chri¬" HPOS="49.0" VPOS="198.0" WIDTH="577.0" HEIGHT="40.0" WC="0.9865861571564967"/>
          </TextLine>
          <TextLine ID="line_6" TAGREFS="LT8" BASELINE="49 254 374 252" HPOS="49.0" VPOS="228.0" WIDTH="325.0" HEIGHT="39.0">
            <Shape><Polygon POINTS="49 254 49 265 156 262 175 263 210 267 211 267 237 263 248 261 251 263 259 267 259 267 260 267 305 267 305 267 306 267 319 262 321 261 351 261 352 261 362 267 363 267 364 267 365 267 366 267 374 261 374 252 374 236 351 228 350 228 349 228 315 234 311 235 305 234 272 230 271 230 271 230 270 230 263 234 261 235 251 234 234 231 234 231 224 233 214 235 190 233 157 229 156 229 156 229 155 229 151 232 143 236 116 236 112 231 111 231 111 230 111 230 110 230 109 230 104 231 81 235 74 230 73 229 72 229 71 229 70 229 49 230 49 254"/></Shape>
            <String CONTENT="ſtum verò veritas &amp; gratia." HPOS="49.0" VPOS="228.0" WIDTH="325.0" HEIGHT="39.0" WC="0.9992002035890307"/>
          </TextLine>
        </TextBlock>
        <TextBlock HPOS="47.70246887207031" VPOS="262.5511779785156" WIDTH="588.5556488037109" HEIGHT="942.4591979980469" ID="block_4" TAGREFS="BT3407">
          <Shape><Polygon POINTS="47.7025 262.551 636.258 262.551 636.258 1205.01 47.7025 1205.01 47.7025 262.551"/></Shape>
          <TextLine ID="line_7" TAGREFS="LT8" BASELINE="81 286 626 281" HPOS="80.0" VPOS="255.0" WIDTH="546.0" HEIGHT="45.0">
            <Shape><Polygon POINTS="81 286 81 297 119 294 134 297 148 300 149 300 150 300 151 300 151 299 154 296 157 293 194 293 198 296 201 299 202 299 203 299 204 299 218 296 232 293 277 295 337 298 338 298 339 298 347 294 350 293 354 294 365 297 366 297 366 297 383 294 396 292 410 293 433 297 434 297 435 297 436 297 442 293 444 292 449 293 460 296 461 296 462 296 463 296 473 293 479 291 519 291 522 292 526 295 526 295 527 295 528 295 529 295 530 295 534 292 535 291 537 292 542 296 543 296 543 296 544 296 545 296 556 292 562 290 577 292 613 296 614 296 615 296 626 291 626 281 625 256 601 255 600 255 600 255 597 256 580 262 573 256 572 256 572 256 552 255 551 255 551 255 547 256 533 263 494 263 489 258 488 258 487 258 486 258 485 258 475 263 469 257 469 257 469 256 468 256 467 256 466 256 459 257 442 260 422 258 415 257 415 257 414 257 411 258 400 262 389 258 386 257 386 257 385 257 384 257 383 257 382 258 375 264 352 264 325 259 320 258 319 258 318 258 316 259 300 265 261 265 80 261 81 286"/></Shape>
            <String CONTENT="Huius autem tam ſalutaris, &amp; ſacræ veritatis" HPOS="80.0" VPOS="255.0" WIDTH="546.0" HEIGHT="45.0" WC="0.9995757287198846"/>
          </TextLine>
          <TextLine ID="line_8" TAGREFS="LT8" BASELINE="49 318 627 314" HPOS="49.0" VPOS="288.0" WIDTH="578.0" HEIGHT="44.0">
            <Shape><Polygon POINTS="49 318 49 328 163 332 164 332 193 328 273 331 274 331 402 326 588 329 589 329 627 324 627 314 625 296 584 296 576 289 576 289 575 289 555 288 554 288 553 288 537 295 522 288 522 288 521 288 520 288 507 294 497 289 496 289 495 289 494 289 476 294 457 289 456 289 456 289 455 289 437 296 436 296 395 296 391 296 377 290 376 290 375 290 374 290 362 294 352 290 351 290 350 290 349 290 349 290 341 296 338 297 316 297 314 296 303 290 302 290 301 290 300 290 284 296 279 297 275 296 262 291 261 291 260 291 259 291 245 296 240 298 201 298 199 296 193 292 193 291 193 291 192 291 164 291 164 291 163 291 146 296 138 298 124 296 96 292 95 292 49 296 49 318"/></Shape>
            <String CONTENT="cuſtos, conſeruatrix, &amp; publicus velut tabellio a¬" HPOS="49.0" VPOS="288.0" WIDTH="578.0" HEIGHT="44.0" WC="0.995225180387497"/>
          </TextLine>
          <TextLine ID="line_9" TAGREFS="LT8" BASELINE="51 350 625 347" HPOS="50.0" VPOS="321.0" WIDTH="575.0" HEIGHT="45.0">
            <Shape><Polygon POINTS="51 350 51 365 73 366 74 366 74 366 75 366 75 365 83 360 103 365 107 366 108 366 121 365 194 359 208 365 209 365 209 365 210 366 250 366 250 365 251 365 251 365 251 364 257 359 272 364 275 365 275 365 276 365 280 364 304 359 313 364 315 365 316 365 316 366 337 366 337 365 366 364 510 357 518 363 519 363 520 363 521 363 522 363 522 363 539 357 624 362 625 347 625 328 612 321 611 321 610 321 609 321 597 327 584 322 583 322 582 322 581 322 567 327 560 321 559 321 559 321 481 321 481 321 480 321 462 326 415 322 415 322 414 322 413 322 405 328 351 322 350 322 349 322 336 329 317 329 308 323 307 323 306 323 305 323 304 323 304 323 304 324 297 329 265 329 258 323 257 323 256 323 239 323 238 323 238 323 237 323 237 324 230 329 205 329 196 323 195 323 194 323 193 323 193 323 180 330 138 330 123 324 122 324 121 324 120 324 107 329 94 324 94 324 93 324 92 324 91 324 91 324 85 330 50 330 51 350"/></Shape>
            <String CONTENT="pud quem depoſita eſt, eſt Eccleſia illa Dei viui," HPOS="50.0" VPOS="321.0" WIDTH="575.0" HEIGHT="45.0" WC="0.9918473076820373"/>
          </TextLine>
          <TextLine ID="line_10" TAGREFS="LT8" BASELINE="51 382 628 378" HPOS="50.0" VPOS="354.0" WIDTH="578.0" HEIGHT="44.0">
            <Shape><Polygon POINTS="51 382 51 391 67 391 68 391 74 397 75 397 76 397 77 398 163 398 163 397 215 396 216 396 226 390 235 395 236 395 237 395 238 395 254 390 260 396 261 396 262 396 263 396 263 396 280 390 282 390 284 390 311 395 312 395 312 395 330 390 340 395 341 395 341 396 375 396 375 395 376 395 395 389 398 389 399 389 417 394 418 394 419 394 419 394 420 394 425 390 476 393 477 393 477 393 478 393 484 389 532 394 533 394 534 394 534 394 543 388 543 388 598 388 603 388 610 393 611 393 612 393 613 393 613 393 628 387 628 378 626 361 556 354 555 354 513 361 510 361 508 361 438 355 437 355 436 355 436 355 426 362 424 362 395 362 304 362 304 362 288 357 288 357 287 357 286 357 285 357 279 362 259 357 259 357 258 357 257 357 246 362 245 362 238 362 181 357 181 357 180 357 179 357 179 357 173 362 172 362 172 362 142 357 141 357 115 362 111 363 106 362 78 357 77 357 50 362 51 382"/></Shape>
            <String CONTENT="nẽpe per ordinariã &amp; puram verbi Dei prædica¬" HPOS="50.0" VPOS="354.0" WIDTH="578.0" HEIGHT="44.0" WC="0.9968516192537673"/>
          </TextLine>
          <TextLine ID="line_11" TAGREFS="LT8" BASELINE="52 415 629 411" HPOS="51.0" VPOS="386.0" WIDTH="578.0" HEIGHT="44.0">
            <Shape><Polygon POINTS="52 415 52 425 61 430 62 430 63 430 64 430 65 430 69 425 83 429 84 429 85 429 150 424 156 424 159 424 186 429 187 429 214 424 242 429 243 429 244 429 245 429 253 423 254 423 292 423 304 428 304 428 305 429 340 429 340 428 341 428 341 428 341 427 347 423 348 423 362 427 363 427 364 427 421 423 434 427 435 427 436 427 628 420 629 411 627 392 612 392 604 386 604 386 603 386 602 386 560 391 537 386 536 386 535 386 534 386 534 386 534 386 526 392 505 386 504 386 503 386 502 386 481 392 470 386 469 386 469 386 468 386 467 386 461 390 436 386 436 386 435 386 419 393 409 388 408 388 407 388 407 388 390 393 348 387 347 387 242 394 231 389 230 389 230 389 229 389 209 394 172 390 172 390 146 395 117 390 116 390 86 395 69 390 68 390 67 390 66 390 51 395 52 415"/></Shape>
            <String CONTENT="tionem, quæ ab veris Epiſcopis &amp; paſtoribus fa¬" HPOS="51.0" VPOS="386.0" WIDTH="578.0" HEIGHT="44.0" WC="0.9872910025271964"/>
          </TextLine>
          <TextLine ID="line_12" TAGREFS="LT8" BASELINE="53 448 629 443" HPOS="52.0" VPOS="418.0" WIDTH="577.0" HEIGHT="44.0">
            <Shape><Polygon POINTS="53 448 53 458 114 458 116 458 128 462 129 462 130 462 131 462 131 462 137 458 139 457 142 458 152 462 152 462 153 462 154 462 163 458 168 456 170 458 173 461 174 461 175 461 200 462 201 462 218 458 232 456 235 458 238 461 239 461 240 461 241 462 279 462 279 461 279 461 287 458 292 456 303 458 310 460 311 460 334 458 403 454 438 458 449 460 450 460 451 460 454 458 465 453 495 453 503 458 503 459 504 459 505 459 506 460 542 460 542 459 543 459 544 458 559 454 581 458 582 458 583 458 594 452 627 458 629 443 627 425 580 418 580 418 545 425 544 426 530 426 506 426 485 419 484 419 483 419 482 419 481 419 472 426 440 426 436 426 416 419 415 419 387 419 386 419 386 419 358 427 348 420 347 420 346 420 345 420 345 420 332 427 304 421 303 421 302 421 301 421 293 427 292 427 289 427 237 423 236 423 235 423 217 428 214 428 208 428 135 422 134 422 109 427 61 423 60 423 59 423 58 423 52 427 53 448"/></Shape>
            <String CONTENT="cta eſt. Nam, vt ait Paulus Romanor.3. verſ.2." HPOS="52.0" VPOS="418.0" WIDTH="577.0" HEIGHT="44.0" WC="0.9872597896534464"/>
          </TextLine>
          <TextLine ID="line_13" TAGREFS="LT8" BASELINE="53 480 629 474" HPOS="53.0" VPOS="450.0" WIDTH="576.0" HEIGHT="43.0">
            <Shape><Polygon POINTS="53 480 53 489 135 493 135 493 168 489 217 493 218 493 249 488 251 488 251 488 280 492 281 492 282 492 295 488 371 491 372 491 373 491 374 491 379 487 380 487 381 487 461 490 462 490 463 490 464 490 469 486 470 486 486 489 487 489 488 489 497 486 500 485 629 485 629 474 627 456 514 456 502 450 501 450 500 450 478 454 465 450 465 450 464 450 463 450 462 450 456 455 360 452 359 452 358 452 349 456 346 457 333 456 283 452 283 452 282 452 267 456 261 458 254 456 230 452 229 452 228 452 227 452 220 457 216 460 185 460 181 457 172 453 171 453 170 453 169 453 157 457 154 459 132 459 130 457 127 454 126 454 125 454 124 454 106 457 94 460 87 457 78 454 77 454 76 454 53 457 53 480"/></Shape>
            <String CONTENT="Credita ſunt (πςεύθησαν) Dei Eccleſiæ, non au¬" HPOS="53.0" VPOS="450.0" WIDTH="576.0" HEIGHT="43.0" WC="0.9761923386695537"/>
          </TextLine>
          <TextLine ID="line_14" TAGREFS="LT8" BASELINE="52 513 629 507" HPOS="51.0" VPOS="484.0" WIDTH="578.0" HEIGHT="41.0">
            <Shape><Polygon POINTS="52 513 52 521 297 525 298 525 339 521 349 524 349 524 350 524 351 524 352 524 358 519 395 522 396 522 397 522 409 518 410 518 411 518 423 522 424 522 425 522 426 522 435 518 436 518 462 523 463 523 464 523 483 517 485 516 628 515 629 507 626 487 534 489 530 488 526 484 525 484 524 484 523 484 481 488 477 488 477 488 464 484 463 484 462 484 442 485 441 485 440 485 436 488 433 490 424 489 405 485 404 485 386 489 374 491 351 489 330 487 329 487 277 489 230 492 225 490 216 486 215 486 214 486 213 486 198 490 189 493 180 490 168 487 168 487 167 487 51 491 52 513"/></Shape>
            <String CONTENT="tem Sathanę Synagogæ, non Antichriſtiano cœ¬" HPOS="51.0" VPOS="484.0" WIDTH="578.0" HEIGHT="41.0" WC="0.9918012513054741"/>
          </TextLine>
          <TextLine ID="line_15" TAGREFS="LT8" BASELINE="50 546 629 539" HPOS="49.0" VPOS="514.0" WIDTH="580.0" HEIGHT="45.0">
            <Shape><Polygon POINTS="50 546 50 555 94 559 95 559 145 555 174 559 175 559 176 559 184 555 193 559 193 559 194 559 195 559 196 559 201 555 244 559 245 559 246 559 246 559 253 554 276 557 277 557 278 557 294 553 335 558 336 558 337 558 355 552 363 557 364 557 365 557 366 558 386 558 386 557 387 557 388 557 394 552 448 555 449 555 450 555 451 555 455 551 474 556 475 556 476 556 477 556 487 551 502 555 502 555 503 555 524 551 534 555 535 555 536 555 592 551 604 555 604 555 605 555 606 555 629 548 629 539 628 520 555 514 555 514 530 514 530 514 529 514 522 521 521 522 431 522 430 522 412 515 411 515 411 515 410 515 393 522 391 522 390 522 375 516 374 516 374 516 350 521 342 516 341 516 341 516 340 516 339 516 320 522 316 524 226 524 223 523 208 518 207 518 206 518 205 518 205 518 195 524 194 524 193 524 176 518 176 518 129 518 128 518 106 519 106 519 105 519 105 520 99 525 98 526 49 526 50 546"/></Shape>
            <String CONTENT="tui: ſed Chriſtianæ Eccleſię diuina oracula &amp; e¬" HPOS="49.0" VPOS="514.0" WIDTH="580.0" HEIGHT="45.0" WC="0.9955695964852158"/>
          </TextLine>
          <TextLine ID="line_16" TAGREFS="LT8" BASELINE="52 578 630 572" HPOS="51.0" VPOS="549.0" WIDTH="579.0" HEIGHT="43.0">
            <Shape><Polygon POINTS="52 578 52 586 94 592 94 592 95 592 105 587 133 591 134 591 135 591 144 586 155 591 156 591 156 591 157 591 176 586 187 590 188 590 189 590 189 590 202 586 283 590 283 590 284 590 302 586 366 589 367 589 399 584 405 588 406 588 407 588 407 588 441 584 459 588 460 588 460 588 461 588 462 588 468 583 469 583 475 583 617 587 618 587 619 587 630 581 630 572 629 554 598 549 597 549 596 549 596 549 590 554 580 554 508 554 507 554 502 549 502 549 501 549 500 549 499 549 481 554 480 554 478 554 465 549 464 549 463 549 462 549 445 554 440 555 370 555 368 554 365 551 364 551 363 551 320 551 320 551 319 551 307 554 297 557 268 557 263 554 260 551 259 551 259 551 258 551 205 554 132 558 122 554 119 553 118 553 88 553 87 553 86 553 86 553 85 554 80 558 51 555 52 578"/></Shape>
            <String CONTENT="loquia, quia in hoc tantùm vno hominum cœ¬" HPOS="51.0" VPOS="549.0" WIDTH="579.0" HEIGHT="43.0" WC="0.9942538142204285"/>
          </TextLine>
          <TextLine ID="line_17" TAGREFS="LT8" BASELINE="51 611 626 604" HPOS="50.0" VPOS="580.0" WIDTH="576.0" HEIGHT="43.0">
            <Shape><Polygon POINTS="51 611 51 621 167 623 168 623 182 621 200 617 218 621 230 622 231 622 232 622 238 621 245 617 284 620 308 621 308 621 317 620 338 616 358 620 364 621 365 621 374 620 399 616 417 619 418 619 419 619 419 619 425 615 471 619 481 620 481 620 482 620 484 619 491 616 522 619 525 619 526 619 526 619 527 619 534 614 551 619 552 619 553 619 554 619 556 619 580 613 625 618 626 604 625 584 557 580 556 580 453 584 408 586 358 584 285 583 284 583 283 583 275 585 264 588 251 585 242 584 242 584 226 585 202 588 181 585 172 584 171 584 170 584 169 584 168 585 164 588 50 586 51 611"/></Shape>
            <String CONTENT="tu illa explicantur, docentur &amp; conſeruantur, per" HPOS="50.0" VPOS="580.0" WIDTH="576.0" HEIGHT="43.0" WC="0.9962429866498831"/>
          </TextLine>
          <TextLine ID="line_18" TAGREFS="LT8" BASELINE="51 643 628 637" HPOS="50.0" VPOS="612.0" WIDTH="578.0" HEIGHT="46.0">
            <Shape><Polygon POINTS="51 643 52 658 80 649 157 649 182 655 185 655 185 655 189 655 216 649 254 653 255 653 277 649 282 653 283 654 283 654 284 654 285 654 304 652 329 650 341 651 372 654 373 654 374 654 374 654 379 650 381 649 382 650 390 654 390 654 391 654 392 654 393 654 397 650 401 647 423 649 460 654 461 654 551 648 604 652 605 652 606 652 628 645 628 637 626 619 574 619 555 612 555 612 554 612 553 612 524 620 423 620 380 613 379 613 378 613 358 621 298 614 297 614 170 622 142 616 141 616 140 616 139 616 129 623 116 617 115 617 87 617 86 617 50 624 51 643"/></Shape>
            <String CONTENT="ordinarium verbi Dei miniſterium, quod in Ec¬" HPOS="50.0" VPOS="612.0" WIDTH="578.0" HEIGHT="46.0" WC="0.9763597170511882"/>
          </TextLine>
          <TextLine ID="line_19" TAGREFS="LT8" BASELINE="52 674 629 670" HPOS="51.0" VPOS="644.0" WIDTH="578.0" HEIGHT="42.0">
            <Shape><Polygon POINTS="52 674 52 684 199 686 200 686 201 686 211 682 214 682 218 682 239 686 240 686 262 682 267 681 275 682 308 686 308 686 359 681 367 680 370 681 384 685 385 685 386 685 494 684 495 684 496 684 502 680 529 683 530 683 530 683 531 683 531 682 536 678 537 678 572 683 573 683 629 677 629 670 626 649 596 649 596 649 585 644 584 644 584 644 583 644 565 649 548 644 547 644 547 644 546 644 531 650 530 650 517 650 379 645 378 645 378 645 377 645 369 651 340 645 339 645 338 645 337 645 329 651 290 646 289 646 263 652 246 646 245 646 244 646 243 646 242 646 242 647 238 651 200 647 199 647 198 647 185 653 163 649 162 649 161 649 142 654 123 648 122 648 73 648 72 648 71 648 51 654 52 674"/></Shape>
            <String CONTENT="cleſia viget. Vnde idem Paul. Rom.9. verſ.4 Le¬" HPOS="51.0" VPOS="644.0" WIDTH="578.0" HEIGHT="42.0" WC="0.9803450843121143"/>
          </TextLine>
          <TextLine ID="line_20" TAGREFS="LT8" BASELINE="53 707 628 702" HPOS="52.0" VPOS="676.0" WIDTH="576.0" HEIGHT="43.0">
            <Shape><Polygon POINTS="53 707 53 715 101 715 102 715 108 719 109 719 110 719 111 719 129 715 135 715 139 715 148 719 149 719 150 719 228 715 269 714 309 715 365 717 366 717 375 715 388 712 626 714 628 702 626 677 575 676 574 676 573 676 569 678 558 682 543 678 537 677 536 677 535 677 534 677 530 678 520 682 509 679 502 677 501 677 500 677 499 677 491 679 478 683 467 680 465 679 465 679 464 679 456 680 423 684 415 681 407 678 406 678 405 678 362 678 362 678 361 678 355 682 353 683 345 682 316 678 315 678 314 678 303 683 297 686 264 686 261 684 253 679 252 679 251 679 251 679 250 679 249 679 242 685 239 686 215 686 209 685 190 680 189 680 189 680 188 680 187 680 181 685 168 682 167 682 166 682 155 686 154 686 152 686 135 680 135 680 134 680 133 680 111 687 110 688 52 688 53 707"/></Shape>
            <String CONTENT="gem, &amp; fœdera, &amp; eorum fœderum tabulas fuiſ¬" HPOS="52.0" VPOS="676.0" WIDTH="576.0" HEIGHT="43.0" WC="0.9762619070031426"/>
          </TextLine>
          <TextLine ID="line_21" TAGREFS="LT8" BASELINE="52 739 629 735" HPOS="51.0" VPOS="710.0" WIDTH="578.0" HEIGHT="41.0">
            <Shape><Polygon POINTS="52 739 52 748 157 751 158 751 159 751 166 748 168 747 231 747 238 748 269 751 270 751 349 747 370 746 377 747 397 749 398 749 399 749 399 749 403 747 404 745 412 747 428 749 429 749 629 745 629 735 628 718 597 712 596 712 571 717 517 710 516 710 515 710 514 710 502 718 474 714 473 714 440 718 407 711 407 711 365 713 364 713 363 713 357 719 337 711 336 711 335 711 334 711 333 711 325 719 236 719 226 712 225 712 224 712 167 712 166 712 135 713 134 713 133 713 123 721 51 721 52 739"/></Shape>
            <String CONTENT="ſe apud Iſraëlitas, ait, quia &amp; cum ijs pactum erat" HPOS="51.0" VPOS="710.0" WIDTH="578.0" HEIGHT="41.0" WC="0.9943211651765383"/>
          </TextLine>
          <TextLine ID="line_22" TAGREFS="LT8" BASELINE="51 772 628 766" HPOS="50.0" VPOS="740.0" WIDTH="578.0" HEIGHT="44.0">
            <Shape><Polygon POINTS="51 772 51 779 205 779 213 783 213 783 214 783 215 783 216 783 230 778 231 778 232 778 246 783 246 783 247 783 283 778 285 778 296 784 296 784 297 784 329 783 329 783 330 783 330 782 336 778 336 777 337 778 355 783 356 783 357 783 358 783 368 777 370 777 377 777 403 782 403 782 404 782 413 778 452 782 453 782 454 782 465 777 469 775 474 777 487 781 488 781 489 782 512 782 512 781 513 781 514 781 518 777 525 781 526 781 526 781 527 781 627 776 628 766 626 746 591 740 590 740 554 745 525 741 524 741 523 741 513 746 511 748 458 748 456 747 450 741 449 741 448 741 448 741 447 741 431 747 428 748 427 747 415 741 414 741 413 741 412 741 411 741 403 747 403 748 399 747 382 744 382 744 381 744 380 744 377 748 375 748 373 748 359 742 358 742 358 742 330 748 325 748 316 748 278 743 277 743 276 743 264 748 261 749 247 748 204 744 147 744 146 744 145 744 130 749 128 749 127 749 114 744 113 744 57 744 57 744 56 744 55 744 50 747 51 772"/></Shape>
            <String CONTENT="fœdus Dei, &amp; eius fœderis tabulæ apud eos ſo¬" HPOS="50.0" VPOS="740.0" WIDTH="578.0" HEIGHT="44.0" WC="0.9919962618086073"/>
          </TextLine>
          <TextLine ID="line_23" TAGREFS="LT8" BASELINE="51 804 630 799" HPOS="50.0" VPOS="774.0" WIDTH="580.0" HEIGHT="42.0">
            <Shape><Polygon POINTS="51 804 51 812 122 812 123 812 129 816 130 816 131 816 131 816 132 816 145 812 149 811 162 812 198 815 199 815 200 815 211 812 215 811 629 811 630 799 628 774 589 778 567 775 567 775 566 775 565 775 559 780 526 775 525 775 524 775 523 775 522 775 514 781 489 781 480 776 479 776 478 776 477 776 477 776 436 781 419 776 417 776 416 776 415 776 415 776 412 777 398 780 384 777 379 776 378 776 378 776 375 777 365 781 347 777 341 776 340 776 339 776 338 776 337 777 330 783 303 783 293 777 292 777 291 777 290 777 289 777 287 777 277 783 242 784 205 784 197 779 196 777 195 777 194 777 193 777 193 777 189 779 176 783 162 779 156 777 155 777 154 777 139 779 106 784 94 780 91 779 90 779 90 779 89 779 86 780 72 784 67 780 65 778 64 778 63 778 62 778 50 780 51 804"/></Shape>
            <String CONTENT="los aſſeruabantur, &amp; cuſtodiebantur, velut apud" HPOS="50.0" VPOS="774.0" WIDTH="580.0" HEIGHT="42.0" WC="0.9962023166899986"/>
          </TextLine>
          <TextLine ID="line_24" TAGREFS="LT8" BASELINE="51 835 630 831" HPOS="50.0" VPOS="806.0" WIDTH="580.0" HEIGHT="43.0">
            <Shape><Polygon POINTS="51 835 51 844 108 843 110 844 114 848 115 848 115 848 116 849 139 849 139 848 140 848 141 848 147 844 150 843 204 843 226 844 263 847 263 847 280 844 294 842 338 844 383 847 384 847 399 844 417 841 429 844 436 846 436 846 437 847 489 847 489 846 498 844 514 840 537 844 545 845 546 845 547 845 551 844 564 840 581 844 588 845 588 845 629 843 630 831 629 811 612 807 611 807 594 810 585 813 575 810 555 806 555 806 554 806 539 810 531 813 520 810 507 808 506 808 506 808 497 810 488 814 481 810 473 807 473 807 472 807 471 807 460 810 458 810 456 810 431 806 430 806 429 806 428 806 423 810 422 810 400 806 399 806 399 806 398 806 392 810 385 815 318 815 312 810 309 807 308 807 308 807 283 807 283 807 282 807 275 810 263 816 236 816 226 810 226 810 225 810 224 810 223 810 222 810 213 816 148 816 140 810 139 809 139 809 138 809 137 809 50 809 51 835"/></Shape>
            <String CONTENT="fideliſſimum &amp; publicum tabellionem manent" HPOS="50.0" VPOS="806.0" WIDTH="580.0" HEIGHT="43.0" WC="0.9946621117137727"/>
          </TextLine>
          <TextLine ID="line_25" TAGREFS="LT8" BASELINE="51 868 629 863" HPOS="50.0" VPOS="839.0" WIDTH="579.0" HEIGHT="41.0">
            <Shape><Polygon POINTS="51 868 51 880 168 876 209 877 238 879 238 879 239 879 246 877 255 875 324 876 419 877 419 877 447 874 454 873 479 873 617 876 618 876 619 876 629 871 629 863 628 847 533 839 532 839 512 843 445 840 444 840 444 840 443 840 433 847 375 841 374 841 374 841 373 841 367 847 337 848 282 845 281 845 185 849 176 843 176 843 175 843 160 843 160 843 159 843 145 850 118 843 117 843 116 843 96 850 78 843 78 843 77 843 76 843 75 843 67 851 50 851 51 868"/></Shape>
            <String CONTENT="acta &amp; inſtrumenta contractuum. Hoc ſenſu vo¬" HPOS="50.0" VPOS="839.0" WIDTH="579.0" HEIGHT="41.0" WC="0.9973317477438185"/>
          </TextLine>
          <TextLine ID="line_26" TAGREFS="LT8" BASELINE="51 900 628 896" HPOS="50.0" VPOS="871.0" WIDTH="578.0" HEIGHT="45.0">
            <Shape><Polygon POINTS="51 900 51 909 143 916 144 916 144 916 165 909 167 909 170 909 195 913 196 913 261 908 268 908 269 908 277 914 278 914 279 914 279 915 313 915 313 914 314 914 315 914 320 909 337 914 338 914 339 914 340 914 358 907 359 907 407 907 408 907 433 913 434 913 435 913 462 909 502 913 502 913 503 913 516 906 562 911 563 911 627 905 628 896 626 878 604 878 590 871 589 871 535 871 534 871 534 871 533 871 533 872 526 878 516 872 515 872 514 872 494 876 468 872 467 872 466 872 465 872 456 878 362 872 362 872 361 872 360 872 352 880 299 880 291 873 290 873 289 873 288 873 266 878 253 873 252 873 251 873 251 873 237 880 231 876 230 876 230 876 229 876 228 876 227 876 219 881 169 881 144 875 143 875 142 875 141 875 132 881 108 876 107 876 106 876 94 881 63 877 62 877 61 877 50 881 51 900"/></Shape>
            <String CONTENT="cat Paulus verã &amp; Euangelicã Dei Eccleſiã, Co¬" HPOS="50.0" VPOS="871.0" WIDTH="578.0" HEIGHT="45.0" WC="0.9887002061824409"/>
          </TextLine>
          <TextLine ID="line_27" TAGREFS="LT8" BASELINE="52 932 629 929" HPOS="51.0" VPOS="905.0" WIDTH="578.0" HEIGHT="41.0">
            <Shape><Polygon POINTS="52 932 53 945 62 941 71 945 73 946 74 946 74 946 154 946 154 946 166 944 197 940 216 944 218 944 219 944 220 944 221 944 228 940 304 940 316 943 321 945 322 945 323 945 341 943 378 939 432 942 460 944 460 944 461 944 469 942 481 939 503 942 514 943 514 943 629 941 629 929 628 909 564 905 563 905 563 905 552 909 541 905 540 905 539 905 539 905 538 905 532 909 529 911 523 909 518 907 518 907 517 907 516 907 515 907 513 909 509 912 441 912 429 909 418 905 417 905 416 905 398 909 376 913 284 913 278 908 275 906 275 906 274 906 229 906 228 906 227 906 226 906 224 908 219 911 205 908 196 906 195 906 194 906 193 906 191 908 181 913 171 909 170 909 169 909 168 909 168 909 160 914 82 914 51 908 52 932"/></Shape>
            <String CONTENT="lumnam, &amp; Stabilimentum veritatis, non quidem" HPOS="51.0" VPOS="905.0" WIDTH="578.0" HEIGHT="41.0" WC="0.9953587677743699"/>
          </TextLine>
          <TextLine ID="line_28" TAGREFS="LT8" BASELINE="53 965 631 962" HPOS="52.0" VPOS="936.0" WIDTH="579.0" HEIGHT="43.0">
            <Shape><Polygon POINTS="53 965 53 976 152 979 152 979 153 979 164 975 172 973 182 975 195 979 196 979 197 979 226 978 227 978 233 974 238 972 297 974 336 975 337 975 345 974 357 971 369 974 389 977 390 977 390 977 398 973 402 971 459 971 465 972 484 977 485 977 485 977 495 972 497 970 501 972 506 976 507 976 508 976 509 976 510 976 510 976 516 972 518 970 521 972 530 976 530 976 531 976 630 970 631 962 629 940 589 936 588 936 588 936 587 936 582 940 579 943 562 943 557 940 549 936 548 936 547 936 547 936 546 936 539 941 537 942 496 942 489 941 475 937 474 937 473 937 473 937 472 937 472 937 467 941 465 944 444 944 441 942 436 937 435 937 434 937 433 937 391 941 359 937 358 937 358 937 342 942 333 937 333 937 332 937 331 937 330 937 322 942 320 944 312 942 292 938 291 938 290 938 289 938 283 943 282 945 228 945 226 943 218 937 218 937 217 937 201 937 200 937 167 938 166 938 165 938 165 939 159 944 158 945 148 944 94 940 93 940 92 940 82 945 82 946 52 946 53 965"/></Shape>
            <String CONTENT="tanquam iſtius veritatis Eccleſia ſit cauſa, ſed" HPOS="52.0" VPOS="936.0" WIDTH="579.0" HEIGHT="43.0" WC="0.9863687815765539"/>
          </TextLine>
          <TextLine ID="line_29" TAGREFS="LT8" BASELINE="52 997 630 993" HPOS="51.0" VPOS="969.0" WIDTH="579.0" HEIGHT="42.0">
            <Shape><Polygon POINTS="52 997 52 1006 100 1011 101 1011 102 1011 111 1006 120 1009 121 1009 122 1009 139 1006 143 1004 183 1004 185 1005 188 1008 189 1008 189 1008 190 1008 191 1008 201 1005 205 1004 218 1005 261 1007 262 1007 314 1004 328 1003 331 1004 353 1009 353 1009 354 1009 371 1003 373 1003 374 1003 398 1008 399 1008 399 1008 413 1003 415 1003 446 1003 447 1003 453 1008 454 1008 455 1008 456 1009 514 1009 514 1008 630 1001 630 993 629 975 578 969 577 969 576 969 559 974 547 969 547 969 546 969 513 976 441 976 423 970 422 970 421 970 420 970 419 970 411 975 399 970 399 970 398 970 397 970 372 976 285 970 284 970 283 970 266 977 250 971 249 971 248 971 213 977 178 971 177 971 176 971 164 979 139 979 131 973 131 973 130 973 129 973 107 978 95 973 94 973 94 973 93 973 77 978 58 972 57 972 57 972 56 972 55 972 55 973 51 976 52 997"/></Shape>
            <String CONTENT="tantùm cuſtos, Conſeruatrix, &amp; Propagatrix. Ve¬" HPOS="51.0" VPOS="969.0" WIDTH="579.0" HEIGHT="42.0" WC="0.9824096895754337"/>
          </TextLine>
          <TextLine ID="line_30" TAGREFS="LT8" BASELINE="51 1030 628 1024" HPOS="50.0" VPOS="999.0" WIDTH="578.0" HEIGHT="46.0">
            <Shape><Polygon POINTS="51 1030 51 1042 136 1040 148 1041 172 1045 172 1045 173 1045 191 1040 193 1040 195 1040 213 1045 214 1045 215 1045 216 1045 231 1040 235 1039 238 1040 244 1044 245 1044 246 1044 246 1044 272 1040 294 1044 295 1044 296 1044 305 1040 308 1038 370 1038 370 1038 377 1044 378 1044 378 1044 379 1044 380 1044 401 1039 461 1043 462 1043 516 1037 535 1042 536 1042 537 1042 627 1035 628 1024 625 999 596 1003 584 1000 584 1000 583 1000 582 1000 556 1007 534 1001 533 1001 532 1001 503 1007 489 1001 489 1001 488 1001 487 1001 486 1001 478 1008 414 1008 390 1002 390 1002 389 1002 388 1002 374 1009 367 1003 366 1003 366 1003 365 1003 364 1003 348 1007 332 1003 331 1003 330 1003 329 1003 329 1003 319 1009 294 1003 293 1003 292 1003 292 1003 271 1010 148 1007 148 1007 127 1011 50 1005 51 1030"/></Shape>
            <String CONTENT="ritatis enim, quæ in Eccleſia Dei prędicatur, cau¬" HPOS="50.0" VPOS="999.0" WIDTH="578.0" HEIGHT="46.0" WC="0.9893789548499912"/>
          </TextLine>
          <TextLine ID="line_31" TAGREFS="LT8" BASELINE="51 1061 629 1057" HPOS="50.0" VPOS="1033.0" WIDTH="579.0" HEIGHT="42.0">
            <Shape><Polygon POINTS="51 1061 51 1072 90 1069 94 1072 99 1074 100 1074 101 1075 135 1075 135 1074 135 1074 136 1074 139 1071 142 1069 167 1069 172 1070 180 1073 181 1073 181 1074 243 1074 243 1073 244 1073 245 1073 251 1069 252 1069 271 1069 333 1072 334 1072 335 1072 336 1072 340 1068 341 1068 343 1068 363 1072 364 1072 365 1072 366 1072 370 1068 370 1068 390 1071 390 1071 427 1067 436 1066 444 1067 477 1071 477 1071 512 1066 530 1071 531 1071 532 1071 629 1064 629 1057 628 1040 589 1040 589 1039 580 1033 580 1033 579 1033 578 1033 577 1033 566 1039 555 1034 555 1034 554 1034 553 1034 533 1039 530 1040 496 1040 494 1039 482 1033 481 1033 481 1033 480 1033 468 1039 466 1040 431 1041 376 1041 372 1039 363 1034 362 1034 362 1034 340 1039 339 1039 337 1039 321 1035 320 1035 320 1035 319 1035 318 1035 313 1039 310 1041 297 1039 276 1035 275 1035 257 1039 242 1042 235 1039 228 1036 227 1036 226 1036 226 1036 218 1039 213 1040 208 1039 198 1036 197 1036 197 1036 179 1039 164 1041 153 1039 144 1036 144 1036 103 1036 102 1036 102 1036 101 1036 98 1039 93 1041 50 1039 51 1061"/></Shape>
            <String CONTENT="ſa eſt Deus ipſe, cuius eſt hæc veritas vox &amp; ver¬" HPOS="50.0" VPOS="1033.0" WIDTH="579.0" HEIGHT="42.0" WC="0.9866576755046844"/>
          </TextLine>
          <TextLine ID="line_32" TAGREFS="LT8" BASELINE="52 1095 629 1090" HPOS="51.0" VPOS="1065.0" WIDTH="578.0" HEIGHT="45.0">
            <Shape><Polygon POINTS="52 1095 52 1107 86 1103 93 1107 98 1110 98 1110 99 1110 100 1110 109 1106 119 1103 124 1106 129 1110 130 1110 131 1110 131 1110 166 1109 185 1106 197 1103 203 1105 214 1109 215 1109 216 1109 238 1105 254 1102 270 1104 297 1108 298 1108 333 1107 333 1107 341 1102 346 1100 472 1099 482 1101 518 1106 518 1106 519 1106 538 1099 539 1099 540 1099 557 1105 558 1105 559 1105 628 1098 629 1090 627 1072 596 1065 595 1065 548 1071 542 1073 487 1073 485 1071 479 1066 478 1066 477 1066 477 1066 449 1067 448 1067 448 1067 442 1071 440 1073 431 1071 404 1067 403 1067 358 1071 354 1071 353 1071 333 1068 333 1068 332 1068 331 1068 327 1071 324 1073 307 1071 294 1069 293 1069 292 1069 292 1069 289 1071 283 1075 242 1075 234 1071 229 1069 228 1069 227 1069 226 1069 219 1071 205 1076 149 1076 141 1071 138 1069 137 1069 136 1069 127 1071 100 1076 51 1071 52 1095"/></Shape>
            <String CONTENT="bum. Ergo ratione perpetui &amp; ordinarij miniſte¬" HPOS="51.0" VPOS="1065.0" WIDTH="578.0" HEIGHT="45.0" WC="0.9876475067848854"/>
          </TextLine>
          <TextLine ID="line_33" TAGREFS="LT8" BASELINE="50 1127 627 1122" HPOS="49.0" VPOS="1098.0" WIDTH="578.0" HEIGHT="41.0">
            <Shape><Polygon POINTS="50 1127 50 1136 213 1139 214 1139 243 1135 246 1135 249 1135 274 1139 275 1139 275 1139 276 1139 282 1135 283 1135 333 1138 333 1138 334 1138 344 1134 345 1134 356 1138 357 1138 358 1138 383 1133 387 1133 406 1133 525 1136 526 1136 526 1136 537 1132 557 1135 558 1135 626 1131 627 1122 625 1105 478 1106 476 1105 460 1098 459 1098 458 1098 457 1098 456 1098 451 1102 381 1099 380 1099 379 1099 378 1099 371 1106 368 1108 319 1108 316 1106 312 1102 312 1102 311 1102 310 1102 309 1102 296 1106 288 1108 283 1106 273 1101 272 1101 271 1101 271 1101 260 1106 256 1108 249 1106 232 1101 231 1101 230 1101 203 1106 200 1106 197 1106 168 1102 168 1102 167 1102 156 1106 155 1106 151 1106 101 1102 100 1102 99 1102 90 1106 84 1110 49 1107 50 1127"/></Shape>
            <String CONTENT="rij &amp; prædicationis puri verbi Dei, quæ in vera" HPOS="49.0" VPOS="1098.0" WIDTH="578.0" HEIGHT="41.0" WC="0.9882084258059238"/>
          </TextLine>
          <TextLine ID="line_34" TAGREFS="LT8" BASELINE="49 1160 627 1155" HPOS="49.0" VPOS="1128.0" WIDTH="578.0" HEIGHT="46.0">
            <Shape><Polygon POINTS="49 1160 49 1171 97 1168 100 1171 103 1173 104 1173 105 1173 106 1174 129 1174 129 1173 130 1173 131 1173 135 1170 136 1168 138 1170 142 1173 143 1173 144 1173 144 1173 202 1172 203 1172 204 1172 208 1169 209 1168 217 1169 235 1172 236 1172 237 1172 249 1168 251 1168 253 1168 258 1172 259 1172 259 1172 260 1172 329 1172 329 1172 330 1172 331 1172 337 1168 338 1166 346 1167 366 1170 367 1170 368 1170 375 1167 378 1166 389 1167 428 1169 429 1169 430 1169 431 1169 435 1166 436 1165 437 1166 447 1170 448 1170 448 1170 492 1165 493 1165 495 1165 530 1169 530 1169 531 1169 541 1164 542 1164 627 1163 627 1155 625 1135 569 1128 568 1128 567 1128 551 1134 548 1135 546 1134 529 1128 528 1128 527 1128 526 1128 526 1128 517 1134 514 1136 470 1136 468 1134 462 1129 461 1129 460 1129 444 1129 443 1129 442 1129 433 1134 427 1136 402 1133 370 1130 370 1130 352 1133 331 1137 294 1137 286 1133 281 1131 280 1131 279 1131 265 1133 234 1139 189 1139 175 1132 172 1131 171 1131 170 1131 169 1131 168 1131 168 1132 159 1138 106 1132 103 1132 102 1132 102 1132 84 1139 49 1132 49 1160"/></Shape>
            <String CONTENT="Eccleſia locum habere debet, dicitur Eccleſia" HPOS="49.0" VPOS="1128.0" WIDTH="578.0" HEIGHT="46.0" WC="0.9813200579749213"/>
          </TextLine>
          <TextLine ID="line_35" TAGREFS="LT8" BASELINE="49 1192 623 1188" HPOS="49.0" VPOS="1163.0" WIDTH="574.0" HEIGHT="55.0">
            <Shape><Polygon POINTS="49 1192 49 1211 76 1217 77 1217 78 1217 91 1212 100 1208 151 1208 162 1212 164 1213 165 1213 166 1213 167 1213 168 1213 168 1212 176 1207 240 1207 252 1213 264 1218 265 1218 266 1218 440 1217 479 1215 480 1215 483 1213 493 1209 508 1211 509 1211 510 1211 521 1205 554 1205 560 1211 561 1211 562 1211 563 1211 563 1211 587 1205 621 1214 623 1188 621 1168 550 1163 549 1163 548 1163 547 1163 541 1168 540 1168 512 1168 511 1168 492 1163 491 1163 490 1163 489 1163 478 1168 477 1168 470 1164 469 1164 469 1164 468 1164 467 1164 462 1168 460 1169 413 1169 410 1168 370 1164 369 1164 334 1169 329 1170 271 1170 269 1169 248 1164 247 1164 246 1164 230 1169 222 1164 222 1164 221 1164 220 1164 170 1170 165 1170 157 1170 66 1165 65 1165 65 1165 49 1170 49 1192"/></Shape>
            <String CONTENT="Columna veritatis: non ratione reipſius, id eſt," HPOS="49.0" VPOS="1163.0" WIDTH="574.0" HEIGHT="55.0" WC="0.9882023309667906"/>
          </TextLine>
        </TextBlock>
      </PrintSpace>
    </Page>
  </Layout>
</alto>
