1000 1448
374.0 102.0 62.0 28.0 139

463.0 88.0 390.0 37.0 AD I. PAVL. AD TIM.

366.0 120.0 583.0 48.0 tur, ſiue in bello ſiue in pace: tum etiam Leonis

366.0 157.0 581.0 43.0 4. Roma. Epiſcopi quod refertur in cano. Igitur

366.0 189.0 580.0 43.0 cùm ſæpe 23 quæſt.8. Ratio quoque idem ſuadet.

366.0 222.0 580.0 40.0 Operæpretiũ eſt enim intereſſe in exercitu ho¬

367.0 254.0 579.0 41.0 mines pios & Epiſcopos, qui militum inſolen¬

366.0 288.0 580.0 40.0 tiam reprimant, fundant quotidianas preces ad

366.0 319.0 579.0 37.0 Deum pro toto exercitu, eum conſolentur & a¬

365.0 352.0 579.0 37.0 niment, vt dicitur Ambroſius ipſe pius Epiſco¬

366.0 383.0 578.0 41.0 pus verſatus eſſe in caſtris Théodoſij aduerſus

366.0 416.0 579.0 43.0 Eugenium proficiſcentis, & expeditionem parã¬

366.0 450.0 579.0 35.0 tis. Denique authoritas verbi Dei iſtarum ſyno¬

366.0 482.0 577.0 40.0 dorum omnibus decretis obiicitur & opponitur.

366.0 514.0 578.0 41.0 Nam & Moſes & Aaron bellis iis interfuerunt,

367.0 547.0 578.0 40.0 quæ ſuo tempore à Dei populo gerebantur: &

365.0 578.0 580.0 39.0 Numer Io.verſ.1.2.3. iubentur Sacerdotes ſacras

365.0 610.0 578.0 42.0 tubas deferre in bellum, illíque preſentes adeſſe.

366.0 642.0 577.0 44.0 Apparet ex epiſt.225. Bernardũ Monachum pro

365.0 674.0 580.0 45.0 pace inter regem Galliæ Ludouicum & Comi¬

366.0 707.0 580.0 42.0 tem Burgundiæ ineunda imploratum. Sed ex his

363.0 740.0 583.0 41.0 locis factũ eſt, vt in cano. Si in morte Longobar¬

362.0 772.0 582.0 42.0 dorum s ſed notandum eſt diſt.23. quæſt.8. diſtin¬

363.0 806.0 583.0 41.0 guatur inſulſè inter eos, qui munus Epiſcopale

362.0 837.0 580.0 39.0 habent. Alij enim ex ijs, Solis decimis contenti

362.0 867.0 580.0 42.0 ſunt eáſque habẽt pro victu, qui ſunt nudi & ſim¬

363.0 901.0 576.0 41.0 plices Epiſcopi, quales in Italia: ſed alij Prædia,

363.0 933.0 578.0 42.0 villas, caſtella, & ciuitates poſſident, quales Epi¬

361.0 966.0 579.0 38.0 ſcopi qui vulgò Barones, Comites, Duces di¬

361.0 997.0 578.0 38.0 cuntur & Pares, vt in Germania, & Gallia multi.

360.0 1030.0 580.0 43.0 Ipſis enim Epiſcopatibus annexæ ſunt dignitates

361.0 1063.0 579.0 35.0 Baronatus, Comitatus & Ducatus, electoratus

360.0 1094.0 578.0 40.0 & pariatus. Solis & nudis ſiue ſimplicibus Epi¬

357.0 1125.0 584.0 38.0 ſcopis arma tractare, bellíſque intereſſe concedi

354.0 1156.0 581.0 61.0 oportere inſulſi homines Pontificij & Canoniſte

831.0 1196.0 102.0 61.0 negant
