1000 1448
390.0 89.0 54.0 19.0 50.

482.0 75.0 385.0 35.0 AD I. TAVL. AD TIM.

384.0 103.0 587.0 48.0 τίθεσιν docet quænam ſint illis ipſis paſtoribus

383.0 139.0 578.0 44.0 ſectanda vt habeant & ipſi in quibus ſe exerceãt

382.0 180.0 579.0 38.0 da oceupent, ionge que menora, quàm auari me¬

382.0 205.0 124.0 35.0 ditentur.

416.0 234.0 546.0 45.0 Ratio huius præceptionis eſt ex illo Chriſti

382.0 267.0 580.0 46.0 dicto, quod eſt Matt.5. verſ.13. & 14. Vos eſtis ſal

382.0 301.0 578.0 45.0 terræ, vos estis lux mundi, ſi ſal euanuerit, in quo ſa¬

381.0 335.0 577.0 39.0 lietur? Deinde ex eo Petri loco, qui eſt I.Pet. cap.

385.0 369.0 574.0 38.0 5.verſ.3. oportet Paſtores & Preſbyteros Eccle¬

381.0 399.0 578.0 44.0 ſię eſſe exemplar gregis. Qua enim vel fronte vel

379.0 432.0 580.0 41.0 libertate auaros reprehendent paſtores, ſi ſint i¬

380.0 463.0 578.0 47.0 pſi auari, & eodem vitio laborent? Nam vt eſt ſa¬

381.0 501.0 135.0 31.0 tis notum.

404.0 526.0 551.0 46.0 Turpe eſt doctori, cùm culpa redarguit ipſum.

378.0 559.0 580.0 43.0 Et illud Chriſti, Medice cura teipſum. Neq; verò

378.0 600.0 581.0 33.0 noc faeit quo minus paitores & quædã propria

378.0 624.0 580.0 43.0 habere poſſint, ac ſtipendia ab Eccleſia accipere:

378.0 659.0 580.0 40.0 & familiæ ſuæ honeſtam moderatámque curam

378.0 696.0 581.0 36.0 gerere, contrà quàm tamẽ ſentiunt homines im¬

378.0 724.0 423.0 42.0 portuni Catabaptiſtæ, vti diximus.

408.0 753.0 554.0 45.0 Dicit autem Paulus φευγο, id eſt, fuge. Quod

379.0 787.0 582.0 43.0 vtiliter obſeruauit Chryſoſtom. vt ex vocabulo

378.0 822.0 581.0 40.0 ipſo intelligatur, quanto ſtudio, quantóque ani¬

378.0 851.0 582.0 44.0 mi conatu ſit ab hoc auaritię vitio illis cauendũ:

378.0 885.0 583.0 41.0 fugimus. n. quæ periculoſiſſima & maximè exi¬

376.0 916.0 584.0 38.0 tioſa nobis eſſe arbitramur, quale certè eſt hoc

378.0 950.0 584.0 41.0 ſcelus. Itaq; non dixit tmn abſcede, vt prius ἀφίσα¬

377.0 981.0 585.0 43.0 „n verſ.5. Separa te Α ποχώρο: ſed fuge, & quidem

378.0 1015.0 580.0 38.0 ſtrenuè & diligenter. Videtur autem Paulus vo¬

378.0 1047.0 580.0 39.0 luiſſe opponere hoc ſtudium noſtrum in auaritia

378.0 1077.0 580.0 42.0 fugienda illi diligentiæ indefeſſæ atque indefati¬

379.0 1110.0 580.0 38.0 gabili labori, quem in opibus cumulandis ſumũt

378.0 1144.0 580.0 50.0 auari, qui tantus eſt, vt nullum remittant tempus

875.0 1182.0 83.0 46.0 neque
