1000 1448
481.0 93.0 388.0 48.0 AD I. PAVL. AD TIM.

355.0 112.0 48.0 36.0 132

353.0 129.0 582.0 52.0 fectis vini ducta. Ea verò nimirum ſunt luxus, o¬

353.0 164.0 582.0 52.0 mnis intẽperies & libido. Vera.n. eſt illa Hiero.

354.0 198.0 580.0 50.0 ſententia, ad Titum 1. Vbicunque ſaturitas atque

356.0 227.0 581.0 54.0 ebrietas fuerint, ibi libido dominatur. Nunquã

358.0 261.0 580.0 53.0 ego ebrium caſtum putabo. Fx quo, fit vt non

358.0 293.0 578.0 52.0 tantùm ebrij & ebrioſi: ſed etiam qui ardentius

359.0 327.0 579.0 51.0 vinũ appetunt, hac voce cõprehendantur, dãnen¬

358.0 359.0 581.0 51.0 tur, atque prohibeantur, ne ſint Epiſcopi aut pa¬

358.0 390.0 581.0 52.0 ſtores Eccleſiæ: aut ſi in huiuſmodi vitia incide¬

359.0 423.0 579.0 51.0 rint, vt deponantur. Quare Vinolentia, Ebrie¬

362.0 462.0 576.0 46.0 tas, & Luxus, damnantur in Eplicopo non ab ho¬

362.0 486.0 579.0 55.0 mine: ſed à Dei ſpiritu, vt hoc notent paſtores

363.0 519.0 579.0 52.0 vinoſi & ebrioſi. Imo verò ſæpiſſimè ebrij. De

365.0 555.0 428.0 51.0 quo ipſe Calu.epiſto.370. videndus.

395.0 583.0 549.0 54.0 Hoc eodem præcepto Pauli vetantur paſto¬

363.0 616.0 576.0 50.0 res, imò verò Chriſtiani omnes conuiuia & in¬

363.0 648.0 577.0 51.0 uitationes illas ad potandum ex compacto face¬

364.0 679.0 580.0 54.0 re. Id quod etiam Ethnicis quibuſdam diſplicuit,

367.0 718.0 578.0 48.0 vt Aſſuero regi. Eſtner 1. Et contilij Laodiceni

367.0 746.0 579.0 52.0 capite 55. concilio Agathenſi cap. 4. vetitum eſt

367.0 778.0 579.0 52.0 ſeueriſſimé. Auguſtinus etiam epiſt. 65. ad Aure¬

368.0 810.0 578.0 53.0 lium Auguſt. grauiſſimè comeſſationes iſtas &

368.0 843.0 576.0 50.0 ebrietates damnat & execratur in ipſo grege, ne¬

368.0 881.0 371.0 48.0 dum in paſtoribus Chriſtianis.

403.0 908.0 543.0 52.0 Deniq; cauponas & popinas ipſas ingredi ve¬

371.0 942.0 575.0 48.0 taitur clerici, niſi peregrinentur in aliena regio¬

370.0 970.0 579.0 53.0 ne.Id quod diutiſſimè & ſanctiſſimè fuit, tum in

374.0 1004.0 573.0 51.0 Oriente, tum in tota Græcia obſeruatum: adeò

372.0 1036.0 577.0 53.0 vt miram hãc Chriſtianorum clericorum ſobrie¬

372.0 1072.0 578.0 48.0 tatem, & tanquam caſtitatem & temperantiam

371.0 1102.0 580.0 50.0 laudauerit etiã Iulianus apoſtata, nominis Chri¬

371.0 1133.0 580.0 51.0 ſtiani ifeſtiſſimus hoſtis, voluerítq; Sacerdotes

371.0 1168.0 581.0 61.0 ipſos Paganorum eodem modo cauponis & po¬

886.0 1195.0 73.0 52.0 pinis
