1000 1448
386.0 105.0 78.0 25.0 20.

477.0 88.0 389.0 39.0 AD l. TAVL. AD TIM.

380.0 119.0 581.0 47.0 vitijs, & à Sathana poſſidentur. Quod quærit

380.0 155.0 581.0 43.0 Chryſoſtom. Quid de ijs ſtatuendum ſit, qui vel

378.0 185.0 584.0 41.0 falſò laudantur ab extraneis & infidelibus, vel

378.0 219.0 584.0 45.0 immeritò vituperantur. Reſponſio facilis eſt, Ec¬

378.0 252.0 582.0 45.0 cleſiam nimirum debere iudicium ſuum adhibe¬

378.0 294.0 578.0 33.0 ner nec diimo ea iiidenam iudragio pendere,

378.0 319.0 533.0 42.0 & ſtatuere, quid de eligendo fit ſentiendum.

418.0 382.0 543.0 46.0 8 Diaconos itidem honestos, non bilin¬

382.0 423.0 576.0 50.0 gues, non multo vino deditos, non turpiter

378.0 467.0 184.0 47.0 lucri cupidos.

415.0 509.0 552.0 44.0 Tranſitio eſt, ad Diaconos enim pertinet ſe¬

379.0 547.0 581.0 38.0 queo umputatio d pręceptio, quos deſcribit Pau¬

378.0 575.0 583.0 43.0 lus, & ordine quidem. Nam de Epiſcopis prius

377.0 610.0 582.0 39.0 egerat: ſequens igitur erat, vt ageret de Diaconis.

378.0 639.0 581.0 45.0 Hos enim duos ordines Eccleſia Dei maximè

377.0 673.0 91.0 41.0 habet.

408.0 699.0 552.0 49.0 In quo duo quærũtur. I Quid vox Αιάκονος hîc

376.0 736.0 585.0 45.0 ſignificet. Ac ipſa per ſe & ex verbi etymo eſt la¬

378.0 769.0 584.0 42.0 tiſſima huius vocis ſignificatio. Omnem enim

377.0 801.0 584.0 46.0 Miniſtrum ſignificat ſiue priuatum, ſiue publicũ,

377.0 835.0 581.0 43.0 id eſt, omnem eum, qui ſuam operam ſuúmque

378.0 864.0 583.0 45.0 miniſterium alij exhibet. Vnde etiam Apoſtoli

378.0 900.0 583.0 38.0 ipſi Diaconi nonnunquam in Scriptura vocãtur.

378.0 930.0 580.0 41.0 Ex quo etiam factum eſt, vt quidam exiſtimarẽt,

377.0 962.0 584.0 45.0 hîc Diaconi vocabulum priuatum Epiſcopi fa¬

378.0 996.0 583.0 40.0 mulũ denotare, quem, qualis eſſe debeat, deſcri¬

378.0 1027.0 583.0 44.0 beret Paulus, ſed falluntur. Lata verò hæc ſignifi¬

378.0 1060.0 583.0 43.0 catio poſtea reſtricta eſt ad eos, qui in Eccleſia

378.0 1094.0 584.0 40.0 Dei ærarij pauperum curam, adminiſtrationémq;

378.0 1125.0 585.0 41.0 habent, & circa pauperum miniſterium & ſub¬

380.0 1157.0 581.0 56.0 leuationẽ occupantur, quales ij de quibus Acto.

906.0 1193.0 55.0 45.0 6.&
