1000 1448
466.0 87.0 383.0 46.0 AD I. PAVI. AD TIM.

359.0 104.0 73.0 29.0 260

358.0 117.0 584.0 59.0 cogitare poſſit. Hæc igitur ſunt quodammodo

359.0 156.0 581.0 52.0 propria viduarum opera, quia hæc aſſiduitas pre¬

360.0 187.0 582.0 48.0 cationum non poteſt pari modo à reliquis exigi

362.0 219.0 580.0 54.0 quæ non ſunt, vti viduæ, ab omnibus impedimẽ¬

363.0 253.0 583.0 48.0 tis ſolutæ, ſed occupantur in iuſta rerum dome¬

362.0 284.0 584.0 49.0 ſticarum cura, qualis erat Martha Luc 1o.verſ.4o.

397.0 318.0 548.0 49.0 Obſtant verò duo huic Pauli præcepto: è qui¬

366.0 348.0 580.0 53.0 bus primum eſt, videri Paulum magnam homi¬

366.0 381.0 583.0 54.0 num animis ſuperſtitionem iniicere, cùm Chri¬

366.0 416.0 583.0 48.0 ſtianas mulieres vult diem & noctem in preci¬

366.0 447.0 582.0 51.0 bus permanere. Atque iſtæ videntur fuiſſe ſuper¬

367.0 481.0 582.0 49.0 ſtitioſę Monacharum & Monialium inſtituenda¬

368.0 513.0 582.0 49.0 rum cauſæ, nimirum vt illæ nihil niſi precarentur:

369.0 545.0 581.0 52.0 & tum pro ſe, tum pro aliis, preces Deo aſſiduè

371.0 590.0 175.0 38.0 funderent.

393.0 607.0 560.0 52.0 Cuius etiam vitæ exemplum Meſſalianorum

369.0 641.0 587.0 50.0 hæreticorum erroribus, & moribus inductum

370.0 673.0 584.0 52.0 eſt, ſed eſt prorſus à Dei præceptis alienum. Itaq;

371.0 706.0 581.0 51.0 Pſallianorum hæreticorum ſurculus vel potius

373.0 742.0 581.0 47.0 propago miſerrima fuit iſtud Monachorum in¬

374.0 771.0 581.0 47.0 ſtitutum, vt ex Caſsiano, qui prolixè omnes iſtas

374.0 802.0 584.0 53.0 nugas deſcripſit, facile colligi poteſt. Reſpond.

378.0 835.0 578.0 50.0 Non laudari hîc à Paulo otium illud inutile &

374.0 871.0 582.0 46.0 ſuperſtitioſam precationum inſtitutionem, qua¬

374.0 900.0 583.0 48.0 lem hodie habent obſeruántque Monachi, vel e¬

377.0 933.0 579.0 50.0 ciuiii aſij Papiſtæ ſuperſtitioſi, qui ſuas etiam pre¬

374.0 969.0 583.0 45.0 ces venales habent, quemadmodum olim inter

377.0 997.0 579.0 48.0 Ethnicos præficæ illæ in funeribus adhibitę mer¬

375.0 1031.0 583.0 47.0 cenariæ: ſed tantùm oſtendit Paulus ecquod ſit

375.0 1064.0 582.0 42.0 verum & legitimum earum, quæ nullis negotiis

374.0 1097.0 584.0 43.0 domeſticis diſtrahuntur, exercitium, nẽpe, vt in iis

374.0 1126.0 584.0 50.0 quæ ſunt Dei, prorſus ſe occupent, qualis eſt ni¬

370.0 1160.0 590.0 59.0 mirum precatio, concionum aſsidua frequenta¬

916.0 1191.0 42.0 41.0 tio
