1000 1448
348.0 93.0 62.0 24.0 454

440.0 79.0 378.0 32.0 AD I. TAVL. AD TIM.

343.0 107.0 582.0 42.0 canda, longiſsimè à Dei metu, cùm penuriam at¬

345.0 146.0 580.0 38.0 que inopiam plus quàm Deum ipſum, & omnia

344.0 175.0 579.0 38.0 Dei iudicia timeat. Idcirco hic affectus meritò

344.0 208.0 581.0 39.0 quęlibet mala & animi vitia ſecum afferre dici¬

343.0 240.0 579.0 42.0 tur. Nam eadem auaritia idololatria dicta eſt, &

342.0 275.0 580.0 39.0 Dei obliuio, terrenarúmque rerum, in quibus o¬

344.0 306.0 579.0 43.0 pes ſitæ ſunt, cultus, adeò hominis ingenium aua¬

341.0 339.0 581.0 43.0 ritia peruertit. Itaque Iſai.57.verſ.17. pro ſummo

341.0 373.0 582.0 41.0 & capitali delicto auaritia recenſetur. Præterea

340.0 404.0 580.0 42.0 cùm inter vitia alia alijs ſint grauiora, hoc maxi¬

341.0 439.0 579.0 36.0 mum eſt, quod auaritia nominatur. Itaque varia

340.0 470.0 580.0 41.0 producit. Sunt denique vti virtutes inter ſe con¬

338.0 504.0 582.0 39.0 nexæ:ſic vitia quoque inter ſe vinculo quodam

339.0 534.0 579.0 41.0 coniuncta, vt qui vnum habeat plura ſimul poſſi¬

338.0 567.0 582.0 38.0 deat. Ergo hæc mens eſt Pauli: Nullũ eſt malorũ

337.0 598.0 582.0 42.0 & vitiorum genus, quod auaritia ſecũ tandem nõ

337.0 630.0 576.0 43.0 attrahat. Quod & de ſuperbia, & de alijs quoq;

338.0 664.0 578.0 41.0 vitijs dici poſſe non negat Paulus. Neque enim

336.0 697.0 579.0 35.0 dixit ſolam auaritiam radicem eſſe omnium ma¬

337.0 730.0 579.0 37.0 lorum, vt alia vitia excluderet: ſed eam, vt reliqua

335.0 761.0 581.0 42.0 alia peccata, quæ ex eadem infidelitate & diffi¬

335.0 794.0 576.0 40.0 dentia oriuntur, omnium malorum fontem eſſe.

337.0 826.0 572.0 41.0 Neque abſurdum eſt, vt plures ſint eorundem

331.0 857.0 584.0 43.0 riuorum fontes diuerſa ratione (vti terra dici po¬

334.0 892.0 577.0 37.0 teſt producere omnes fructus, quibus veſcimur,

334.0 923.0 576.0 42.0 quos eoſdẽ quoq; Sol producit) Sed ſuperbia ra¬

330.0 956.0 580.0 39.0 tione Dei, in quẽ ſeſe effert:auaritia hominũ re¬

330.0 992.0 580.0 36.0 ſpectu quos offendit, dicitur omniũ malorũ eſſe

329.0 1020.0 579.0 40.0 cauſa. P. Lombardus lib.2.diſtinct.42. cap. Præ¬

329.0 1053.0 580.0 42.0 terea ſciendum & cap.ſeq. perplexus eſt in huius

328.0 1086.0 581.0 40.0 loci explicatione. Durandus etiam in eundem lo¬

325.0 1116.0 581.0 42.0 cum quæſt.3. & 4.magis adhuc quæſtionem in¬

325.0 1150.0 580.0 49.0 uoluit & perturbat. Diſtinguunt enim iſti vitia,

795.0 1181.0 110.0 51.0 in Capi¬
