1000 1448
388.0 94.0 52.0 22.0 130

485.0 80.0 379.0 33.0 AD I. TAVL. AD TIM.

381.0 109.0 575.0 39.0 ditus erat poſtea propter ſuæ nuditatis horrorẽ

381.0 145.0 577.0 40.0 egere & veſtitu. Itaque Dominus ipſe ex ijs re¬

381.0 176.0 576.0 40.0 bus, quas in hoc mundo condiderat, aptauit con¬

378.0 207.0 579.0 40.0 fecítque veſtimentum Adamo, vt eſt Geneſ.3.

380.0 241.0 577.0 42.0 Adeò vt mundi huius & rerum omniũ, quæ ho¬

380.0 273.0 574.0 41.0 minis cauſa à Deo creatæ ſunt, vſus ſiue fructus

378.0 305.0 579.0 43.0 omnis in his duobus ſit poſitus nimirũ vt & Ala¬

380.0 339.0 576.0 41.0 mur, & Veſtiamur in hac vita vt apparet Prouer.

379.0 370.0 577.0 44.0 27.verſ.26. Eccleſ.39. verſ.31.32. In futura verò vi¬

379.0 405.0 579.0 40.0 ta neque cibo, neque potu, neque veſtimento o¬

378.0 436.0 576.0 39.0 pus habebimus: ſed in eo erimus ſimiles Angelis

378.0 468.0 580.0 42.0 beatis. Vtroque autem hîc egemus tum propter

378.0 501.0 579.0 41.0 naturæ noſtræ conditionem, in qua primum à

378.0 532.0 579.0 41.0 Deo facti ſumus (nam etiam ederet Adamus, etſi

381.0 569.0 577.0 35.0 purus & qualis creatus erat manſiſſet) tum etiam

379.0 603.0 578.0 34.0 propter peccatl labem & miſeriam, in qua iam

380.0 629.0 578.0 40.0 verſamur. Inde eſt medicamentum, veſtiment ũ

378.0 664.0 579.0 38.0 varia propter ſtomachi infirmitatem rerum ge¬

375.0 695.0 587.0 41.0 nera Sic Geneſ.28. ver ſ. 2o. duo tantùm hæc pe¬

378.0 726.0 364.0 37.0 tit à Deo Iacobus Patriarcha.

413.0 758.0 546.0 39.0 Victus autem nomine etiam potum: Veſtitus

376.0 794.0 582.0 37.0 autem etiam habitationem complectimur, quod

378.0 822.0 580.0 39.0 etiam Iuriſconſulti docent, ne hîc anguſtiſſimam

380.0 856.0 579.0 36.0 eſſe harum vocum ſignificationem putemus. Ne¬

381.0 888.0 577.0 36.0 que tamen ſic ſtrictè Victum at que veſtitum no¬

379.0 920.0 580.0 35.0 bis à Deo conc edi debemus interpretari, vt lau¬

379.0 953.0 579.0 40.0 titiarum omnium vſum denegatum eſſe exiſti¬

380.0 986.0 580.0 38.0 memus. Nam & odoribus & vnguentis vſos eſſe

379.0 1019.0 579.0 39.0 patres apparet Pſalm. 23. & nobis quoque non¬

378.0 1051.0 581.0 39.0 nunquam liberius epulari, ſuauioribus condimẽ¬

379.0 1081.0 578.0 41.0 tis vti licere, modò luxus, atque abuſus omnis,

378.0 1113.0 577.0 42.0 ebrietáſque & crapula à noſtris conuiuijs abſit,

380.0 1149.0 576.0 48.0 verum eſt, ne dum auaritiam vitare ſtudemus, in

845.0 1180.0 112.0 45.0 miſeram
