1000 1448
246.0 106.0 211.0 25.0 CAPVT III.

606.0 90.0 44.0 49.0 145

69.0 119.0 579.0 57.0 ſtinctionem. Dicuntur enim Neophyti ab iſtis ij:

73.0 160.0 578.0 49.0 qui propoſitũ alicuius religionis recẽter aſſum¬

71.0 193.0 579.0 48.0 pſerunt, ſúntque adhuc intra annum ſuæ, quam

72.0 226.0 577.0 47.0 vocant, probationis. Sic definitur cano. Quoniã

75.0 259.0 575.0 45.0 5 Neophytus diſtinct.48. Apud veteres autem a¬

69.0 290.0 580.0 46.0 lij Neophyti dicebantur, ij nimirum, qui nouiter

69.0 323.0 580.0 45.0 baptizati fuerant, & exceſſerant ex Catechume¬

67.0 356.0 580.0 43.0 nis. Catechumeni enim erant qui fidei Chriſtia¬

68.0 390.0 579.0 44.0 næ nomen dederant quidem, nondum tamen e¬

66.0 422.0 582.0 43.0 rant baptizati, quòd nondum ſatis in fide edocti

67.0 452.0 569.0 47.0 & inſtructi viderentur. Sic in concilio Chartag

65.0 488.0 273.0 41.0 4.cap.3o. appellantur.

94.0 518.0 552.0 45.0 Cur autem de hoc admonuerit Eccleſiã Pau¬

65.0 551.0 580.0 45.0 lus, ratio eſt, quòd tanta Dei dona in Eccleſiam

64.0 582.0 581.0 45.0 mirè effuſa erant, vt etiam ſæpe adhuc nouitij, &

64.0 615.0 581.0 46.0 tunc primum recepti in fidem homines excelle¬

62.0 646.0 582.0 46.0 rent magnis Dei donis, præſtanti doctrina, & in¬

64.0 680.0 579.0 46.0 genio ornati eſſent à Deo. Hos tamen vetat ad¬

63.0 711.0 580.0 47.0 mitti indiſcriminatim Paulus, quia nondum ſa¬

61.0 757.0 582.0 33.0 tis probati ſunt. Nam qui tam cito promouen¬

61.0 780.0 581.0 43.0 tur non modò turgidi ſunt, inflati & ambitioſi:

60.0 808.0 580.0 48.0 ſed etiam ſæpe regẽdæ Eccleſiæ ſunt ignari. Vn¬

61.0 840.0 580.0 48.0 de facilè in Diaboli laqueos incidunt, & ab offi¬

59.0 874.0 582.0 49.0 cio modeſtiá que abripiuntur, quæ in paſtore Ec¬

62.0 908.0 218.0 42.0 cleſiæ requiritur.

90.0 940.0 549.0 46.0 Hæc præceptio Pauli ſumpta eſt ex eo Moſis

59.0 973.0 578.0 44.0 præcepto, vt docet & vult Bernard. ſermo. 64.

59.0 1007.0 580.0 45.0 Cantic. vbi Deuter.15. vetat lex, ne in primogeni¬

58.0 1038.0 581.0 46.0 to bouis quis aret. Quæ legis interpretatio ſanè

57.0 1071.0 581.0 44.0 allegorica nimis eſt. Potius ex ipſa rerum expe¬

57.0 1102.0 583.0 45.0 riẽtia ducta eſt. Neophytos enim in omni actio¬

57.0 1138.0 582.0 44.0 num genere, ſi ſtatim promoueantur, ſuperbos

59.0 1168.0 580.0 52.0 eſſe certiſſimũ eſt. Itaq' hæc Pauli præceptio etiã

477.0 1203.0 49.0 49.0 E.j.
