1000 1448
360.0 97.0 56.0 26.0 430

458.0 82.0 394.0 37.0 AD I. PAVL. AD TIM.

353.0 111.0 577.0 46.0 dantia bonorum terrenorum hîc promittitur

353.0 149.0 578.0 46.0 nobis ea, vt nulla re egeamus, aut nunquam pre¬

354.0 182.0 575.0 43.0 mamur: ſed potius copia bonorum ſpiritualium

353.0 213.0 579.0 40.0 hîc notatut, & ſignificatur. Aliter enim pietas

353.0 248.0 580.0 42.0 dicitur quæſtus & lucrum, quàm auari opinentur

354.0 279.0 580.0 42.0 & alias opes affert quàm terrenas, nimirum cœ¬

355.0 312.0 578.0 43.0 leſtes & ſpirituales. Præterea quæ inopia & pe¬

354.0 344.0 580.0 42.0 nuria à pijs ſentitur nonnunquam, ea planè illis

355.0 374.0 578.0 45.0 ipſis ſalutaris eſt. Cedit enim illis bono, nimirum

354.0 408.0 577.0 45.0 ad fidei probationem, cæleſtis vitæ meditatio¬

356.0 443.0 578.0 41.0 nem, ſeriam pœnitentiam, & ad mundi huius o¬

357.0 475.0 577.0 42.0 dium & abrenuntiationem meditandam. Ergo

355.0 506.0 578.0 44.0 pietas alius eſt quæſtus, quàm terrenus: alia quo¬

356.0 538.0 578.0 41.0 que eſt abundantia & ἀυτάρκεια, quàm vt nihil hîc

356.0 574.0 575.0 39.0 omnino, aut nunquam nobis deſit, quoad corpo¬

353.0 603.0 581.0 40.0 ris huius commoditatem ac victum. Nonnunquã

353.0 634.0 581.0 40.0 enim deeſt, ſed quod deeſt, tamen veras diuitias

353.0 666.0 581.0 42.0 nobis non adimit, quia ſumus eo ipſo, quod adeſt,

355.0 699.0 579.0 41.0 contenti, Bernard.ſermo. 4. in Pſalm. Qui habi¬

354.0 732.0 579.0 44.0 tat. Erſi non dat ad ſa ietatem Deus, dat ad ſuſtenta¬

354.0 765.0 578.0 41.0 tionem. Magnam ſuis dat penuriam, ne multitu¬

354.0 798.0 579.0 41.0 dine prægrauentur. Idem ſermo.5. in eundẽ Pſal.

354.0 830.0 580.0 37.0 eodem modo ſcribit. Sic interpretor quod eſt

355.0 861.0 579.0 44.0 Pſalm.37. verſ.25. Puer fui, etiam ſenui, nec vidi iu¬

353.0 893.0 582.0 44.0 ſtum derelictum, nec ſemen eius quærens panem. Quid

355.0 928.0 580.0 41.0 enim de Lazaro diceremus, de quo eſt apud Luc.

355.0 960.0 580.0 39.0 16.quem abiectiſsimum mendicum, & Iro pau¬

358.0 991.0 577.0 37.0 periorem fuiſſe ſcriptura ſacra teſtatur? Quid de

358.0 1024.0 575.0 41.0 Dauide ipſo fugiente & famelico 1. Samuel.21?

357.0 1057.0 579.0 37.0 Sentiunt igitur etiam pij & fideles inopiam ter¬

355.0 1090.0 582.0 39.0 renorum bonorum, ſed eam, quæ longè illis ſalu¬

357.0 1123.0 579.0 39.0 tarior ſit, quàm copia vel abundantia, & quæ (vti

354.0 1153.0 580.0 54.0 dixi) meliores verioréſque illis opes minimè adi¬

881.0 1189.0 56.0 45.0 mit
