1000 1448
345.0 98.0 48.0 21.0 118

452.0 81.0 383.0 38.0 AD ATAVL. AMTT IM.

345.0 113.0 582.0 44.0 grauiſsima pellexerunt & inuitarunt vt ait etiam

343.0 152.0 585.0 38.0 Berna. ipſe ſermo. de conuerſis cap.29. quibus ni¬

341.0 180.0 584.0 39.0 hil eſt inter huiuſmodi cœlibes cléricos frequẽ¬

343.0 212.0 585.0 44.0 tius. Saluianus Maſsil. Epiſcopus qui vetuſtiſsi¬

343.0 245.0 583.0 43.0 mus eſt, ſic improbat iſtam coniugii continentiã

342.0 278.0 583.0 42.0 & nondum tamen prohibitionem lib. 5. de Pro¬

343.0 309.0 582.0 43.0 uidẽtia Dei. Licita non faciunt, illicita commit¬

341.0 345.0 584.0 41.0 tunt, temperant à concubſtu, non temperant à

341.0 377.0 582.0 42.0 rapina. Quid agis ſtulta perfuaſio? Peccata inter¬

341.0 408.0 584.0 44.0 dixit Deus, non coniugia. Poſt huiuſmodi igitur

341.0 444.0 583.0 39.0 conſtitutiones receptas tantum extitit coniugij

340.0 474.0 586.0 41.0 inter clericos odium, vt pro hæreticis & Nicolai¬

341.0 507.0 584.0 41.0 tis vulgo damnarentur, qui coniugium ijs licere

341.0 538.0 584.0 38.0 docerent. Itaque Arnoldus Brixianus, & ipſe

341.0 577.0 585.0 33.0 Mronaenusjæ tate Dernat ur damatus eſt, ob eam

340.0 602.0 585.0 44.0 cauſam, ſed iniuſtiſsimè. Longior hiſtoria de

340.0 634.0 583.0 43.0 hac tota re eſt apud Balæum & Centuriatores.

345.0 667.0 577.0 44.0 Quod fuiſſe inuentum Heliodori tradit Socrat.

341.0 703.0 148.0 37.0 lib.5.cap.22.

374.0 731.0 549.0 43.0 Addit Paulus vηφάλαιον quem alij ſobrium, alij

341.0 766.0 582.0 37.0 vigilantem vertunt: ſed vox ſequens σώφρονα ſo¬

340.0 798.0 583.0 42.0 brium ſignificat. Nos hoc loco vigilantem inter¬

341.0 831.0 581.0 41.0 pretabimur. Hoc ipſum eſt quod ait idem Paul.

341.0 865.0 582.0 40.0 in Epiſtola ad Titum 1.verſ. 8 ἐγκρατῆ, cui virtuti

340.0 899.0 582.0 38.0 ἐσωτία contraria eſt, quam etiam reprehendit in

341.0 929.0 580.0 41.0 Epiſcopo præſertim & paſtore, totáque ipſius

341.0 960.0 579.0 39.0 familia Paulus Tit.1.verſ.6. Hoc quidem præci¬

339.0 993.0 582.0 42.0 pit Chriſtianis omnibus Chriſtus, vt ſint vigilan¬

338.0 1025.0 583.0 42.0 tes Matth.24. verſ.42, & 25. verſ.13.tamen à paſto¬

339.0 1059.0 583.0 42.0 ribus & ijs qui aliis præſunt vigilantia multo æ¬

341.0 1093.0 579.0 39.0 quius & ſeuerius requiritur propter eorum mu¬

336.0 1123.0 585.0 41.0 nus. Eſt n.hæc vigilantia pars illius fidelitatis &

335.0 1155.0 579.0 56.0 curæ, quam ab illis exigit ſcriptura 1. Corinth.4.

849.0 1193.0 68.0 49.0 verf.
