1000 1448
599.0 75.0 43.0 47.0 431

242.0 94.0 193.0 14.0 CIEVIVI.

60.0 104.0 581.0 51.0 nego: quando quod inde malum naſci poreſt, ad

60.0 143.0 579.0 46.0 omnes peruenire poteſt, & diffundi. Quare hęc

61.0 176.0 580.0 42.0 pœna ſtatui videtur à Paulo in huiuſmodi docto¬

60.0 218.0 579.0 37.0 les & matæologos, vt excommunicentur, quæ a¬

61.0 241.0 496.0 44.0 pertè Tit.3. verſ.1o. quoque præſcribitur.

95.0 273.0 545.0 44.0 Neque verò hoc nouum eſt, vt qui doctrinam

60.0 304.0 576.0 46.0 Chriſti ſubuertunt, aut ea abutuntur manifeſtè,

62.0 337.0 574.0 45.0 quales iſti, omnino excommunicentur, atque

61.0 370.0 576.0 44.0 eiiciantur de Eccleſia Dei. Si quis venit ad vos,

58.0 403.0 579.0 45.0 inquit loannes, & hanc doctrinam non affert, ne re¬

58.0 437.0 579.0 40.0 cipite eum domum, ne Aue ei dicite 2.Ioan. verſ.1o.

60.0 464.0 578.0 48.0 Nam ſi qui Eccleſiæ admonitionem & vocem

59.0 500.0 578.0 43.0 de reconciliatione ineunda cum fratre, ſpernit,

57.0 530.0 580.0 45.0 habendus eſt, ex Chriſti præcepto, pro Ethnico

57.0 563.0 580.0 47.0 Matth. 16. quantò magis qui ipſius Chriſti vocẽ

57.0 599.0 578.0 42.0 & Dei veritatem penè totam non tantum con¬

57.0 629.0 580.0 44.0 temnit, ſed etiam apertè corrumpit? Tantùm a¬

57.0 661.0 577.0 46.0 beſt, vt is pro legitimo Eccleſiæ doctore ſit a¬

59.0 692.0 576.0 48.0 gnoſcendus, quicquid Sorboniſtæ (qui hîc gra¬

58.0 740.0 576.0 33.0 phſée depiguntur) contra ſentiant atque decer¬

57.0 760.0 577.0 44.0 nant, vt ſe ſuámque Metæologiã tueantur. Sunt

55.0 793.0 581.0 45.0 enim iſti non tantùm mercenarij paſtores, ſed

53.0 826.0 581.0 43.0 lupi, quia animas ſubuertunt, ideóque à toto cœ¬

53.0 858.0 584.0 45.0 tu Eccleſiæ arcendi, quemadmodum præclarè e¬

58.0 890.0 364.0 42.0 tiam ſentit Bernard.epiſt.237.

83.0 923.0 551.0 43.0 Cæterum ex hoc loco duplex excommunica¬

55.0 954.0 578.0 46.0 tio conſtitui non poteſt, quemadmodum quidam

57.0 987.0 535.0 42.0 volunt. Vna nimirum Priuata, altera Publica.

85.0 1021.0 548.0 43.0 Priuatam vocant, per quam quis proprio ani¬

54.0 1051.0 577.0 47.0 mi iudicio ſeſe ab eo ſegregat, quem impium vel

54.0 1083.0 579.0 47.0 improbum putat, nullo Eccleſiæ iudicio inter¬

53.0 1118.0 578.0 41.0 ueniente, aut accedente. Itaque hæc excommuni¬

53.0 1149.0 577.0 50.0 catio eſt priuatum cuiuſque de altero & fratre
