1000 1448
384.0 82.0 486.0 31.0 400 AD LTAVL. ADTIM..

378.0 142.0 579.0 41.0 Dei pro eodem ſumantur. Tertio denique loco

379.0 176.0 579.0 37.0 & ſignificato dicuntur homines Dei ἰδίως ij tan¬

381.0 208.0 577.0 38.0 tùm, qui in Eccleſia & domo Dei munus aliquod

381.0 240.0 577.0 39.0 Eccleſiaſticum legitimè habent, ſiue illud ordi¬

379.0 274.0 577.0 36.0 nariũ vt paſtores: ſiue extraordinariũ, vt Prophe¬

379.0 312.0 579.0 37.0 eu. quoupij pius quam renqui fideles ſpeciali

382.0 339.0 574.0 43.0 quodam iure Dei eſſe cenſeantur, & in eius pe¬

380.0 370.0 430.0 42.0 culio, quemadmodum olim Leuitæ.

379.0 401.0 576.0 44.0 Deniq; magis ſe totos Deo addicere hi debeãt.

379.0 435.0 578.0 42.0 Itaque κλυςικο͂ς & proprio quodam poſſeſsionis

379.0 467.0 575.0 43.0 modo dicuntur eſſe homines Dei. Sic Prophetę

378.0 499.0 580.0 43.0 homines Dei dicebantur 2. Reg.1.verſ.9.4. verſ.

379.0 532.0 578.0 39.0 16.5.verſ.8. Sic paſtores omnes à Paulo ratione

380.0 572.0 575.0 33.0 muneris 2. Flieil.5.veri.rj.non autem rationee¬

379.0 595.0 577.0 42.0 lectionis & prædeſtinationis ſuæ. Sic δῦλον, id eſt,

378.0 629.0 576.0 40.0 ſerui Chriſti in vniuerſum pij omnes dicuntur,

378.0 661.0 580.0 38.0 imprimis autem ijdem paſtores & Miniſtri, vti

378.0 693.0 380.0 42.0 ápparet ex epiſtola Iudæ verſ.1.

415.0 724.0 542.0 41.0 Vnum verò hoc loco de Chriſto ſpecialiter

379.0 758.0 579.0 40.0 nobis notandum eſt, eum & hominem Dei &

380.0 789.0 577.0 39.0 hominem Deum appellari. Hominem quidem

379.0 823.0 578.0 41.0 Dei, ratione vocationis, miniſterij, prædicationis,

380.0 855.0 577.0 41.0 vti omnes Apoſtoli, & Eccleſiæ paſtores appel¬

377.0 887.0 581.0 39.0 lantur, inter quos ipſe eſt ſummus. Nec enim

376.0 921.0 581.0 38.0 nobis verendũ eſt, ſi Chriſtũ, quatenus homo eſt,

379.0 953.0 579.0 42.0 & in his terris ſuo munere fungens, appellemus

378.0 984.0 580.0 38.0 Dei ſeruum, quod tamẽ quidam dicere reformi¬

378.0 1016.0 580.0 39.0 dant, quia ex Iſai.61. & Luc.4.verſ.18. ſatis contrà

379.0 1048.0 579.0 37.0 ſentientium ſententia refelli poteſt. Homo autẽ

381.0 1081.0 577.0 41.0 Deus, ſiue, vt Græci loquuntur, in dictionum cõ¬

379.0 1114.0 578.0 41.0 poſitione fœliciores, θεάνθρωπος eſt idem Chri¬

379.0 1148.0 579.0 54.0 ſtus ratione perſonæ & naturarum, quibus con¬

901.0 1181.0 56.0 63.0 ſtat.
