1000 1448
597.0 75.0 38.0 45.0 315

255.0 95.0 171.0 24.0 CANM V.

61.0 113.0 580.0 43.0 de quouis alio poteſt, præterquam in hoc caſu

63.0 147.0 578.0 41.0 verbo Dei expreſſo: ſi modò, qui accuſant non

61.0 178.0 579.0 42.0 ſunt omnino infames perſonæ: vt eſt præclarè re¬

61.0 209.0 580.0 45.0 ſponſum ab Euſebio Vercellenſi Epiſcopo, &

61.0 243.0 579.0 41.0 extat in canone De accuſatoribus3 quæſt.5. Pre¬

60.0 273.0 582.0 45.0 ſbyteri igitur admitti à collegis ſine teſtibus, iíſ¬

63.0 308.0 580.0 40.0 que duobus vel tribus, ne accuſatio quidem ipſa

63.0 342.0 579.0 41.0 poteſt. In quo eſt Preſbyterorum prærogatiua

62.0 374.0 579.0 41.0 præter cæteros homines hîc à Paulo expreſſa,

63.0 404.0 578.0 46.0 quia variis hominum calumnijs, multorúmque

61.0 437.0 257.0 43.0 inuidiæ ſunt obnoxij.

93.0 466.0 548.0 46.0 Teſtes autem eos hîc requirit Paulus, qui in

60.0 501.0 580.0 43.0 cæteros reos audiri & admitti poſſunt, non alios.

58.0 535.0 584.0 41.0 Ergo huius canonis & priuilegij ratio (in quo ter¬

57.0 564.0 584.0 43.0 tia hui' verſiculi pars poſita erat) apparet eſſe, nõ

61.0 599.0 580.0 41.0 quòd presbyterorum peccatis, & vitijs parcere

57.0 630.0 582.0 43.0 & conniuere ſuadeat Paulus (quos grauius pro¬

57.0 664.0 583.0 41.0 pter dignitatem peccare certum eſt) non quòd

60.0 697.0 581.0 39.0 priuilegia fori & immunitatis perſonis Eccleſia¬

57.0 729.0 583.0 40.0 ſticis tribui velit, qui Romanor. 13. omnes atque

57.0 761.0 581.0 37.0 etiam paſtores ipſos magiſtratibus ſubditos

56.0 793.0 583.0 42.0 eſſe iubet, vti & Petrus I.Pet.2.verſ.17. Non quòd

57.0 828.0 581.0 40.0 ſemina odij & ſuſpicionum inter gregem & pa¬

55.0 859.0 579.0 41.0 ſtorem ſerere, aut alere cupiat: ſed quòd rerum

56.0 898.0 582.0 35.0 iplarum experientia doceat quoſdam odiſſe prin¬

57.0 925.0 580.0 41.0 cipes & eos omnes qui ſibi præſunt: atque etiam

56.0 957.0 581.0 40.0 tantam eſſe humanæ mentis malignitatem, vt eos

58.0 987.0 579.0 41.0 qui vitia noſtra reprehendunt, maximè in odium

57.0 1020.0 579.0 38.0 ac inuidiam aliorum adducere conemur. Cui ma¬

57.0 1053.0 579.0 41.0 lo & effræni licentiæ occurſum eſſe ſapienti iſto

57.0 1085.0 293.0 39.0 remedio voluit Paulus.

86.0 1114.0 548.0 46.0 Illud autem priuilegium, vt Epiſcopi nonniſi

57.0 1149.0 576.0 59.0 a ſeptuaginta teſtibus, iiſque non Laicis homini.
