1000 1448
386.0 96.0 576.0 56.0 teſtatus ac confeſſus eſt Chriſtus, mimirum vt

386.0 131.0 576.0 54.0 Deus glorificaretur propter miſericordiam

386.0 167.0 457.0 46.0 patefactam & in homines collatam

385.0 197.0 574.0 52.0 Denique propter effectum vberrimum & ampliſ¬

383.0 229.0 576.0 51.0 ſimum quem hæc confeſſio protulit. Nam mor¬

383.0 264.0 574.0 46.0 te ipſa à Chriſto ſtatim obſignata eſt & confir¬

382.0 294.0 576.0 51.0 mata. Itaque illa confeſſio fuit veriſſimum teſti¬

381.0 330.0 576.0 46.0 monium Chriſti de voluntate Dei in ſaluando

380.0 362.0 576.0 49.0 genere humano, quæ multa, imò infinita poſtea

380.0 394.0 576.0 50.0 hominum millia Deo lucrata eſt, quos in ipſa ea¬

378.0 425.0 576.0 51.0 dem doctrina confirmauit, atque etiam hodie

377.0 457.0 577.0 53.0 confirmat. Talis quoque eſt hodie mors piorum

377.0 490.0 577.0 51.0 Martyrum. Mors autem Socratis, mors hæreti¬

376.0 521.0 576.0 50.0 corum obſtinatè ſuos errores defendentium nõ

375.0 551.0 578.0 53.0 eſt confeſſio bona, tũ quòd de hæreſi ſit iſta con¬

374.0 586.0 579.0 50.0 feſſio non de veritate Dei: tum etiam quòd non

376.0 617.0 578.0 52.0 ſit obſignatio doctrinæ, quæ pios fructus profe¬

374.0 653.0 580.0 46.0 rat. Nam Socratis mors certè non fuit Socratis

373.0 683.0 581.0 49.0 doctrinæ cõfirmatio, ſed potius fuit illius velut

373.0 715.0 579.0 50.0 extinctio quædã & ſuffocatio. Itaque cum morte

373.0 745.0 578.0 54.0 & cum cõfeſsione Chriſti nullo modo eſt confe¬

371.0 787.0 386.0 47.0 renda, nedum cum ea æquanda.

392 56 58 48 474

498 61 370 43 AD I. PAVL. AD TIM.

411.0 845.0 537.0 55.0 14 Vt ſerues hæc mandata, maculæ &

367.0 884.0 582.0 52.0 culpæ omnis expers, vſque ad illuſtrem illum

368.0 920.0 506.0 55.0 aduentum Domini noſtri Ieſu Chriſti.

397.0 974.0 551.0 49.0 Ε’ξήγηοις eſt. Docet enim iam de qua re tam

370.0 1008.0 575.0 49.0 grauem obteſtationem addiderit & præmiſerit.

369.0 1040.0 578.0 48.0 Nimirum vt paſtores omnes, imprimíſque Ti¬

367.0 1073.0 578.0 47.0 motheus ipſe ſeruet ſuperius mandatum, ídque

359.0 1104.0 586.0 47.0 conſtanter & purè donec Chriſtus illuſtri ſuo il¬

366.0 1136.0 578.0 59.0 lo & ſecundo aduentu appareat in ſuorum ple¬

880.0 1184.0 65.0 37.0 nam
