1000 1448
390.0 99.0 66.0 27.0 44*

479.0 83.0 388.0 35.0 AD f. PAVL. AD TIM.

388.0 112.0 569.0 45.0 Vnde præclarè Iuuenalis Saty.14. Sponte tamen

382.0 149.0 575.0 43.0 iuuenes imitantur cætera, ſolam Inuiti quoque

382.0 184.0 576.0 37.0 auaritiam exercere iubentur. Præterea hominum

382.0 218.0 578.0 39.0 ingenijs inhæret tum diffidentia peſsima de Dei

384.0 246.0 574.0 43.0 promiſsionibus & prouidentia: tum etiam fidu¬

382.0 281.0 576.0 38.0 cia quædam in rebus ipſis: quibus cùm caremus,

383.0 312.0 569.0 39.0 prorſum periiſſe nobis videmur. Atque vtrunq;

382.0 343.0 574.0 42.0 hoc vitium facit, vt opibus, diuitiíſque compa¬

382.0 378.0 576.0 40.0 randis ardenter admodum incumbamus, tanquã

381.0 411.0 577.0 41.0 ſolis vitæ huius tuendæ medijs cauſis, omnino &

382.0 449.0 575.0 32.0 anaus neceiſarijs. Itaque euellendum eſt ex ani¬

382.0 475.0 575.0 42.0 mis hominum tam tetrum malum, támque fallax

381.0 509.0 574.0 42.0 opinio, quæ vt venenum ſerpit. Quod hoc loco

380.0 539.0 202.0 37.0 conatur Paulus.

410.0 567.0 548.0 45.0 Quæſitum eſt autem ad quos hæc exhortatio

380.0 604.0 576.0 40.0 pertineat, vtrúmne ad ſolos doctores & verbi

378.0 634.0 577.0 43.0 Dei miniſtros, de quibus ſuperioribus verſiculis

379.0 669.0 554.0 40.0 egerat: an in vniuerſum ad omnes Chriſtianos.

380.0 701.0 575.0 39.0 Reſpond. Ad omnes. Neque enim hîc quicquam

378.0 737.0 576.0 37.0 obſeruari poteſt, quamobrem ad ſolos, vel do¬

379.0 765.0 578.0 41.0 ctores, vel paſtores Eccleſiæ hæc doctrina ſpe¬

378.0 798.0 577.0 40.0 ctet: quanquam hoc lubenter conceſſerim, ſi

380.0 830.0 574.0 41.0 quos oporteat hoc tam fœdo vitio, qualis eſt a¬

379.0 863.0 575.0 37.0 uaritia, & φιλοπλεσία carere, vnos maximè do¬

378.0 897.0 576.0 38.0 ctores paſtoréſque debere, qui cæteris vitæ ex¬

378.0 928.0 575.0 39.0 emplo prælucere debent, & in quorum animos

377.0 960.0 575.0 39.0 obrepens hoc venenum longè ſit futurum nocẽ¬

376.0 990.0 577.0 40.0 tifſimum exemplo. Præterea quicquid affert hîc

377.0 1022.0 574.0 39.0 paulus de peſſimis φιλεπλούσ́ας effectis, ex alijs

377.0 1055.0 575.0 41.0 Sacræ ſcripturæ locis ſumptum eſt, vbi vniuerſi

378.0 1089.0 574.0 43.0 pij ab hoc tam tetro deſiderio & vitio deterren¬

377.0 1118.0 67.0 40.0 tur.

409.0 1150.0 543.0 51.0 Duo verò ſunt hoc loco notanda. Primùm

881.0 1193.0 72.0 44.0 quod
