1000 1448
388.0 103.0 55.0 20.0 370

483.0 86.0 388.0 37.0 AD I. TAVE. AD TIM.

382.0 118.0 578.0 42.0 ſtola ad Galatas. Denique neque etiam aliquis

380.0 152.0 580.0 42.0 nobis obtrudat illud, quod eſt Leuitic. 1o.verſ.9.

382.0 190.0 578.0 39.0 quia & not ipluin plane antiquatum eſt à Chri¬

382.0 220.0 377.0 39.0 ſto, vti & altare & Sacerdotium.

413.0 250.0 546.0 43.0 Fuerunt tamen certa quædam cibortim gene¬

382.0 284.0 579.0 39.0 ra, quibus maximè ἐγκρατέυοντες & μονάζοντες Chri

380.0 316.0 580.0 41.0 ſtiani abſtinere ſolebant, partim ex nimia iam

382.0 351.0 579.0 39.0 ſuperſtitione, partim ex inepta virorum piorum

381.0 382.0 579.0 40.0 imitatione. Ac quidem imitatione, quòd antiqui¬

382.0 414.0 579.0 38.0 ſſimi Chriſtiani propter perſecutiones in deſerta

381.0 446.0 577.0 41.0 ac vaſtas ſolitudines fugere coacti, ſæpe herbis

380.0 479.0 580.0 39.0 tantùm, aqua pura, ſecundo pane, & ſiliquis, ſimi¬

380.0 510.0 578.0 38.0 libúſque rebus illîc vixerunt, cùm neque caro,

379.0 552.0 580.0 30.0 neque vman, neque alij cior propter incultum

379.0 575.0 578.0 41.0 locum ſuppeterent illis, neque illîc reperirentur.

379.0 607.0 581.0 36.0 Horum vitam imitari ſe putauerunt, qui tam vi¬

379.0 639.0 580.0 39.0 libus cibis poſtea, etiam ſine neceſſitate, & in me¬

380.0 672.0 294.0 35.0 dijs vrbibus victitarunt.

411.0 703.0 549.0 43.0 Superſtitione verò quidam impellebantur,

380.0 738.0 578.0 38.0 quòd iam plus ſatis externæ iſti vitæ auſteritati,

378.0 769.0 582.0 39.0 & curioſitati quadam veræ ſanctitatis ignoratio¬

379.0 803.0 583.0 40.0 ne homines tribuebant. Ergo qui ſe reliquis pu¬

378.0 835.0 584.0 40.0 riores atque mundiores eſſe inter Chriſtianos

381.0 867.0 578.0 43.0 volebant, vt ex Euſebio lib.2.cap.17 lib. 6. cap.3.

380.0 899.0 580.0 42.0 Socrate lib. 4. cap.23. aliíſque veterum locis col¬

379.0 931.0 581.0 43.0 ligitur, primum ferè aſtinuerunt his cibis (quan¬

381.0 964.0 580.0 40.0 quam tamen, vt ait Paulus Tit. I.omnia ſunt mun¬

381.0 996.0 577.0 40.0 da mundis) abſtinuerunt, inquam, Carne, Oleo,

384.0 1028.0 578.0 42.0 Vino: Oleribus interim, & reliquis rebus indi¬

380.0 1061.0 582.0 40.0 ſcriminatim veſcentes, puram etiam aquam po¬

382.0 1094.0 578.0 38.0 tantes, non condîtam, non miſtam, non ſaccaro,

382.0 1126.0 579.0 40.0 non herbis vim illius augentibus, aut vſum gu¬

381.0 1157.0 580.0 52.0 ſtúmq; gratiorem faciẽtibus temperatam. Poſt¬

930.0 1190.0 32.0 45.0 ea
