<?xml version='1.0' encoding='UTF-8'?>
<alto xmlns:xsi="http://www.w3.org/2001/XMLSchema-instance" xmlns="http://www.loc.gov/standards/alto/ns-v4#" xsi:schemaLocation="http://www.loc.gov/standards/alto/ns-v4# http://www.loc.gov/standards/alto/v4/alto-4-2.xsd">
  <Description>
    <MeasurementUnit>pixel</MeasurementUnit>
    <sourceImageInformation>
      <fileName>2013324.jpeg</fileName>
    </sourceImageInformation>
  </Description>
  <Tags>
    <OtherTag ID="BT7" LABEL="CustomZone" DESCRIPTION="block type CustomZone"/><OtherTag ID="BT8" LABEL="DamageZone" DESCRIPTION="block type DamageZone"/><OtherTag ID="BT9" LABEL="DigitizationArtefactZone" DESCRIPTION="block type DigitizationArtefactZone"/><OtherTag ID="BT10" LABEL="DropCapitalZone" DESCRIPTION="block type DropCapitalZone"/><OtherTag ID="BT11" LABEL="GraphicZone" DESCRIPTION="block type GraphicZone"/><OtherTag ID="BT12" LABEL="MainZone" DESCRIPTION="block type MainZone"/><OtherTag ID="BT13" LABEL="MarginTextZone" DESCRIPTION="block type MarginTextZone"/><OtherTag ID="BT14" LABEL="MusicZone" DESCRIPTION="block type MusicZone"/><OtherTag ID="BT15" LABEL="NumberingZone" DESCRIPTION="block type NumberingZone"/><OtherTag ID="BT17" LABEL="QuireMarksZone" DESCRIPTION="block type QuireMarksZone"/><OtherTag ID="BT18" LABEL="RunningTitleZone" DESCRIPTION="block type RunningTitleZone"/><OtherTag ID="BT19" LABEL="SealZone" DESCRIPTION="block type SealZone"/><OtherTag ID="BT20" LABEL="StampZone" DESCRIPTION="block type StampZone"/><OtherTag ID="BT21" LABEL="TableZone" DESCRIPTION="block type TableZone"/><OtherTag ID="BT22" LABEL="TitlePageZone" DESCRIPTION="block type TitlePageZone"/><OtherTag ID="BT3407" LABEL="MainZone-Continued" DESCRIPTION="block type MainZone-Continued"/><OtherTag ID="BT3408" LABEL="MainZone-P" DESCRIPTION="block type MainZone-P"/><OtherTag ID="BT3409" LABEL="MainZone-Head" DESCRIPTION="block type MainZone-Head"/><OtherTag ID="BT3410" LABEL="MainZone-Other" DESCRIPTION="block type MainZone-Other"/><OtherTag ID="BT3411" LABEL="MainZone-Sp" DESCRIPTION="block type MainZone-Sp"/><OtherTag ID="BT3417" LABEL="MainZone-Sp-Continued" DESCRIPTION="block type MainZone-Sp-Continued"/><OtherTag ID="BT3418" LABEL="GraphicZone-Decoration" DESCRIPTION="block type GraphicZone-Decoration"/><OtherTag ID="BT3419" LABEL="MainZone-Entry" DESCRIPTION="block type MainZone-Entry"/><OtherTag ID="BT3420" LABEL="MainZone-Lg" DESCRIPTION="block type MainZone-Lg"/><OtherTag ID="BT3421" LABEL="MainZone-Entry-Continued" DESCRIPTION="block type MainZone-Entry-Continued"/><OtherTag ID="BT3422" LABEL="MarginTextZone-ManuscriptAddendum" DESCRIPTION="block type MarginTextZone-ManuscriptAddendum"/><OtherTag ID="BT3423" LABEL="MainZone-List" DESCRIPTION="block type MainZone-List"/>
    <OtherTag ID="LT7" LABEL="CustomLine" DESCRIPTION="line type CustomLine"/><OtherTag ID="LT8" LABEL="DefaultLine" DESCRIPTION="line type DefaultLine"/><OtherTag ID="LT9" LABEL="DropCapitalLine" DESCRIPTION="line type DropCapitalLine"/><OtherTag ID="LT10" LABEL="HeadingLine" DESCRIPTION="line type HeadingLine"/><OtherTag ID="LT11" LABEL="InterlinearLine" DESCRIPTION="line type InterlinearLine"/><OtherTag ID="LT12" LABEL="MusicLine" DESCRIPTION="line type MusicLine"/>
  </Tags>
  <Layout>
    <Page WIDTH="1000" HEIGHT="1448" PHYSICAL_IMG_NR="320" ID="eSc_dummypage_">
      <PrintSpace HPOS="0" VPOS="0" WIDTH="1000" HEIGHT="1448">
        <TextBlock HPOS="499.71478271484375" VPOS="81.58386993408203" WIDTH="375.7581787109375" HEIGHT="33.92716979980469" ID="block_1" TAGREFS="BT18">
          <Shape><Polygon POINTS="499.715 81.5839 875.473 81.5839 875.473 115.511 499.715 115.511 499.715 81.5839"/></Shape>
          <TextLine ID="line_1" TAGREFS="LT8" BASELINE="404 108 874 105" HPOS="403.0" VPOS="82.0" WIDTH="471.0" HEIGHT="39.0">
            <Shape><Polygon POINTS="693 101 685 101 677 101 669 101 661 101 653 101 645 101 637 101 629 101 621 101 613 101 604 101 596 101 588 101 580 101 572 101 564 101 556 101 548 101 540 101 532 101 524 101 516 101 508 101 500 101 492 101 484 101 476 101 468 101 460 101 452 101 444 101 436 101 427 101 419 101 411 101 403 101 404 108 404 121 422 121 422 120 423 120 423 120 423 119 429 115 498 115 506 119 508 120 509 120 510 120 510 120 511 120 514 119 522 115 544 119 547 119 548 119 549 119 550 119 557 114 588 118 604 119 604 119 615 117 625 115 640 117 654 119 655 119 656 119 662 117 671 113 687 116 699 119 699 119 874 113 874 105 872 85 756 82 755 82 754 82 739 87 735 84 735 83 734 83 733 83 705 83 704 83 703 83 703 83 695 90 693 90 693 101"/></Shape>
            <String CONTENT="41a AD f. PAVT. AD TIM." HPOS="403.0" VPOS="82.0" WIDTH="471.0" HEIGHT="39.0" WC="0.964604236509489"/>
          </TextLine>
        </TextBlock>
        <TextBlock HPOS="403.2444152832031" VPOS="125.5076904296875" WIDTH="467.9316101074219" HEIGHT="32.16227722167969" ID="block_2" TAGREFS="BT3407">
          <Shape><Polygon POINTS="403.244 125.508 871.176 125.508 871.176 157.67 403.244 157.67 403.244 125.508"/></Shape>
          <TextLine ID="line_2" TAGREFS="LT8" BASELINE="401 147 871 146" HPOS="400.0" VPOS="123.0" WIDTH="471.0" HEIGHT="37.0">
            <Shape><Polygon POINTS="778 127 770 127 765 127 762 127 754 127 746 127 738 127 731 127 730 127 722 127 714 127 706 127 698 127 690 127 682 127 679 127 676 128 606 128 604 127 601 127 593 127 585 127 577 127 569 127 566 127 561 127 553 127 545 127 537 127 529 127 521 127 513 127 509 127 505 127 497 127 489 127 481 127 473 127 465 127 456 127 448 127 440 127 432 127 424 127 416 127 408 127 400 127 401 147 401 155 410 160 411 160 411 160 468 155 473 155 479 155 564 160 565 160 566 160 567 160 573 155 580 160 581 160 582 160 583 160 607 155 608 155 609 155 625 160 626 160 627 160 627 160 628 160 645 155 646 155 646 155 677 160 678 160 679 160 691 155 708 160 709 160 710 160 711 160 729 155 757 160 757 160 758 160 771 155 777 160 777 160 778 160 779 160 780 160 794 155 809 160 810 160 810 160 811 160 812 160 819 155 832 160 833 160 834 160 870 154 871 146 868 123 855 127 846 123 844 123 843 123 824 123 823 123 823 123 822 123 822 123 821 123 817 128 782 128 781 127 778 127"/></Shape>
            <String CONTENT="dum extat præſcriptum Exod.21.verſ.2." HPOS="400.0" VPOS="123.0" WIDTH="471.0" HEIGHT="37.0" WC="0.9943357883272944"/>
          </TextLine>
        </TextBlock>
        <TextBlock HPOS="399.0003967285156" VPOS="158.67889404296875" WIDTH="580.8683166503906" HEIGHT="354.44793701171875" ID="block_3" TAGREFS="BT3408">
          <Shape><Polygon POINTS="399 158.679 979.869 158.679 979.869 513.127 399 513.127 399 158.679"/></Shape>
          <TextLine ID="line_3" TAGREFS="LT8" BASELINE="436 178 976 180" HPOS="435.0" VPOS="152.0" WIDTH="541.0" HEIGHT="40.0">
            <Shape><Polygon POINTS="436 178 435 187 492 192 493 192 493 192 504 188 505 188 508 188 536 192 537 192 975 191 976 180 976 157 955 152 954 152 912 156 885 160 843 160 839 156 836 154 835 154 835 154 834 154 822 156 806 159 795 156 787 153 786 153 786 153 773 156 757 159 750 156 744 152 743 152 742 152 719 156 703 157 700 156 695 152 695 152 694 152 662 152 661 152 660 152 649 155 638 159 622 159 617 155 614 152 613 152 613 152 612 152 592 152 592 152 591 152 588 155 583 158 558 154 553 154 552 154 551 154 551 154 546 159 512 159 504 154 498 152 497 152 497 152 496 152 491 154 483 159 466 159 458 154 453 152 452 152 452 152 436 153 436 178"/></Shape>
            <String CONTENT="Tertia ratio eſt, ipſa ſæuities dominorum, im¬" HPOS="435.0" VPOS="152.0" WIDTH="541.0" HEIGHT="40.0" WC="0.994414333416068"/>
          </TextLine>
          <TextLine ID="line_4" TAGREFS="LT8" BASELINE="399 212 978 213" HPOS="399.0" VPOS="186.0" WIDTH="579.0" HEIGHT="40.0">
            <Shape><Polygon POINTS="399 212 399 224 565 219 572 223 576 225 577 225 578 225 579 225 585 222 594 220 613 222 630 225 631 225 657 222 671 221 695 222 773 226 774 226 775 226 785 221 787 220 799 221 835 224 836 224 913 220 916 220 927 226 928 226 929 226 930 226 947 221 963 226 964 226 965 226 966 226 977 219 978 213 978 193 962 193 962 193 955 187 954 187 954 187 935 187 934 187 934 187 933 187 925 193 924 193 900 193 899 193 886 187 885 187 884 187 843 193 839 193 761 193 760 192 753 187 752 187 751 187 750 187 725 192 724 192 724 192 692 187 691 187 691 187 690 187 684 192 683 193 588 193 588 191 581 186 580 186 580 186 579 186 399 190 399 212"/></Shape>
            <String CONTENT="primis infidelium, quæ cùm ſupra modum eſſet" HPOS="399.0" VPOS="186.0" WIDTH="579.0" HEIGHT="40.0" WC="0.9667765537897746"/>
          </TextLine>
          <TextLine ID="line_5" TAGREFS="LT8" BASELINE="400 242 978 246" HPOS="399.0" VPOS="218.0" WIDTH="579.0" HEIGHT="40.0">
            <Shape><Polygon POINTS="400 242 399 251 405 255 406 255 407 255 407 255 504 251 510 255 510 255 511 255 512 255 630 252 689 257 690 257 790 253 956 258 957 258 977 253 978 246 977 226 942 226 941 226 932 220 931 220 930 220 888 220 888 220 887 220 873 225 872 226 730 225 729 224 724 219 723 219 722 219 688 218 687 218 687 218 666 223 663 224 658 223 629 218 629 218 580 222 564 224 562 222 555 218 555 218 554 218 553 218 532 222 526 224 510 224 508 222 502 218 502 218 501 218 473 218 472 218 471 218 470 218 470 218 466 222 464 224 429 224 427 222 423 218 423 218 422 218 421 218 420 218 400 221 400 242"/></Shape>
            <String CONTENT="dura &amp; intolerabilis, videbatur æquum eſſe, vt" HPOS="399.0" VPOS="218.0" WIDTH="579.0" HEIGHT="40.0" WC="0.9808415874190952"/>
          </TextLine>
          <TextLine ID="line_6" TAGREFS="LT8" BASELINE="399 276 978 278" HPOS="399.0" VPOS="250.0" WIDTH="579.0" HEIGHT="37.0">
            <Shape><Polygon POINTS="399 276 399 287 977 287 978 278 977 259 913 251 888 251 888 251 887 251 874 258 873 259 827 259 826 257 818 251 817 251 816 251 815 251 814 251 797 257 794 259 748 259 744 257 732 251 732 251 731 251 687 256 678 258 662 258 659 256 652 250 651 250 650 250 650 250 649 250 632 256 630 256 624 250 623 250 622 250 592 250 592 250 591 250 590 250 584 255 582 257 575 255 555 251 554 251 553 251 542 255 536 258 475 258 467 255 453 250 452 250 452 250 399 254 399 276"/></Shape>
            <String CONTENT="ſe ab eo onere, iniuſto quidem &amp; ſæuo, libera¬" HPOS="399.0" VPOS="250.0" WIDTH="579.0" HEIGHT="37.0" WC="0.9989974576493968"/>
          </TextLine>
          <TextLine ID="line_7" TAGREFS="LT8" BASELINE="399 308 978 310" HPOS="399.0" VPOS="282.0" WIDTH="579.0" HEIGHT="42.0">
            <Shape><Polygon POINTS="399 308 399 319 591 316 601 321 604 322 605 322 606 322 607 322 609 321 617 317 621 321 622 322 622 323 623 323 624 323 625 324 641 324 641 323 651 321 673 317 685 321 688 323 689 323 690 323 697 322 717 318 774 322 795 324 796 324 797 324 798 324 799 323 807 318 840 318 852 323 854 324 855 324 855 324 927 324 927 324 928 324 938 319 976 324 978 310 976 283 927 291 893 291 873 284 871 283 870 283 851 283 851 283 850 283 849 283 848 284 840 291 786 291 681 286 591 282 590 282 560 286 512 282 511 282 510 282 510 282 504 287 502 288 497 287 480 282 479 282 478 282 477 282 461 287 457 288 399 288 399 308"/></Shape>
            <String CONTENT="rent ſerui Chriſtiani. Prætermitto verò rationẽ" HPOS="399.0" VPOS="282.0" WIDTH="579.0" HEIGHT="42.0" WC="0.9829545118370835"/>
          </TextLine>
          <TextLine ID="line_8" TAGREFS="LT8" BASELINE="400 341 978 341" HPOS="400.0" VPOS="316.0" WIDTH="578.0" HEIGHT="41.0">
            <Shape><Polygon POINTS="400 341 400 352 419 356 420 356 421 356 422 356 426 352 427 352 515 352 516 352 522 357 522 357 523 357 524 357 588 357 588 357 589 357 590 357 595 352 596 352 617 357 617 357 680 357 680 357 681 357 695 352 695 352 708 356 709 356 710 356 728 352 734 357 735 357 736 357 736 357 878 357 878 357 903 353 909 357 909 357 910 357 911 357 950 357 950 357 977 351 978 341 977 324 799 319 798 319 798 319 791 322 790 323 789 322 780 318 779 318 778 318 753 322 750 322 748 322 707 316 707 316 706 316 705 316 697 322 695 323 684 321 657 318 656 318 655 318 654 318 650 321 650 323 613 323 610 321 603 316 602 316 601 316 600 316 576 320 565 316 564 316 506 316 506 316 505 316 504 316 499 320 495 323 451 323 444 320 429 316 428 316 427 316 400 320 400 341"/></Shape>
            <String CONTENT="quæ ex vitioſa ſcripturæ interpretatione mani¬" HPOS="400.0" VPOS="316.0" WIDTH="578.0" HEIGHT="41.0" WC="0.9921212274095287"/>
          </TextLine>
          <TextLine ID="line_9" TAGREFS="LT8" BASELINE="399 372 977 375" HPOS="399.0" VPOS="346.0" WIDTH="578.0" HEIGHT="43.0">
            <Shape><Polygon POINTS="399 372 399 381 428 386 429 386 516 382 544 387 545 387 687 383 698 388 699 388 699 389 756 389 756 388 757 388 757 388 762 384 778 388 779 388 780 388 798 384 803 388 804 388 805 388 806 388 806 388 821 384 832 389 833 389 834 389 859 385 968 389 969 389 970 389 971 389 976 384 977 375 976 355 910 349 909 349 860 353 848 353 845 353 833 349 832 349 831 349 807 352 797 353 790 352 777 349 777 349 776 349 775 349 768 352 764 353 759 351 753 349 753 349 752 349 751 349 750 349 747 351 743 353 735 351 729 349 728 349 728 349 727 349 726 349 724 351 720 353 610 353 604 349 604 349 603 349 602 349 595 349 544 353 522 348 518 347 517 347 508 348 457 352 452 347 451 347 450 347 399 346 399 372"/></Shape>
            <String CONTENT="feſtè ducitur: nimirum quòd homines liberta¬" HPOS="399.0" VPOS="346.0" WIDTH="578.0" HEIGHT="43.0" WC="0.9922149505304254"/>
          </TextLine>
          <TextLine ID="line_10" TAGREFS="LT8" BASELINE="399 405 978 407" HPOS="399.0" VPOS="380.0" WIDTH="579.0" HEIGHT="40.0">
            <Shape><Polygon POINTS="399 405 399 415 976 420 978 407 977 386 952 382 951 382 874 386 868 386 868 386 861 382 860 382 860 382 859 382 815 386 809 386 806 386 785 381 784 381 783 381 772 385 768 381 767 381 766 381 712 381 711 381 711 381 703 385 702 385 680 381 679 381 679 381 668 385 667 386 605 386 604 385 596 381 595 381 594 381 530 384 526 384 519 380 518 380 518 380 517 380 399 383 399 405"/></Shape>
            <String CONTENT="tis Chriſtianæ nomen facilè ad licentiam carnis" HPOS="399.0" VPOS="380.0" WIDTH="579.0" HEIGHT="40.0" WC="0.995009702940782"/>
          </TextLine>
          <TextLine ID="line_11" TAGREFS="LT8" BASELINE="399 438 978 440" HPOS="399.0" VPOS="413.0" WIDTH="579.0" HEIGHT="40.0">
            <Shape><Polygon POINTS="786 415 777 415 769 415 769 415 757 418 752 419 689 419 687 418 683 415 681 415 673 415 665 415 657 415 649 415 641 415 633 415 625 415 623 415 621 417 609 415 600 415 592 415 584 415 576 415 568 415 563 417 558 415 552 415 544 415 539 415 533 418 532 419 485 419 482 418 470 415 464 415 456 415 448 415 444 418 443 418 442 418 435 415 432 415 423 415 415 415 410 415 399 417 399 438 399 448 617 452 617 452 618 452 619 452 623 448 624 448 625 448 641 452 642 452 643 452 654 448 655 448 666 448 732 453 732 453 977 448 978 440 977 419 950 415 950 415 921 418 917 419 916 418 909 413 909 413 908 413 907 413 830 417 821 413 820 413 819 413 818 413 805 418 786 414 786 415"/></Shape>
            <String CONTENT="trãsferunt, &amp; cùm ſe liberatos eſſe à Chriſto au¬" HPOS="399.0" VPOS="413.0" WIDTH="579.0" HEIGHT="40.0" WC="0.9982332415305651"/>
          </TextLine>
          <TextLine ID="line_12" TAGREFS="LT8" BASELINE="399 470 978 473" HPOS="399.0" VPOS="446.0" WIDTH="579.0" HEIGHT="42.0">
            <Shape><Polygon POINTS="399 470 399 482 463 486 464 486 502 483 521 481 536 483 564 486 565 486 566 486 575 483 579 481 583 483 592 487 592 487 593 487 594 487 601 483 604 482 607 483 618 487 619 487 620 487 743 484 773 483 775 484 785 488 786 488 786 488 822 484 831 483 835 484 847 488 848 488 849 488 977 484 978 473 977 452 957 448 956 448 732 450 596 451 583 448 571 446 570 446 560 448 551 450 399 447 399 470"/></Shape>
            <String CONTENT="diunt, omne iugum excutere conantur, quod fa¬" HPOS="399.0" VPOS="446.0" WIDTH="579.0" HEIGHT="42.0" WC="0.9930408517519633"/>
          </TextLine>
          <TextLine ID="line_13" TAGREFS="LT8" BASELINE="399 504 635 504" HPOS="399.0" VPOS="479.0" WIDTH="236.0" HEIGHT="37.0">
            <Shape><Polygon POINTS="399 504 399 516 635 516 635 504 635 485 609 479 608 479 565 483 557 484 552 483 531 479 530 479 510 482 502 484 501 482 496 479 495 479 494 479 478 479 477 479 477 479 476 479 476 480 473 482 473 483 471 482 469 480 469 479 468 479 467 479 466 479 465 479 455 481 447 484 399 481 399 504"/></Shape>
            <String CONTENT="ciunt Anabaptiſtæ." HPOS="399.0" VPOS="479.0" WIDTH="236.0" HEIGHT="37.0" WC="0.9991403950585259"/>
          </TextLine>
        </TextBlock>
        <TextBlock HPOS="398.13665771484375" VPOS="516.0810546875" WIDTH="580.7725830078125" HEIGHT="125.09869384765625" ID="block_4" TAGREFS="BT3408">
          <Shape><Polygon POINTS="398.137 516.081 978.909 516.081 978.909 641.18 398.137 641.18 398.137 516.081"/></Shape>
          <TextLine ID="line_14" TAGREFS="LT8" BASELINE="428 534 977 538" HPOS="427.0" VPOS="511.0" WIDTH="550.0" HEIGHT="39.0">
            <Shape><Polygon POINTS="734 516 726 516 718 516 710 516 702 516 694 516 686 516 678 516 670 516 662 516 654 516 646 516 637 516 629 516 621 516 613 516 605 516 597 516 589 516 581 516 573 516 565 516 557 516 549 516 541 516 533 516 525 516 517 516 509 516 501 516 493 516 485 516 477 516 469 516 460 516 452 516 444 516 436 516 428 516 428 534 427 543 441 549 442 549 443 550 976 550 977 538 976 512 933 512 932 512 931 512 920 518 866 512 854 511 853 511 847 512 827 517 740 517 739 516 734 516"/></Shape>
            <String CONTENT="Denique vt hæ rationes omnes ceſſent, æquũ" HPOS="427.0" VPOS="511.0" WIDTH="550.0" HEIGHT="39.0" WC="0.9932428681573202"/>
          </TextLine>
          <TextLine ID="line_15" TAGREFS="LT8" BASELINE="400 567 979 569" HPOS="399.0" VPOS="541.0" WIDTH="580.0" HEIGHT="43.0">
            <Shape><Polygon POINTS="400 567 399 578 404 582 405 582 406 582 407 583 484 583 484 582 510 577 519 582 520 582 521 582 777 578 801 584 802 584 802 584 822 580 904 584 905 584 905 584 916 579 979 579 979 569 979 549 960 549 960 548 953 543 952 543 951 543 950 543 950 543 936 548 935 548 901 544 900 544 899 544 883 548 882 548 881 548 869 543 868 543 868 543 827 547 786 542 786 542 758 547 757 547 676 542 675 542 647 547 645 547 625 547 590 547 573 541 572 541 572 541 481 547 477 547 476 547 466 542 465 542 465 542 464 542 449 546 421 541 420 541 419 541 400 546 400 567"/></Shape>
            <String CONTENT="eſt tamen paſtores conſolari miſeras illas perſo¬" HPOS="399.0" VPOS="541.0" WIDTH="580.0" HEIGHT="43.0" WC="0.9872182546829691"/>
          </TextLine>
          <TextLine ID="line_16" TAGREFS="LT8" BASELINE="400 600 979 602" HPOS="399.0" VPOS="575.0" WIDTH="580.0" HEIGHT="40.0">
            <Shape><Polygon POINTS="400 600 399 609 419 614 420 614 460 611 595 615 596 615 978 612 979 602 978 580 958 576 957 576 956 576 955 576 950 580 947 583 900 583 894 580 885 576 884 576 884 576 847 580 827 582 821 580 810 576 810 576 809 576 808 576 794 580 786 582 781 580 771 575 770 575 769 575 728 580 707 575 707 575 706 575 693 580 689 581 685 580 674 577 674 577 673 577 672 577 662 580 657 581 654 580 648 575 647 575 646 575 607 575 606 575 585 580 582 580 579 580 556 575 555 575 530 580 527 580 525 580 506 575 505 575 504 575 503 575 489 580 488 580 485 580 464 575 463 575 400 580 400 600"/></Shape>
            <String CONTENT="nas, &amp; ad ſuum officium alacriter faciendum ex¬" HPOS="399.0" VPOS="575.0" WIDTH="580.0" HEIGHT="40.0" WC="0.9991981082774223"/>
          </TextLine>
          <TextLine ID="line_17" TAGREFS="LT8" BASELINE="400 632 506 632" HPOS="400.0" VPOS="605.0" WIDTH="106.0" HEIGHT="42.0">
            <Shape><Polygon POINTS="400 643 436 647 437 647 438 647 439 647 444 643 444 642 445 643 455 646 456 646 456 646 506 641 506 632 506 611 432 606 431 606 430 606 428 606 420 610 401 605 400 632 400 643"/></Shape>
            <String CONTENT="hortari." HPOS="400.0" VPOS="605.0" WIDTH="106.0" HEIGHT="42.0" WC="0.9997663125395775"/>
          </TextLine>
        </TextBlock>
        <TextBlock HPOS="398.2107849121094" VPOS="641.5599365234375" WIDTH="582.2595520019531" HEIGHT="293.11602783203125" ID="block_5" TAGREFS="BT3408">
          <Shape><Polygon POINTS="398.211 641.56 980.47 641.56 980.47 934.676 398.211 934.676 398.211 641.56"/></Shape>
          <TextLine ID="line_18" TAGREFS="LT8" BASELINE="434 666 978 667" HPOS="433.0" VPOS="637.0" WIDTH="545.0" HEIGHT="43.0">
            <Shape><Polygon POINTS="434 666 433 674 493 679 494 679 511 675 514 675 518 675 547 679 547 680 608 680 608 679 609 679 615 676 617 675 623 677 634 679 635 679 636 679 670 677 696 675 839 678 891 679 892 679 901 679 954 675 976 679 978 667 977 645 948 640 947 640 946 640 934 645 933 645 905 637 904 637 903 637 902 637 882 645 880 645 868 645 755 638 754 638 753 638 735 643 729 645 711 643 676 640 675 640 674 640 666 643 661 645 655 643 640 637 639 637 610 637 609 637 609 637 608 637 608 638 603 642 600 645 582 642 547 637 502 637 502 637 501 637 500 637 500 638 496 641 492 645 474 641 451 637 450 637 434 641 434 666"/></Shape>
            <String CONTENT="Quod enim ad ſuperiores illas tres rationes," HPOS="433.0" VPOS="637.0" WIDTH="545.0" HEIGHT="43.0" WC="0.9973973374475132"/>
          </TextLine>
          <TextLine ID="line_19" TAGREFS="LT8" BASELINE="399 697 979 699" HPOS="399.0" VPOS="673.0" WIDTH="580.0" HEIGHT="41.0">
            <Shape><Polygon POINTS="399 697 399 711 438 707 462 711 464 711 465 711 471 711 541 707 574 711 588 712 588 712 589 712 595 711 603 708 611 711 621 713 621 713 622 713 635 711 648 707 657 710 665 713 666 713 666 713 688 710 707 707 747 707 750 710 753 712 753 713 754 713 755 713 756 713 831 709 839 709 839 709 846 714 847 714 847 714 848 714 888 709 894 708 896 709 905 712 906 712 907 712 948 708 953 708 954 708 969 713 970 713 971 713 971 713 972 713 979 708 979 699 979 681 942 681 941 680 934 674 934 674 933 674 932 674 931 674 911 680 909 681 815 681 810 679 786 674 785 674 784 674 774 679 773 680 699 680 696 678 687 674 687 674 686 674 659 678 653 679 651 678 644 674 643 674 642 674 641 674 618 677 592 673 592 673 556 677 539 673 538 673 481 673 481 673 480 673 479 673 473 677 472 678 461 677 436 673 435 673 399 676 399 697"/></Shape>
            <String CONTENT="planè ſunt ineptæ. Ac prima quidem, quoniam" HPOS="399.0" VPOS="673.0" WIDTH="580.0" HEIGHT="41.0" WC="0.9997716789895837"/>
          </TextLine>
          <TextLine ID="line_20" TAGREFS="LT8" BASELINE="399 729 979 732" HPOS="399.0" VPOS="703.0" WIDTH="580.0" HEIGHT="41.0">
            <Shape><Polygon POINTS="399 729 399 739 836 744 837 744 978 740 979 732 978 711 917 707 916 707 898 710 891 711 888 710 882 706 881 706 880 706 880 706 861 710 853 711 844 710 817 705 816 705 815 705 814 705 807 710 805 711 760 711 757 710 747 706 746 706 745 706 727 710 721 711 719 710 710 705 709 705 708 705 707 705 693 710 689 711 684 710 665 704 664 704 603 704 602 704 601 704 592 709 590 711 545 711 539 709 507 703 415 703 414 703 413 703 399 708 399 729"/></Shape>
            <String CONTENT="diſſimillima confundit, nẽpe ius poli, vt loquun¬" HPOS="399.0" VPOS="703.0" WIDTH="580.0" HEIGHT="41.0" WC="0.982404305934906"/>
          </TextLine>
          <TextLine ID="line_21" TAGREFS="LT8" BASELINE="399 763 979 765" HPOS="398.0" VPOS="743.0" WIDTH="581.0" HEIGHT="35.0">
            <Shape><Polygon POINTS="785 753 777 753 769 753 761 753 753 753 744 753 736 753 728 753 720 753 712 753 704 753 696 753 688 753 680 753 672 753 664 753 656 753 648 753 640 753 632 753 624 753 616 753 608 753 600 753 592 753 584 753 576 753 567 753 559 753 551 753 543 753 535 753 527 753 519 753 511 753 503 753 495 753 487 753 479 753 471 753 463 753 455 753 447 753 439 753 431 753 423 753 415 753 407 753 399 753 399 763 398 773 459 777 460 777 493 773 497 773 502 773 523 777 524 777 547 773 551 773 556 773 587 777 588 777 613 773 618 773 623 773 658 777 659 777 685 773 689 773 696 773 750 778 751 778 777 773 814 778 814 778 979 773 979 765 978 743 908 748 896 744 894 743 893 743 790 743 790 743 789 743 788 743 785 753"/></Shape>
            <String CONTENT="tur, cum iure ſoll. Nam dictum illud Pauli, quod" HPOS="398.0" VPOS="743.0" WIDTH="581.0" HEIGHT="35.0" WC="0.9863597117364407"/>
          </TextLine>
          <TextLine ID="line_22" TAGREFS="LT8" BASELINE="398 794 980 797" HPOS="397.0" VPOS="770.0" WIDTH="583.0" HEIGHT="40.0">
            <Shape><Polygon POINTS="398 794 397 806 979 810 980 797 980 778 953 772 952 772 922 777 921 777 921 777 870 772 869 772 868 772 868 772 860 777 847 777 826 777 824 777 814 772 814 772 813 772 812 772 793 777 772 777 770 777 770 777 763 772 762 772 761 772 761 772 760 772 749 777 749 777 720 777 719 777 687 771 662 771 661 771 660 771 659 771 652 777 651 777 594 777 592 777 568 770 567 770 539 770 538 770 537 770 536 770 529 776 518 776 495 776 489 770 489 770 488 770 487 770 398 775 398 794"/></Shape>
            <String CONTENT="ad noſtram ſalutis rationem prorſus referri de¬" HPOS="397.0" VPOS="770.0" WIDTH="583.0" HEIGHT="40.0" WC="0.9995418469956581"/>
          </TextLine>
          <TextLine ID="line_23" TAGREFS="LT8" BASELINE="399 828 979 830" HPOS="398.0" VPOS="802.0" WIDTH="581.0" HEIGHT="41.0">
            <Shape><Polygon POINTS="398 836 477 837 485 843 486 843 487 843 488 843 530 838 531 838 533 838 555 843 556 843 631 843 631 843 650 839 656 838 664 839 695 843 696 843 697 843 711 839 714 839 716 839 729 843 730 843 731 843 761 839 765 839 769 839 802 843 803 843 804 843 805 843 809 840 810 839 813 840 821 843 822 843 823 843 839 840 844 839 847 840 857 843 858 843 859 843 875 840 881 839 889 841 904 843 905 843 905 843 916 841 925 839 933 841 941 843 942 843 942 843 943 843 951 841 961 839 978 841 979 830 979 810 893 803 892 803 891 803 873 808 869 809 868 808 861 803 860 803 860 803 823 803 823 803 798 806 783 809 779 806 773 803 772 803 771 803 770 803 758 806 748 809 743 806 739 803 738 803 737 803 702 803 701 803 700 803 696 806 689 809 678 805 669 802 668 802 667 802 666 802 660 805 652 808 599 804 574 802 573 802 563 803 530 808 514 803 513 802 512 802 511 802 510 802 510 802 510 803 503 809 425 809 399 802 399 828 398 836"/></Shape>
            <String CONTENT="bet, transfert ad negotia ciuilia &amp; politias huma¬" HPOS="398.0" VPOS="802.0" WIDTH="581.0" HEIGHT="41.0" WC="0.9884191298484802"/>
          </TextLine>
          <TextLine ID="line_24" TAGREFS="LT8" BASELINE="399 859 979 863" HPOS="398.0" VPOS="835.0" WIDTH="581.0" HEIGHT="42.0">
            <Shape><Polygon POINTS="399 859 398 868 456 874 457 874 503 870 555 876 555 876 596 876 596 876 597 876 609 871 679 876 680 876 681 876 682 876 687 871 697 876 698 876 699 876 720 872 735 876 736 876 736 876 737 876 751 872 774 876 775 877 803 877 803 876 804 876 805 876 810 872 837 876 838 876 839 876 848 872 859 877 860 877 860 877 978 872 979 863 979 843 962 837 962 837 961 837 960 837 943 843 938 838 938 837 937 837 936 837 935 837 897 842 887 837 886 837 885 837 818 841 810 836 809 836 808 836 807 836 806 836 784 842 760 836 759 836 758 836 757 836 749 842 748 843 699 843 697 842 680 835 679 835 654 835 654 835 653 835 652 835 643 841 642 841 485 841 485 840 473 835 473 835 472 835 399 839 399 859"/></Shape>
            <String CONTENT="nas, cùm tamen vtriuſque rei ſit planè diuerſa &amp;" HPOS="398.0" VPOS="835.0" WIDTH="581.0" HEIGHT="42.0" WC="0.988854113817215"/>
          </TextLine>
          <TextLine ID="line_25" TAGREFS="LT8" BASELINE="399 892 980 895" HPOS="398.0" VPOS="867.0" WIDTH="582.0" HEIGHT="45.0">
            <Shape><Polygon POINTS="399 892 398 904 436 910 437 910 509 905 592 911 593 911 615 906 634 911 635 911 636 911 765 906 798 912 798 912 822 907 847 907 856 912 857 912 858 912 859 912 860 912 880 907 948 911 949 911 979 906 980 895 980 876 967 868 967 868 933 868 932 868 931 868 930 868 923 875 914 871 913 871 913 871 883 874 874 875 869 874 849 868 848 868 847 868 847 868 838 873 836 874 832 873 819 871 818 871 802 872 787 875 777 872 758 867 757 867 757 867 756 867 746 872 741 874 732 872 714 867 713 867 712 867 703 872 695 875 633 875 617 870 608 867 607 867 606 867 605 867 601 870 592 874 515 874 501 868 497 867 497 867 399 867 399 892"/></Shape>
            <String CONTENT="diſſimilis ratio, etiam ex ipſo Dei verbo conſti¬" HPOS="398.0" VPOS="867.0" WIDTH="582.0" HEIGHT="45.0" WC="0.9871813606242744"/>
          </TextLine>
          <TextLine ID="line_26" TAGREFS="LT8" BASELINE="398 925 469 925" HPOS="398.0" VPOS="902.0" WIDTH="71.0" HEIGHT="38.0">
            <Shape><Polygon POINTS="398 925 398 940 469 940 469 925 469 909 432 902 432 902 398 905 398 925"/></Shape>
            <String CONTENT="tuta." HPOS="398.0" VPOS="902.0" WIDTH="71.0" HEIGHT="38.0" WC="0.9987803339958191"/>
          </TextLine>
        </TextBlock>
        <TextBlock HPOS="398.9840087890625" VPOS="936.7958984375" WIDTH="582.562744140625" HEIGHT="261.453857421875" ID="block_6" TAGREFS="BT3408">
          <Shape><Polygon POINTS="398.984 936.796 981.547 936.796 981.547 1198.25 398.984 1198.25 398.984 936.796"/></Shape>
          <TextLine ID="line_27" TAGREFS="LT8" BASELINE="430 958 980 959" HPOS="429.0" VPOS="930.0" WIDTH="551.0" HEIGHT="43.0">
            <Shape><Polygon POINTS="430 958 429 971 979 973 980 959 979 938 958 937 953 932 952 932 951 932 886 932 885 932 884 932 884 932 884 933 879 937 876 939 842 939 838 936 833 932 832 932 831 932 807 932 806 932 792 935 782 937 779 935 776 933 776 932 775 932 774 932 755 932 754 932 753 932 748 934 740 938 558 938 551 933 551 933 550 933 532 931 517 931 516 931 515 931 514 931 503 937 494 933 493 933 493 933 464 937 430 930 430 958"/></Shape>
            <String CONTENT="Secunda ratio continet paralogiſmum à dicto" HPOS="429.0" VPOS="930.0" WIDTH="551.0" HEIGHT="43.0" WC="0.9962827563285828"/>
          </TextLine>
          <TextLine ID="line_28" TAGREFS="LT8" BASELINE="398 990 980 991" HPOS="397.0" VPOS="964.0" WIDTH="583.0" HEIGHT="42.0">
            <Shape><Polygon POINTS="398 990 397 999 501 1005 502 1005 684 1001 688 1004 688 1005 689 1005 690 1005 691 1005 719 1002 725 1006 726 1006 727 1006 728 1006 847 1002 944 1006 945 1006 979 1001 980 991 979 970 952 970 951 970 945 965 944 965 943 965 942 965 777 968 690 970 676 967 660 964 573 964 572 964 572 964 563 966 551 969 398 965 398 990"/></Shape>
            <String CONTENT="ſecundum quid ad dictum ſimpliciter. Quæ enim" HPOS="397.0" VPOS="964.0" WIDTH="583.0" HEIGHT="42.0" WC="0.9797872834735446"/>
          </TextLine>
          <TextLine ID="line_29" TAGREFS="LT8" BASELINE="399 1022 979 1024" HPOS="398.0" VPOS="996.0" WIDTH="581.0" HEIGHT="39.0">
            <Shape><Polygon POINTS="399 1022 398 1032 978 1035 979 1024 979 1003 959 998 958 998 958 998 897 1003 889 1003 782 1003 781 1002 774 997 773 997 773 997 772 997 771 997 759 1001 757 1002 749 1001 715 997 714 997 689 1001 680 1002 672 1000 657 998 656 998 655 998 649 1000 645 1002 641 1000 634 997 633 997 633 997 632 997 621 1000 614 1002 568 1002 565 999 560 996 559 996 559 996 558 996 557 996 547 999 543 1002 491 1002 487 999 483 996 482 996 481 996 481 996 399 998 399 1022"/></Shape>
            <String CONTENT="de Hebræis ſeruis ſanxit Dominus: ea neque in" HPOS="398.0" VPOS="996.0" WIDTH="581.0" HEIGHT="39.0" WC="0.9991476032469008"/>
          </TextLine>
          <TextLine ID="line_30" TAGREFS="LT8" BASELINE="399 1054 979 1056" HPOS="399.0" VPOS="1030.0" WIDTH="580.0" HEIGHT="39.0">
            <Shape><Polygon POINTS="399 1054 399 1069 979 1068 979 1056 979 1036 972 1031 971 1031 971 1031 970 1031 912 1036 905 1031 905 1031 904 1031 903 1031 902 1031 884 1035 839 1031 838 1031 803 1036 785 1031 784 1031 783 1031 748 1036 747 1036 746 1036 730 1031 729 1031 728 1031 699 1036 698 1036 697 1036 684 1030 683 1030 642 1030 641 1030 641 1030 631 1035 609 1030 609 1030 565 1035 563 1036 461 1036 460 1035 454 1030 453 1030 452 1030 452 1030 399 1034 399 1054"/></Shape>
            <String CONTENT="perpetuum, neque apud omnes homines locum" HPOS="399.0" VPOS="1030.0" WIDTH="580.0" HEIGHT="39.0" WC="0.9861704736221127"/>
          </TextLine>
          <TextLine ID="line_31" TAGREFS="LT8" BASELINE="399 1086 980 1090" HPOS="399.0" VPOS="1061.0" WIDTH="581.0" HEIGHT="41.0">
            <Shape><Polygon POINTS="399 1086 399 1097 568 1097 574 1098 593 1101 594 1101 595 1101 603 1098 605 1097 607 1098 616 1101 617 1101 617 1101 644 1098 653 1097 661 1098 694 1102 695 1102 753 1098 760 1098 765 1098 807 1102 808 1102 827 1098 829 1098 830 1098 835 1102 836 1102 837 1102 838 1102 879 1098 907 1102 908 1102 979 1098 980 1090 980 1068 965 1063 964 1063 963 1063 864 1068 854 1068 851 1068 817 1062 816 1062 773 1067 771 1067 769 1067 742 1062 741 1062 740 1062 727 1067 725 1067 724 1067 703 1063 702 1063 642 1066 641 1066 634 1061 633 1061 633 1061 632 1061 564 1066 556 1066 554 1066 531 1061 504 1061 503 1061 502 1061 502 1061 496 1065 496 1066 447 1066 446 1065 441 1061 440 1061 440 1061 439 1061 399 1065 399 1086"/></Shape>
            <String CONTENT="habere debent, ſed in populo Iudæorum. Fuit" HPOS="399.0" VPOS="1061.0" WIDTH="581.0" HEIGHT="41.0" WC="0.9975526208101317"/>
          </TextLine>
          <TextLine ID="line_32" TAGREFS="LT8" BASELINE="399 1119 981 1121" HPOS="399.0" VPOS="1094.0" WIDTH="582.0" HEIGHT="39.0">
            <Shape><Polygon POINTS="399 1119 399 1133 980 1131 981 1121 981 1097 814 1094 813 1094 812 1094 807 1097 801 1100 787 1097 775 1094 774 1094 773 1094 766 1097 759 1100 696 1100 613 1099 611 1098 603 1094 602 1094 601 1094 551 1098 537 1098 528 1098 495 1094 494 1094 493 1094 479 1098 474 1099 470 1098 463 1095 462 1095 461 1095 399 1098 399 1119"/></Shape>
            <String CONTENT="enim ea lex politica, non moralis. Denique ter¬" HPOS="399.0" VPOS="1094.0" WIDTH="582.0" HEIGHT="39.0" WC="0.9832954825238979"/>
          </TextLine>
          <TextLine ID="line_33" TAGREFS="LT8" BASELINE="399 1151 982 1154" HPOS="398.0" VPOS="1127.0" WIDTH="584.0" HEIGHT="41.0">
            <Shape><Polygon POINTS="399 1151 398 1163 534 1166 535 1166 536 1166 537 1166 541 1163 543 1162 543 1163 547 1166 547 1166 548 1166 625 1167 626 1167 660 1163 666 1163 670 1163 690 1167 691 1167 691 1167 692 1167 697 1163 698 1163 765 1163 779 1163 867 1168 868 1168 981 1163 982 1154 982 1134 934 1128 892 1128 891 1128 890 1128 889 1128 882 1133 880 1133 853 1129 852 1129 851 1129 843 1133 842 1133 837 1128 836 1128 835 1128 835 1128 776 1132 773 1132 768 1127 767 1127 766 1127 722 1127 721 1127 720 1127 720 1127 714 1132 713 1132 710 1132 679 1127 678 1127 677 1127 676 1127 671 1131 670 1133 617 1133 610 1131 583 1127 582 1127 560 1131 557 1131 553 1131 522 1127 521 1127 399 1130 399 1151"/></Shape>
            <String CONTENT="tia ratio, peccat in modo. Etſi enim remedium" HPOS="398.0" VPOS="1127.0" WIDTH="584.0" HEIGHT="41.0" WC="0.989559539159139"/>
          </TextLine>
          <TextLine ID="line_34" TAGREFS="LT8" BASELINE="399 1186 979 1186" HPOS="399.0" VPOS="1160.0" WIDTH="580.0" HEIGHT="55.0">
            <Shape><Polygon POINTS="399 1186 399 1205 408 1201 415 1205 433 1214 434 1214 435 1214 436 1214 456 1205 464 1201 517 1201 523 1205 536 1213 537 1213 538 1213 539 1213 539 1213 552 1208 562 1214 563 1214 563 1214 564 1215 677 1215 677 1214 678 1214 718 1204 729 1201 740 1204 758 1208 759 1208 760 1208 772 1204 780 1201 785 1204 799 1211 800 1211 856 1214 857 1214 858 1214 888 1204 895 1201 940 1201 943 1204 950 1209 951 1209 952 1209 953 1209 979 1203 979 1186 979 1167 914 1167 882 1160 881 1160 842 1166 819 1160 818 1160 818 1160 817 1160 816 1160 809 1167 769 1167 757 1160 756 1160 755 1160 718 1166 692 1160 691 1160 628 1164 534 1160 533 1160 532 1160 517 1166 477 1160 476 1160 475 1160 464 1166 455 1160 454 1160 453 1160 418 1160 417 1160 416 1160 399 1166 399 1186"/></Shape>
            <String CONTENT="aduerſus inhumanam dominorum ſæuitiem que¬" HPOS="399.0" VPOS="1160.0" WIDTH="580.0" HEIGHT="55.0" WC="0.998631938582375"/>
          </TextLine>
        </TextBlock>
        <TextBlock HPOS="878.93310546875" VPOS="1199.8975830078125" WIDTH="102.843994140625" HEIGHT="34.28662109375" ID="block_7" TAGREFS="BT17">
          <Shape><Polygon POINTS="878.933 1199.9 981.777 1199.9 981.777 1234.18 878.933 1234.18 878.933 1199.9"/></Shape>
          <TextLine ID="line_35" TAGREFS="LT8" BASELINE="880 1218 983 1221" HPOS="880.0" VPOS="1195.0" WIDTH="103.0" HEIGHT="43.0">
            <Shape><Polygon POINTS="880 1218 880 1235 939 1232 950 1238 950 1238 981 1238 983 1221 983 1203 956 1203 955 1202 943 1196 942 1196 942 1196 917 1201 895 1195 894 1195 893 1195 893 1195 880 1200 880 1218"/></Shape>
            <String CONTENT="rendum" HPOS="880.0" VPOS="1195.0" WIDTH="103.0" HEIGHT="43.0" WC="0.99976780017217"/>
          </TextLine>
        </TextBlock>
      </PrintSpace>
    </Page>
  </Layout>
</alto>
