1000 1448
224.0 94.0 193.0 17.0 CAEVTVI.

569.0 63.0 47.0 52.0 439

46.0 109.0 572.0 44.0 miſeram ſuperſtitionem incidamus. Nam nõ ad,

46.0 146.0 571.0 39.0 metitur parcè nobis ſua dona Dominus, etiam

45.0 186.0 572.0 34.0 tetrend, ieunuerame protign aeque profun¬

46.0 212.0 517.0 39.0 dit, quibuscum gratiarum actione vti licet.

78.0 242.0 540.0 42.0 Ex hoc etiam loco duo colliguntur. Primùm

46.0 274.0 572.0 42.0 cùm nos victu & veſtitu contentos eſſe iubeat

46.0 306.0 573.0 43.0 Paulus, eóque & tenui & mediocri, non exquiſi¬

45.0 341.0 574.0 39.0 to, non diti, verum eſſe quod dicitur paucis cõ¬

45.0 371.0 575.0 42.0 tentam eſſe naturam. Id quod etiam Ethnici ipſi

45.0 403.0 575.0 40.0 ſenſerunt, & Aulus Gellius ex Euripide docet.

45.0 444.0 575.0 31.0 Præclare quoq, Horatius. Pracc. Ild.I. cpiſtol.

74.0 467.0 545.0 45.0 Pauper enim non eſt, cui rerum ſuppetit vſus:

73.0 501.0 547.0 44.0 Si ventri bene, ſi lateri eſt, pedibúſque tuis, nil

74.0 534.0 490.0 40.0 Diuitiæ poterunt regales addere maius.

44.0 563.0 576.0 47.0 Ex quo falſa apparet eiuſdem Horatij ſententia

42.0 600.0 289.0 37.0 illo eodem lib.1.epiſtol.

74.0 629.0 543.0 43.0 Exilis domus eſt, vbi non & multa ſuperſunt.

45.0 661.0 236.0 44.0 Euripid in Medea.

74.0 959.0 543.0 40.0 Secundum autem eſt. Non impediri tamen

41.0 987.0 578.0 43.0 nos, quo minus de bonis & facultatibus noſtris

39.0 1020.0 578.0 43.0 teſtemur, eáſque alijs relinquamus, etſi huius

40.0 1053.0 577.0 42.0 mundi & earum rerum, quæ ſunt in eo, propriè

40.0 1086.0 578.0 41.0 domini proprietariíque non ſumus: ſed tantùm

40.0 1117.0 577.0 38.0 vſufructuarij. Nam etſi hæc, quæ habemus, non

39.0 1151.0 578.0 49.0 aſportamus nobiſcum, relinquimus tamen, quia

156.0 694.0 259.0 43.0 Τὸ γύθί&ς ζην ἐπ ἰσοῖσι

101.0 728.0 359.0 43.0 Κρείατον ἔμοιγ ἐν, ἐἰ μὴ μεγάλως.

41.0 768.0 572.0 34.0 Eadem enim præſtant tenues mediocréſque o¬

41.0 795.0 574.0 43.0 pes, atque magnæ. Et quæ nos ſalubriter ſatíſq;

40.0 830.0 577.0 40.0 alunt atque tegunt omnino vſum eundem præ¬

39.0 860.0 518.0 42.0 ſtant, quem immenſæ regum ipſorum opes

74.0 892.0 451.0 41.0 Magna fuge, licet ſub paupere tecto.

69.0 925.0 501.0 41.0 Reges, & regum vita præcurrere amicos.
