1000 1448
592.0 108.0 38.0 46.0 307

263.0 116.0 176.0 26.0 CAPVT V.

65.0 135.0 575.0 53.0 moda. Non vult autem magnas opes & honores

66.0 170.0 571.0 50.0 congeri in Miniſtros Paulus, etſi duplici honore

62.0 201.0 573.0 53.0 dicit dignos. Rectè Chryſoſto. Ego eccleſiæ præ

61.0 235.0 574.0 49.0 ſules audenter dixerim, ait, nihil præter victum &

60.0 274.0 576.0 42.0 vertieu habcre oporteresverim.cap.o.ver. 8. expli

57.0 300.0 579.0 49.0 cabitur. Præclarè quoque Eraſmus. Sacerdotes &

59.0 333.0 562.0 48.0 prædicatores quidã nihil ſunt, niſi decimatores.

91.0 366.0 542.0 45.0 Obſtat autem quod propriis manibus victum

57.0 396.0 576.0 52.0 ſibi quæſiuit ipſe inſeruiens eccleſiis: ergo ipſi

55.0 429.0 574.0 50.0 θιωτικà ſibi comparare debent. Actor.2o. ver.34

57.0 461.0 576.0 51.0 Reſpond. ex Chryſoſto ne paſtores inopia coa¬

53.0 493.0 576.0 50.0 cti à ſtudiis & melioribus rebus diſtrahantur,

54.0 526.0 559.0 47.0 iis victum eſſe ab eccleſia ſuppeditandum.

53.0 559.0 576.0 48.0 Nam & victum ſibi manibus artificióque quære

50.0 592.0 580.0 47.0 re, & ſuo muneri ſupereſſe ſimul non poſſunt Mi

50.0 622.0 578.0 52.0 niſtri, niſi dona illa prophetiæ & cognitionis ſcri

49.0 655.0 576.0 52.0 pturarum egregia haberent, extraordinaria qua

50.0 686.0 573.0 54.0 lia certè habuit Paulus. Pluſquã belluina ingrati

50.0 719.0 571.0 53.0 tudo eſt denegare carnalia ei, qui tibi cœleſtia

51.0 754.0 575.0 50.0 prębet vt loquitur Paul. Ro.15.v.27. Neque ne¬

48.0 786.0 576.0 48.0 gat Paulus ſe ab vllis eccleſiis vnquam accepiſſe

47.0 818.0 576.0 50.0 ſtipendium.2. Corinth.11.verſ. 8.ſed eo tm abſti¬

45.0 851.0 578.0 49.0 nuiſſe, cùm eccleſiæ ędificatio id fieri poſtulabat.

44.0 884.0 577.0 48.0 Eodẽ modo eſt reſpondendũ, ſi quis obiiciat Ne

44.0 916.0 577.0 52.0 he.5.ver.15 Reſ. Nehemiã id feciſſe propter popu

44.0 948.0 577.0 49.0 li paupertatem: nõ autẽ ꝙ victum exigere ab eo

43.0 981.0 577.0 46.0 non licuiſſet. Itaq; nõ eſt lex generalis illud Pauli

45.0 1013.0 576.0 47.0 vel Nehemiæ factum, ſed ſingulare quoddã pro

45.0 1046.0 573.0 48.0 temporis ratione aſſumptũ. Et certè nimis ſunt

41.0 1077.0 577.0 49.0 impudentes Catabaptiſtæ, qui illius facti & exẽ¬

44.0 1110.0 573.0 50.0 pli prȩtextu omnes verbi Dei Miniſtros ad ma¬

41.0 1143.0 575.0 49.0 nualia opera cogendos eſſe contendunt, vt victũ

41.0 1176.0 574.0 61.0 comparent: aduerſus quos pręclarè Bulling lib.2.

467.0 1217.0 56.0 51.0 u.ij.
