1000 1448
267.0 119.0 195.0 16.0 CANvI III.

76.0 128.0 581.0 47.0 ex Dei verbo ſumptum eſt: ſed humanum planè

77.0 168.0 581.0 42.0 commentum eſt dum nimium Eccleſiaſticæ poli¬

76.0 201.0 581.0 41.0 tiæ formam & regimen ad ciuilis diſciplinæ nor¬

77.0 232.0 581.0 42.0 mam homines exigunt contra præceptũ & Chri¬

75.0 264.0 582.0 41.0 ſti Luc 22. verſ.25. & Petri 1. Pet. 5. verſ.3. Idem

76.0 296.0 582.0 44.0 docet Auguſtinus Epiſt. 19. hæc honorũ diuerſa

77.0 329.0 580.0 41.0 vocabula & diſtincta ex hominum tantùm con¬

75.0 362.0 583.0 43.0 ſuetudine, non ex Dei verbo introducta & re¬

76.0 394.0 582.0 42.0 cepta in Eccleſia eſſe. Nam neque tempore A¬

76.0 426.0 581.0 40.0 poſtolorum hæc diſtinctio in Eccleſia fuit: neque

76.0 458.0 575.0 44.0 Epaphroditum, quem remittit Philippenſ.neq:

74.0 492.0 581.0 42.0 Archippum, quem Colloſſis agentem exhorta¬

74.0 524.0 582.0 41.0 tur Paulus, aut Epiſcopum, aut Presbyteris præ¬

75.0 555.0 583.0 44.0 poſitum appellat. Imo Irenæ. Higinum Epiſcopũ

76.0 588.0 578.0 42.0 Roma. ſemper Presbyterum vocat, vt docet Eu¬

74.0 621.0 581.0 41.0 ſeb. lib.5 cap.26. nunquam autem Epiſcopum, aut

74.0 652.0 581.0 43.0 Presbyteris præpoſitum. Et cùm nihil ſit ad Dei

75.0 686.0 579.0 39.0 verbum addendum dicimus omnino temerè, id

73.0 716.0 578.0 41.0 introductum fuiſſe & receptum in Ecleſijs Dei:

74.0 749.0 579.0 42.0 & hæc illius tyrannidis, quæ poſtea miſerrima ir¬

73.0 782.0 580.0 40.0 repſit in Eccleſiam, veriſſima ſemina & funda¬

74.0 813.0 579.0 45.0 menta dico fuiſſe: vti apparet ex Epiſt.3. Ioannis

74.0 848.0 574.0 41.0 vbi Diotrephes φιλόπρωτέυων damnatur v.9. Atq;

73.0 879.0 580.0 41.0 varia eſſe huius proeſtaſiæ incommoda docet

72.0 913.0 578.0 40.0 Caluinus cùm Epiſt. 375. tum in ſuis commenta¬

71.0 945.0 582.0 44.0 rijs in Epiſt. ad Philip. cap.1. quanquam is fuit ve¬

74.0 979.0 579.0 41.0 tus mos, & iampridem receptus, vt apparet ex

74.0 1008.0 576.0 43.0 Nicena Synodo prima vti ex Ruffino docuimus.

78.0 1040.0 573.0 44.0 Vnde igitur & cur primum eſt introductus? Reſ.

73.0 1073.0 575.0 44.0 Primùm quidem, vt ex Epiph. & Hieronym. ap¬

74.0 1107.0 576.0 41.0 paret, hoc Alexandriæ inſtitutum fuiſſe, præter

72.0 1140.0 578.0 41.0 morem cæterarum Eccleſiarum. Cur autem, ra¬

72.0 1171.0 577.0 52.0 tio eſt, vt ait Hieronym. nimirum vt ſciſmatum

496.0 1209.0 39.0 41.0 8.1
