1000 1448
604.0 102.0 13.0 41.0 3

251.0 111.0 174.0 24.0 CAPVT V.

62.0 130.0 579.0 46.0 non eſt iam in his terris, neque in medio noſtri

62.0 166.0 579.0 44.0 verſatur ſiue viſibilis, ſiue inuiſibilis præſentie, vt

59.0 200.0 579.0 42.0 noſtras actiones oculis cernat, modo: ſed tantùm

62.0 232.0 577.0 43.0 quà Deus eſt & omnia hęc inferiora videt. Rectè

61.0 263.0 577.0 44.0 tamẽ Ieſus Chriſtus dicitur teſtis omnium actio

61.0 297.0 577.0 45.0 num noſtrarum, quia ille Deus & homo, eſt vnica

59.0 329.0 579.0 44.0 tantùm perſona, quæ hypoſtatica vnione vtra¬

59.0 362.0 580.0 44.0 que illa natura conſtat. Neque hîc curioſè diſ¬

61.0 394.0 577.0 42.0 putandum eſt, Vtrum humana Chriſti natura,

60.0 427.0 577.0 41.0 quæ in cœlos euecta eſt, omnia, quæ hîc in terris

57.0 460.0 580.0 41.0 geruntur, ex ſeſe ſciat. Quanquam enim ſupra

57.0 493.0 580.0 41.0 omnes angelos dignitate! eſt euecta, tamen illa

55.0 525.0 582.0 40.0 non eſt in deitatem mutata, vel deificata. De ſo¬

56.0 556.0 580.0 38.0 lo Deo dicitur illum, quæ hîc fiunt, omnia noſſe

54.0 588.0 581.0 43.0 & videre: quanquam Chriſtum, qui homo eſt ad

56.0 628.0 574.0 35.0 Dei dexteram exaltatus, non tantùm ea ſcire, quę

53.0 653.0 580.0 43.0 angeli, fatemur: ſed omnia, quę ad eccleſię ſuæ ad¬

54.0 684.0 577.0 44.0 miniſtrationẽ, totiúſq; huius mundi curã quam à

55.0 716.0 576.0 46.0 patre acceptã habet, pertinẽt & ſpectãt, habere

53.0 752.0 217.0 40.0 nota & perſpecta.

82.0 782.0 547.0 43.0 Addit, electis Angelis. Primũ electos vocat, vt

51.0 815.0 578.0 44.0 eos diſtinguat à malis Angelis qui vulgò dicũtur,

49.0 848.0 582.0 40.0 & qui à Chriſto Angeli Diaboli, id eſt, maledicti

49.0 881.0 577.0 44.0 nominantur in Math.25. verſ. 41. deinde docet, ꝙ

49.0 913.0 580.0 45.0 hi ipſi angeli propter cuſtodiam fidelium ſibi à

50.0 946.0 579.0 42.0 Deo demandatam interſint eccleſiæ cœtibus, &

48.0 977.0 580.0 44.0 actionibus eccleſiaſticis, tanquam teſtes & ſpe¬

49.0 1012.0 578.0 41.0 ctatores paſtorum negligentiæ vel temeritatis:

47.0 1042.0 580.0 44.0 vel perfidiæ, ſi quam admittant. Meritò igitur ter

46.0 1075.0 581.0 42.0 tio loco citantur. Sunt enim ſpiritus Miniſtrato¬

45.0 1106.0 582.0 44.0 rij, qui ad ſubſidium fidelium & piorum à Deo

44.0 1141.0 585.0 40.0 mittuntur. Itaque actiones noſtras norunt. Inci¬

43.0 1172.0 581.0 52.0 dunt autem in hunc locũ variæ quæſtiones, quas
