1482 2195
499 146 66 58 18

676 141 593 58 AD I. PAVL. AD TIM.

499 194 867 70 lieno nomine pinguntur, id eſt, homicidas a dul¬

499 249 868 57 teros, &c. luſto etiam eſt vtilis Lex. primum quia

499 303 865 58 viam iuſtitiæ inchoanti perfectionem docet & o¬

499 347 866 64 mnis virtutis eſt noima. Pelagius putauit eate¬

497 394 870 65 nus Dei verbum & Legem vtilem eſle, quatenus

499 444 864 59 tantùm eſt liber continens doctrinam morum,

499 492 771 61 contra quem variè diſputauit Auguſtinus.

503 539 862 65 Exlegibus autem hominibus eſſe poſitam Le¬

499 589 865 65 gem poteſt videri mirum, ſed verum eſt, quia vt

502 639 859 58 coerceret hominum rebellionem poſita Lex eſt,

499 685 783 65 & exlegibus poſita eſt, ne mancant exleges.

534 735 828 54 Hîc autem deſcribuntur gradus nequitiæ: &

497 780 868 62 primùm fontes ipſi duo, R. bellio, & Cõtumacia

499 829 864 62 in Legem, ex quibus riuuli iſti fluunt, duo ſcilicet,

499 884 865 51 Impietas ad primam tabulam, & Peccatum, id eſt

499 927 863 56 offenſio proximi ad ſecundam tabulam pertinẽs.

501 973 861 65 Hæ res paruæ primum, poſtea creſcunt, & diſſo¬

499 1023 859 61 lutiores fiunt, adeò vt tandem euadant homines,

502 1070 860 62 Nefarij, id eſt, publicè & nullo pudore peccan¬

499 1119 860 63 tes, & Profani. Inde infinita genera vitiorum na¬

497 1167 859 62 ſcuntur, quæ reuocat ad tria genera, Vim Libidi

497 1219 859 51 nem, Fraudes ſiue furando ſiue mentiendo fiant.

496 1269 862 58 Decimum verſiculum explicuimus in Ethicis

496 1310 160 65 noſtris.

556 1405 804 75 11 Quæ eſt, ſecundum glorioſum Euã¬

494 1465 863 82 gelium beati Dei, quod concreditum eſt mihi

519 1548 839 55 Denique eaſdem quæſtiones inutiles docet

494 1600 864 58 contrarias eſſe Euangelio ipſi. Commendat

487 1647 865 56 autem Euangelium nomine, Glorioſi à differen¬

489 1693 867 61 tia ſcilicet quæ noneſt de ſcriptura, ſed de effe¬

485 1745 870 74 ctu intelligẽda, Dei ab authore, quem vocat non

1200 1793 145 69 tantùm
