1482 2195
516 131 63 67 28

664 112 560 76 AD I. PAVL. AD TIM

514 164 870 87 proprium argumentum, quod digreſſione illa

514 216 872 78 ſuperiori de vocatione miraculoſa Pauli fuerat

513 263 868 83 interruptum. Ergo poſtquam à quibus vitijs Pa¬

514 314 872 80 ſtori Eccleſiæ ſit cauendum docuit, adiicit quæ

516 366 872 76 ſit ſumma totius muneris ipſorum, nempe & vt

523 413 863 73 Fidem ſanam habeant, & Conſcientiam bonam

518 458 869 81 & integram. Fidei nomine doctrinam vniuerſam

522 509 866 75 intelligit, quæ ex puro Dei verbo docetur in Ec¬

523 558 863 80 cleſia:imprimis autem Euangeliũ ſignificat, quæ

526 609 860 77 pars Scripturæ fidem nobis propriè proponit,

523 658 863 73 Bona conſcientia ad ipſius paſtoralis muneris

522 704 868 71 executionem pertinet. Facit enim illa, vt ſyncerè

523 752 867 75 rectè & integrè, quemadmodum oportet, in to¬

524 799 869 78 to & vitæ & vocationis noſtræ curſu verſemur,

526 850 862 77 & nauigemus, donec ad portum peruenerimus.

526 895 866 83 Eſt autem is portus mors. De vtraque ſup. copio¬

527 959 171 62 ſè verſ.5.

574 989 821 76 Ex hoc autem loco facilè intelligi poteſt, ec¬

530 1039 868 79 quod paſtoris munus eſſe velit Paulus. Id quod i¬

531 1086 862 80 pſe Tit.1.verſ.9. amplius docet & Petrus I Pet.5.

535 1140 863 75 verſ.2. Nempe vt paſcant gregem Domini ver¬

532 1187 865 73 bo Dei, quod proprium eſt animorum alimen¬

532 1235 866 75 tum. Ad quod & doctrina pura, ſiue ſana cogni¬

531 1282 867 75 tione illius verbi opus eſt: & prudenti ſynceráque

534 1332 864 74 eiuſdem diſpenſatione, & ὀρθοτομίᾳ vt loquitur

536 1379 862 74 Paulus ipſe inf. 2 Timoth. 2 id eſt, ne ſit perſona¬

534 1430 866 75 rum acceptator Miniſter verbi Dei: ſed exactor

535 1478 868 78 à quoque officij, & cultus Dei. Quod ſi idẽ tunc

536 1524 863 80 de officio Epiſcopi receptum & cõſtitutum fuiſ¬

534 1575 868 78 ſet, quod poſtea & in Papatu conſtitutum eſt, cer¬

535 1624 863 72 tè neq; doctrinã neque bonã conſcientiã cõmen

536 1674 868 72 daret & requireret in Epiſcopo Paulus. Quanquã

536 1718 868 90 enim Epiſcopũ explorandum & exanimandũ illi

1242 1766 163 62 ſcribunt
