1482 2195
777 126 326 52 EPISTOLA.

509 179 845 66 ctè conſtituendam regendámque ſuam

506 234 856 70 Eccleſiam neceſſariam, quàm ſub veteri

507 291 849 58 deſcripſerat. Id quod cùm ex variis aliis

508 346 845 68 noui Teſtamenti locis apparet: tũ maxi¬

506 404 851 61 mè ex libro Actorũ, ex prima Pauli epiſto¬

507 457 848 67 la ad Corinthios, ex hac ad Timotheum,

507 513 848 68 & vna illa, quæ eſt ad Titũ ſcripta:in qui¬

506 572 850 67 bus omnibus quicquid ad legitimam Ec¬

506 630 854 65 cleſiæ gubernationem, & diſciplinam Ec¬

504 684 854 63 cleſiaſticam maximè pertinet, ſiue totam

507 739 848 65 ipſam Eccleſiam, ſiue priuatos regendos

506 797 849 63 ſpectes in qua illud totum accuratè & co¬

508 850 842 65 pioſè deſcriptum eſt. Vnde mirum & ab¬

503 904 852 68 ſurdum ſæpe mihi videri ſolet, quòd tot

506 967 846 61 poſtea canones, tot ſynodorum decreta,

502 1019 851 65 tot Eccleſiæ conſtitutiones, tum genera¬

501 1075 852 62 les, tum particulares ad conſtituendam

502 1129 850 69 diſciplinam Eccleſiaſticam fuerunt con¬

499 1185 853 70 ſcriptæ. Quid enim his fuit opus? Sed ma¬

504 1246 840 62 gno contemptu & ignorantia eorum pre

501 1296 857 70 ceptorum, quæ ab Apoſtolis ipſis, id eſt, à

499 1351 853 69 Dei ſpiritu antea tradita fuerant id certè

499 1407 851 70 factũ fuit, quòd hæc diuina præcepta ſper¬

499 1465 850 61 nerẽt homines, vt ſua cõmenta, vt tradi¬

499 1518 846 71 tiones, ſæpe etiã ineptiſſimas, at diſcipli¬

492 1576 851 67 næ ipſo Dei verbo præſcriptæ contrarias

491 1628 849 75 in Eccleſiam Deil inueherent. Quid igi¬

487 1690 840 75 tur, dicet quis, éſtne verbo Dei, & in no¬

1262 1747 71 74 no
