1482 2195
402 146 257 48 CAPVT I.

935 156 38 53 30

124 194 868 70 perciti. Ex ea igitur ſcilicet bona cõſcientia torũ

125 251 859 61 vitæ noſtræ curſum regere debemus. Quod autẽ

125 298 861 57 bonam conſcientiam homines Ethnici commẽ¬

121 344 866 61 dant, quale eſt illud, Nil conſcire ſibi nulla pal¬

126 392 855 59 leſcere culpa. Hic murus aheneus eſto. &, Con¬

123 439 862 60 ſcientia mille teſtes. item, Bono viro nihil præ¬

121 490 865 59 ter culpam præſtandum, & cætera huiuſmodi:

121 535 861 65 vim quidem teſtimonij conſcientię demonſtrãt,

123 589 864 57 quanta ſit: præcipuum tamen periculum, quod

119 630 868 64 ex ea ſpreta metuendum eſt, nõ oſtendunt, quod

123 677 864 62 eſt hoc, amiſſio & euerſio veræ fidei doctri¬

123 727 862 68 næ, & cognitionis de noſtra ſalute & Dei erga

123 777 331 66 nos miſericordia.

135 872 847 65 20 Ex quibus Hymenæus & Alexãder:

123 930 857 69 quos tradidi Satanæ, vt diſcant non blaſ¬

126 987 207 80 phemare.

131 1060 853 67 Hoc ipſum duobus exemplis confirmat, Hy¬

124 1115 861 61 menæi & Alexandri, de quorum altero agit hic

128 1165 854 59 ipſe in 2 Tim. 2.V. 17. cuius errorem qualis fuerit

124 1210 860 66 deſcribit, in quẽ Alexãdrũ quoq; incidiſſe veriſi¬

123 1258 859 65 mile eſt. Fuit autẽ hic Alexander Epheſius Act.

125 1314 859 55 19.V. 13. Vtrunque autem ad terrorem cæterorũ

123 1355 859 62 pſeudopaſtorum punit Paulus excommunica¬

125 1402 859 61 tione quam ſolenniter antea in Eccleſia factã

124 1451 860 62 fuiſſe verum eſt. Hîc autem eam repetit, vt intel¬

125 1497 861 63 ligant omnes, quo iudicio digni ſint omnes hæ¬

124 1548 865 61 retici obſtinati. Verba autem hæc tradidi Satana

129 1595 858 61 quid ſignificent, D. Beza in I Corinth.5. verſ.5.

128 1647 859 57 explicuit, ad quem lectorem remitto. Nam illîc

129 1691 863 62 melius explicatur, quàm in canon. Audi denique.

128 1738 859 71 De forma vero Papiſticæ excom municationis

742 1807 90 58 Ciij.
