1482 2195
385 139 269 62 CAPVT. I.

914 130 46 89 12

144 194 816 75 Charitas) Et ad Deum, & ad homines referri

97 247 861 71 poteſt hæc charitas, quia Dei verbum vtrunque

95 294 859 70 docet & Deum & homines diligere. Nos tamen

95 344 859 73 de charitate ea, quæ proximum ſpectat, hoc loco

95 389 244 55 intelligemus.

93 434 853 75 Huic igitur charitati addit, Cor purum, Con¬

91 486 858 70 ſcientiam bonam, Fidem veram & ſynceram.

93 535 857 69 Per quæ tria non tantùm vera charitas deſcri¬

95 586 854 65 pta eſt, ſed etiam fundamentum illius & vſus de¬

91 632 860 70 monſtratur, ne hanc charitatem, quam finem

90 682 856 70 præcepti dixit, putemus eſle quiddam otioſum,

89 730 860 69 & contemplatiuum, vt quidã fingunt. Eſt.n. affe¬

90 777 854 70 ctus charitas qui in animis noſtris eſt, non vt la¬

89 827 651 65 teat: ſed vt ſeſe proferat ipſo opere.

134 872 813 74 Quia igitur charitas eſt animi affectus huiuſ¬

86 925 859 62 modi, Duo habeat oportet nempe, Veritatem

84 970 799 65 & Opus, vt docet Ioann: in 1. Epiſt.3. verſ.18.

128 1018 814 67 Cor purum) habet charitatis veritatem. Itaque

85 1068 854 71 opponitur cordi ( Impuro, quod ſordida & fœ¬

467 1123 416 61 ditates amat & diligit

389 1167 549 66 ( Ficto ſeu duplici, quod non

81 1210 856 75 eſt integrum & purum à ſimulatione & hypo¬

81 1262 658 63 criſi tum in Deum, tum in proximos.

121 1307 823 73 Conſcientia bona) vſum, & opus illius habet.

81 1355 856 75 Nam & finem actionum noſtrarum regit, & cir¬

79 1405 858 73 cunſtantias prudenter tractat & perſpicit in agẽ¬

78 1452 859 72 do. Tunc enim eſt bona conſcientia in nobis cùm

74 1502 861 70 cor noſtrum nos non condẽnat, ſed coram Deo

74 1546 861 75 licet atteſtari nos & rectum finem habuiſſe, &

76 1597 855 74 diligenter omnia, quæ circunſpicienda erant,

74 1645 623 70 perſpexiſſe, quantum in nobis fuit.

116 1700 814 69 Fides autem eſt moderatrix, aut potius regula

71 1745 860 83 & norma vtriuſque, quæ docet ex Dei verbo nos
