1482 2195
371 144 279 60 CAPVT II.

891 164 57 59 63

91 197 858 70 Ac in ſeſe debent eſſe Caſtæ, & Modeſtæ. Cœtus

93 252 859 64 autẽ Eccleſiaſtici ratione, Silentes, & Diſcentes.

139 301 813 61 Primùm igitur ait. Itidem, Nam ne ſe à con¬

91 348 860 63 ſortio & com municatione precum Eccleſiæ ex¬

90 397 861 62 cludi propter ſexus infirmitatem, & maiora viro¬

89 444 861 67 rum priuilegia putent mulieres Chriſtianæ, do¬

90 494 859 62 cet eundem illis aditum ad Deum patere, & ean¬

90 541 863 61 dem orandi fiduciam dari, quam ſuprà viris eſſe

90 589 859 58 conceſſam oſtendit. Deus enim ſuas promiſſio¬

91 639 859 61 nes vtrique ſexui communes propoſuit: & tam

89 685 860 55 dicitur Sara parens & mater fidelium mulierum

93 730 766 62 quàm Abraham fidelium virorum 1.Pet.3.

136 779 813 62 Communis vtriſque Baptiſmus, Cœna Domi¬

88 827 861 61 ni, Prædicatio Euangelij, fides, & gloria æterna,

90 875 859 64 quia vtriſque cõmunis eſt imago Dei. Ergo mu¬

88 922 866 65 lieres,vti & viros, orare, & Deum precari vult: ſed

89 973 861 65 tacitas, non autem in cœtu eas preces fundere &

90 1020 857 62 concipere. Vult autem Paulus eas eſſe in cœtu

93 1064 854 65 Domini amictas & veſtitas Honeſtè, Verecundè

89 1115 858 62 & Modeſté. Atque huic muliebii cultui & orna¬

90 1164 856 60 tui opponit, Cincinnos & calamiſtros, Aurum &

91 1217 855 58 argentum, margaritas in veſtibus, Pretioſum ſiue

88 1258 856 64 ſumptuoſum veſtitum. Denique opera bona ab

88 1305 859 69 illis requirit & efflagitat, quæ opponuntur omni

89 1355 855 61 impudicitiæ, vanitati, ambitioni, faſtui muliebri.

91 1402 855 67 Decent aurẽ maximè opera bona fœminas Chri¬

89 1451 149 67 ſtianas.

139 1495 806 73 Ac primùm ſimilis eſt locus.1.Pet.verſ.3.Tit.2

96 1548 223 55 verſ.2.Iſai.3.

138 1590 806 70 Diſſimile videri poteſt exemplum & factum

93 1638 851 70 Eſtheræ: Eſth.cap.5 & ludithæ, quæ ſe comit &

93 1691 850 66 ornat aliquid actura egregium, Reſpond. Non

93 1738 851 80 agi illîc de precibus, nec de cœtu Eceleſiæ adeũ¬
