1482 2195
770 161 294 43 EPISTOLA.

491 197 856 74 Sic illa eiuſdem verbi Dei pars, quę diſci¬

492 258 855 72 plinæ Eccleſiaſticæ præcepta tradit, hu¬

492 314 855 68 ius Eccleſiæ, velut corporis iam ſuis

491 369 857 65 membris cõſtantis, ſed nudi veſtimẽtum,

492 431 858 63 cultum, & ornamentum compingit &

492 486 860 66 conſarcinat, quò decorè veſtiri poſsit, vt

494 541 858 58 ex eo quanta ſit vtriuſque, id eſt, doctrinæ

494 596 854 63 & diſciplinæ Eccleſiæ inter ſe conſenſio

496 652 856 70 cõiunctióque, ſatis iã intelligi poſsit. Erit

494 711 859 64 enim cœtus hominum, etiam eorum, qui

497 765 850 65 puram Dei prædicationem amplexi ſunt,

496 819 854 66 velut nudum quoddam, & ſuis ornamen¬

496 875 856 60 tis carens, & deſtitutum corpus, niſi diſci¬

499 930 857 64 plinam Eccleſiaſticam ad veritatis lucem

496 987 859 65 & profeſſionem adiunxerit. Denique illa

496 1042 857 68 eadem diſciplina rectè cuſtos ipſius fidei,

496 1100 854 65 doctrinæ, mater virtutum, vinculum ho¬

497 1155 858 62 neſtatis, neruus ſocietatis Chriſtianæ à

497 1210 856 69 Patribus Eccleſiaſticis appellatur: cuius

491 1269 867 65 certè tanta vis eſt, vt ſola illud conciliet

501 1324 854 63 Eccleſiæ, quod decorum, venuſtatem,

499 1379 859 69 ſplendorem, & ornamentum appellamus,

499 1436 855 65 adeóque ſpecioſam eam reddat, vt ab hæ¬

499 1490 859 67 reticis (qui iſtius diſciplinæ fuerunt ſem¬

497 1546 863 66 per hoſtes maximi & infeſtiſſimi ) inuidio¬

499 1602 859 67 ſo nomine lenocinium vt ait Tertull.

497 1660 865 66 Eccleſiaſtica diſciplina diceretur. Cùm

497 1715 859 80 ſit igitur hæc diſciplina illa iuſtitiæ

1253 1779 100 74 pars
