1482 2195
394 141 286 61 CAPVT II.

920 153 47 56 32

109 203 407 61 dante) explicabuntur.

158 248 814 63 Loquitur autem imprimis Paulus de publicis

111 294 864 66 Eccleſiæ precibus, nõ de ſingulorum Chriſtiano¬

109 347 865 64 rum priuatis precationibus, quæ fiunt à quoque

113 392 862 62 domi & in conclaui. Nec enim has in domibus

111 441 864 68 ſingulorum fidelium paſtores facere debent: vel

113 496 208 56 ſufficiunt.

128 535 846 67 Sed primo loco quæſitum eſt. Quot ſint pa¬

112 586 865 61 ſtoralis curæ & muneris partes, vt intelligatur

116 634 859 62 quàm rectè & ordine omnia perſequatur Paulus

113 679 861 67 Reſpondẽt Canoniſtæ eſſe tres. Aſtaria ſiue ba¬

112 734 868 53 ſilicas totas conſecrare: virginibus benedicere:

113 775 864 60 Eccleſiaſticos ordines diſtribuere, vt diximus

113 824 864 65 ſupra ex canon. Perlectis S Ad Epiſcopum Di¬

113 872 864 66 ſtinct. 25. Hæc Euangelici miniſterij definitio

114 920 861 67 prorſus inepta eſt, & vana, cùm nihil huic ſimile

114 969 863 63 doceat ſcriptura. Quare illi ipſi ſe reuocant, &

116 1020 859 57 alibi corrigunt, & melius ſapiunt tota diſtinct. 85.

118 1067 859 62 Nam docent Epiſcoporum munus eſſe vt doceãt

116 1113 861 61 corripiant, liberales ſint. Priora duo reipſa pars

116 1164 863 62 ſunt paſtoralis muneris: tertium & poſtremum

116 1210 863 65 non item, ſed illi cum omnibus Chriſtianis com¬

116 1260 861 62 mune. in Epiſt. verò ad Hebræos cap.5.verſ.1, 8.

116 1307 860 56 verſ.3. 9. verſ. 24. dicitur fuiſſe officium Sacerdo¬

116 1357 861 62 tis offerre, & precari pro populo. Paulus in Epiſt.

116 1405 869 61 ad Titum 1.verſ.9. inf. cap.4. verſ. 11. 2 Timoth.4.

121 1452 860 63 verſ. 2. ait, miniſterium Euangelicum poſitum

121 1502 856 57 eſſe in eo, vt paſtores doceant ſanam doctrinam,

118 1547 861 63 refutent falſam, denuntient & corripiant ſiue in¬

123 1600 859 56 crepent aberrantes in Eccleſia. Hîc autem addit

121 1647 868 60 etiam ad eoſdem paſtores pertinere, vt ipſi precẽ¬

123 1695 867 56 tur publicè pro tota Eccleſia, & præcipuis illius

124 1745 860 66 membris. Ratio eſt, I. quia, vt ait Chryſoſtom.

725 1790 99 67 c.iiij.
