1482 2195
386 151 343 51 EPISTOLA

116 203 854 73 pars & regula, per quam externus ordo,

114 259 856 69 & totius Eccleſiæ legitima adminiſtratio

116 317 850 72 præſcripta eſt, quis eam ſpernendam ne¬

118 371 854 71 gligẽdámue vnquã exiſtimauerit? Cuius

116 426 859 71 inſtitutio non tantum ſub nouo teſtamẽ¬

116 485 858 62 to fieri cœpta eſt: ſed et iam in lege veteri

118 539 857 68 à Deo ipſo iam olim tradita fuit, vt in li¬

116 594 860 65 bello de Politia Iudaica doctiſſimè iã pri¬

116 649 851 73 dẽ docuit Cornelius Bertramus Hebrai¬

116 708 858 71 cæ linguæ profeſſor eruditiſſimus, & col¬

118 764 859 68 lega meus. Quid enim aliud ſibi volunt

118 819 859 70 illa Dei præcepta, quæ Leuiticam tribum

118 877 859 69 à reliquis diſtinguuntvt ex ea ſola mini¬

121 932 849 71 ſtri tẽpli eligantur: quæ in ipſa tribu Leui¬

121 989 854 63 tica iura Sacerdotũ & Leuitarũ diſcernũt,

123 1045 854 67 quæ quãta ſummi Sacerdotis, quãta alio¬

121 1098 854 74 rũ ſit poteſtas deſcribũt? quę qui ritus cui¬

126 1158 850 70 q; ſacrificiorũ generi, quę libamina, quæ

123 1210 859 69 oblatio ſit neceſſaria deffiniunt? denique

124 1270 855 65 tota ipſa lex ceremonialis vetus à Deo

126 1322 853 74 ipſo dictata, quid aliud, obſecro, eſt, quàm

125 1382 852 64 ampliſſima & luculentiſſima diſciplinæ

126 1433 853 72 Eccleſiaſticæ deſcriptio, nõ tantum autẽ

130 1491 849 70 quædam illius delineatio? Nec verò mi¬

128 1548 850 70 nus benignè Deus per Apoſtolos ſub

129 1605 850 68 nouo teſtamento eandem diſciplinam

130 1656 845 78 nobis inſtituit vel potius collapſam in¬

130 1717 850 81 ſtaurauit & reſtituit: vt pote omnino ad re¬

780 1773 54 84 iiij
