1482 2195
431 171 250 48 CAPVT I.

962 186 25 46 2

124 219 861 57 hominum: in quo eſt commendatio muneris. Ni¬

126 269 859 64 hil enim niſi apprimè ſalutare habet legatio &

126 318 860 62 munus huiuſmodi & à Chriſto demandatum &

126 367 859 57 Dei ipſius ordinatione ſiue decreto. In quo ineſt

128 413 856 58 confirmatio huius muneris. In hac autem ſtatim

128 466 857 61 epigraphỹ apparet tum ſummum amoris Pauli

125 512 859 61 erga Timotheum & luculentiſſimum teſtimo¬

125 559 861 62 niũ: tum illius muneris & Apoſtolatus firmamen¬

125 608 859 61 tum maximum. Quod non ipſius quidem Timo¬

126 657 859 61 thei gratiâ fit, ſed aliorum, quos admoniturus e¬

124 707 860 62 rat Timotheus, nec quidẽ tàm ſuo, quàm Pau¬

125 754 857 62 li nomine & authoritate. Itaque hanc authorita¬

126 804 860 57 tem aſſertam prius confirmatámque eſſe opor¬

125 850 859 57 tuit. Deinde ipſius quoque Timothei & confir¬

128 896 854 61 mandi & commendandi apud Eccleſiam cauſâ,

128 945 854 57 qui à Paulo miſſus erat, hoc additum eſt, quò

125 994 857 58 iuſtior ipſius vocatio appareat, Pauli vocatione

125 1041 857 53 ſemel ſtabilita, etſi de ea Epheſij incerti eſſe non

130 1092 850 58 potuerunt, inter quos vixit per biennium Paulus.

129 1137 851 64 Nihil autem hoc loco fit à Paulo oſtentationis

129 1185 853 54 & iactantiæ animo, ſed quòd muneris autho¬

125 1237 859 57 ritatem defendi aduerſus quorundam impoſtorũ

125 1282 856 65 calumnias oportuit, vidít que pro temporis cir¬

126 1332 855 56 cunſtantia eſſe neceſſe. Cæterum docet hic lo¬

128 1378 852 65 cus à quo mitti de beamus & vocari, nẽpe à Deo.

128 1428 852 60 Nemo enim vſurpat ſibi honorem Hebr. 5.V.4.

126 1477 855 61 etſi non omnes extraordinariè (vti Paulus) vo¬

128 1525 145 51 cantur.

176 1562 805 69 Finem autem, & cauſſam tanti Dei beneficij

129 1623 853 58 erga homines oſtendit, dum appellat Deum ſer¬

129 1670 855 60 uatorem. Quia enim Deusnos ſeruare vult, etiã

129 1717 858 61 mitti ad nos, qui ipſius Euangelium & volun¬

126 1765 859 72 tatem annuntient. Pſal.74.Luc 13.verſ.34. id eſt,

729 1830 88 53 a. ij
