1482 2195
486 144 51 57 13

621 129 590 67 AD I. PAVL. AD TIM.

497 180 863 79 quò ſpectare debeamus, quid odiſſe, quid dilige¬

497 239 863 68 re, & quomodo pro cuiuſque vocatione nos ge¬

494 285 863 63 rere. Itaque coniungenda eſt cum verbo Dei. Nõ

499 331 861 65 vult autem Paulus hanc fidem eſſe hypocriticam

499 382 863 67 quæ ſpeciem tantùm pietatis & metus Dei præ

501 430 771 70 ſe ferat: ſit tamen ab vtroque remotiſsima.

542 476 820 70 Hæc fides igitur ad cognitionem ipſius do¬

499 524 868 63 ctrinæ refertur, quæ in nobis eſſe debet ἐν ἀληθείᾳ

502 572 865 65 vt loquitur Coloſſ.I verſ. 6.id eſt, & qualem eſſe

503 622 863 70 ex Dei verbo oportet, nõ autem qualis ex noſtris

507 670 859 74 aut hominum commentis, & ſenſu haberi, for¬

504 727 312 63 maríque poteſt.

561 817 807 75 6 A quibus quum quidam vt à ſcopo a¬

504 877 856 71 berrarint, deflexerunt ad vaniloquentiam

549 957 826 73 Confirmatio ſuperioris ſententiæ à contrario.

506 1010 868 69 Nam qui ab hoc ſcopo deflexerunt, inciderunt

504 1059 868 67 in miſeram vaniloquentiam, & inutile ſtudium,

507 1108 868 67 quantumuis magni aliorum Doctores eſſe vellẽt

508 1155 863 65 vel viderentur. Hæc verò Pauli ſentẽtia pulcher¬

506 1210 868 65 rimam confir mationem recipit non tantùm ex

506 1250 867 69 hæreticorum doctrina, qui vanitati illi planè de¬

507 1300 870 70 diti fuerũt, relicto veræ Theologiæ ſcopo vt Va¬

508 1348 868 65 lentiniani Manichei & alij: ſed imprimis ex ſom¬

508 1395 867 72 nijs Scholaſticorum, qui nunc ſoli Theologi vi¬

511 1446 867 67 deri, & dici (ſi Deo placet) volunt. Hinc apud

509 1496 868 67 eos portenta quæſtionum, & myriades natæ inu¬

508 1545 873 62 tilium diſputationum, in quibus tota ætas tamen

509 1592 868 66 teritur. ac de quæſtionibus quidem hæc ſunt pau¬

512 1647 228 57 ca exempla.

567 1688 816 65 I Vtrum gratia qua nos diligit Deus, & nos

512 1733 873 72 viciſsim Deum ſit eadem. Vtrum quid creatum

1332 1783 53 66 ſit
