1482 2195
508 123 19 53 7

649 128 549 57 AD I. PAVL. AD TIM.

497 178 865 61 Precatus) blanda & modeſta ad monitio: quæ eo a¬

494 228 869 64 cutius pungit & magis ſeriò, quò maior eſt Pauli

494 276 867 61 in Timotheum authoritas, id eſt, præceptoris &

494 326 865 61 patris in filium, & diſcipulum ius & affectus.

501 373 857 63 Vtrunque autem poteſt Paſtor, Denuntiare vt

494 419 862 63 præfectus & paſtor: & Precari vt frater2 Teſſal.

499 471 859 59 3.V.I2. Nam quam hîc ſibi nõ tribuit, dat Timo¬

492 517 866 63 theo poſtea poteſtatem:nimirum, Denuntiandi

492 566 863 56 & quaſi iubendi. Hîc autem nihil de Papali au¬

491 614 862 60 thoritate & Petri iure agitur in Timotheo E¬

492 663 863 54 pheſo præficiendo, cuius conſenſus in Timotheo

494 711 860 61 vocando non interuenit, neque à Paulo eſt vel

492 757 445 60 quæſitus, vel expectatus.

541 804 812 63 Annotauit Eraſ. lucidiora eſſe Græca, quàm

491 854 859 60 Latina, quod verum eſt, & repetendum eſt ali¬

494 902 856 63 quid ἀπό τοῦ κοινοῦ, ſic Quemadmodum te rogaui,

492 951 859 64 vt permaneres Epheſi, maneto, vt denunties, & c.

491 995 494 60 Sic enim facilè fluit ſenſus.

535 1044 815 61 Proficiſcerer in Macedoniam, Hæc eſt tertia

490 1095 860 63 profectio (quemad modum obſeruauit D.Th. Be¬

487 1145 863 60 za prȩceptor meus) quæ contigiſſe videtur annoà

489 1190 861 62 Pauli cõuerſione 28. & à nato Chriſto 62. Huius

486 1239 861 61 ſit mentio Act. I9. & 2O. Ergo ſcripta eſt hæc E¬

489 1287 861 66 piſtola ante eas, quæ ſunt ad Epheſios, Philippen¬

484 1332 862 66 ſes, Coloſſenſes. Poſt eam tamen vtranque quæ

484 1382 862 61 eſt ad Corinthios, & ad Titum. Poſt vtranque

484 1429 866 66 eam, quæ ad Theſſalonicenſes ſcripta eſt, vt quidã

481 1479 150 64 putant.

529 1520 817 68 Apparet etiam Paulum habuiſſe Epheſiorum

481 1570 864 70 Eccleſiam commendatiſsimam, cui tam ſollicitè

479 1620 191 64 proſpicit.

524 1667 823 66 Ne aliter doceant) Cur hoc timuerit Paulus

472 1720 874 83 ratio ſatis intelligi poteſt ex Apocalyp.2.verſ. 6.

1185 1774 161 70 & quòd
