1482 2195
519 130 58 66 54

654 116 588 65 AD I. PAVL. AD TIM.

518 168 861 74 nrofani ſenſerunt vti Heſiod. lib.1. ἔργ. καὶ ἠμερ. &

518 218 827 69 Plato, & ex Platone M. Tull.lib.2. de Legibus.

566 276 816 55 Videtur etiam hæc ſanctitas, quæ vera eſt, hîc

518 314 863 73 eſſe oppoſita à Paulo omnibus illis externis riti¬

519 368 861 66 bus, lotionibus, & carnalibus purgationibus, quæ

522 414 861 70 veteri Dei lege hominibus templum ingreſſuris

526 462 856 75 præcipiebantur, de quibus agit Apoſtol. ad Heb.

526 511 854 71 9. verſ 1o. & Moſes Leuitici cap. 6. 13.15. 16.19.

523 559 859 67 quibus ingens etiam cumulus à Phariſæis additus

522 611 860 66 erat poſtea per δευτερώσεις, vt apparet Mar.7.V.4.

526 656 859 73 Quæ lotìones antiquæ à Deo prę̧ceptæ veræ qui¬

526 704 860 69 dem animi vitæque ſanctitatis ſigna erant & fi¬

526 756 862 66 guræ: earum tamen implementum & corpus in

526 804 861 66 Chriſto habetur & confertur. Quanquam verò

524 849 864 69 de publicis precibus hîc agit Paulus: in priuatis

526 899 860 66 tamen eundem animum ſanctum & purum re¬

526 944 863 68 quiri certiſſimum eſt, & oſtendit Chriſtus. Matt.

527 992 863 71 5.verſ.24. Eſt in canon. Nihil. & canon. Non me¬

527 1041 863 71 diocriter, quod eſt dictum Hieronym. De con¬

527 1097 309 57 ſecrat. diſtinct.5

573 1134 822 73 Certâ verò animi fiduciâ, quæ in gratuitis Dei

530 1185 865 67 promiſſionibus acquieſcat, orandum eſſe, docet

519 1232 872 71 & Chriſtus ipſe Ioan.4.v.23, & Iac.1.v.6. & Pau¬

527 1284 868 63 lus Romanor. 1o.verſ.14. quia vera precatio &

526 1328 864 68 Dei inuocatio eſt fidei effectus: quæ cum animi

527 1383 533 67 hæſitatione prorſus pugnat.

576 1425 819 71 Quæ poſtea de certo quodam ieiunio, de lotio¬

529 1473 867 66 ne manuum addita ſunt à Patribus, de quibus hîc

534 1520 862 65 Chryſoſt. Hom. 7 vbi quoſdam ſollicitos fuiſſe

529 1570 871 63 notat de huiuſmodi rebus: non modò legales, ſed

530 1622 868 61 etiam Ethnicorum cæremonias, aut potius ſuper¬

529 1670 868 65 ſtitiones reponunt nobis, & redolent, etſi ani¬

529 1715 867 82 mus ſobrius longè ardentiùs Deum precatur,

1284 1765 116 71 quàm
