<?xml version="1.0" encoding="UTF-8"?>
<alto xmlns:xsi="http://www.w3.org/2001/XMLSchema-instance"
      xmlns="http://www.loc.gov/standards/alto/ns-v4#"
      xsi:schemaLocation="http://www.loc.gov/standards/alto/ns-v4# http://www.loc.gov/standards/alto/v4/alto-4-2.xsd">
  <Description>
    <MeasurementUnit>pixel</MeasurementUnit>
    <sourceImageInformation>
      <fileName>2012998.png</fileName>
    </sourceImageInformation>
  </Description>
  <Tags>
    <OtherTag ID="BT7" LABEL="CustomZone" DESCRIPTION="block type CustomZone"/><OtherTag ID="BT8" LABEL="DamageZone" DESCRIPTION="block type DamageZone"/><OtherTag ID="BT9" LABEL="DigitizationArtefactZone" DESCRIPTION="block type DigitizationArtefactZone"/><OtherTag ID="BT10" LABEL="DropCapitalZone" DESCRIPTION="block type DropCapitalZone"/><OtherTag ID="BT11" LABEL="GraphicZone" DESCRIPTION="block type GraphicZone"/><OtherTag ID="BT12" LABEL="MainZone" DESCRIPTION="block type MainZone"/><OtherTag ID="BT13" LABEL="MarginTextZone" DESCRIPTION="block type MarginTextZone"/><OtherTag ID="BT14" LABEL="MusicZone" DESCRIPTION="block type MusicZone"/><OtherTag ID="BT15" LABEL="NumberingZone" DESCRIPTION="block type NumberingZone"/><OtherTag ID="BT17" LABEL="QuireMarksZone" DESCRIPTION="block type QuireMarksZone"/><OtherTag ID="BT18" LABEL="RunningTitleZone" DESCRIPTION="block type RunningTitleZone"/><OtherTag ID="BT19" LABEL="SealZone" DESCRIPTION="block type SealZone"/><OtherTag ID="BT20" LABEL="StampZone" DESCRIPTION="block type StampZone"/><OtherTag ID="BT21" LABEL="TableZone" DESCRIPTION="block type TableZone"/><OtherTag ID="BT22" LABEL="TitlePageZone" DESCRIPTION="block type TitlePageZone"/><OtherTag ID="BT3211" LABEL="MainZone-Continued" DESCRIPTION="block type MainZone-Continued"/><OtherTag ID="BT3212" LABEL="MainZone-Head" DESCRIPTION="block type MainZone-Head"/><OtherTag ID="BT3213" LABEL="MainZone-P" DESCRIPTION="block type MainZone-P"/><OtherTag ID="BT3214" LABEL="MarginTextZone-ManuscriptAddendum" DESCRIPTION="block type MarginTextZone-ManuscriptAddendum"/><OtherTag ID="BT3215" LABEL="MarginTextZone-Notes" DESCRIPTION="block type MarginTextZone-Notes"/><OtherTag ID="BT3216" LABEL="MainZone-Entry" DESCRIPTION="block type MainZone-Entry"/>
    <OtherTag ID="LT7" LABEL="CustomLine" DESCRIPTION="line type CustomLine"/><OtherTag ID="LT8" LABEL="DefaultLine" DESCRIPTION="line type DefaultLine"/><OtherTag ID="LT9" LABEL="DropCapitalLine" DESCRIPTION="line type DropCapitalLine"/><OtherTag ID="LT10" LABEL="HeadingLine" DESCRIPTION="line type HeadingLine"/><OtherTag ID="LT11" LABEL="InterlinearLine" DESCRIPTION="line type InterlinearLine"/><OtherTag ID="LT12" LABEL="MusicLine" DESCRIPTION="line type MusicLine"/><OtherTag ID="LT63" LABEL="CustomLine : BiblicalText" DESCRIPTION="line type CustomLine : BiblicalText"/>
  </Tags>
  <Layout>
    <Page WIDTH="1482"
          HEIGHT="2195"
          PHYSICAL_IMG_NR="48"
          ID="eSc_dummypage_">
      <PrintSpace HPOS="0"
                  VPOS="0"
                  WIDTH="1482"
                  HEIGHT="2195">
        <TextBlock HPOS="530"
                   VPOS="129"
                   WIDTH="71"
                   HEIGHT="48"
                   ID="block_2"
                   TAGREFS="BT15">
          <Shape><Polygon POINTS="601 129 601 176 530 176 530 129"/></Shape>
          <TextLine ID="eSc_line_b0221724"
                    TAGREFS="LT8"
                    BASELINE="536 164 631 164" 
                    HPOS="536"
                    VPOS="124"
                    WIDTH="95"
                    HEIGHT="59">
            <Shape><Polygon POINTS="573 125 561 125 549 125 536 125 536 164 536 183 631 171 631 164 631 144 606 144 594 134 582 124 573 125"/></Shape>
            <String CONTENT="71"
                    HPOS="536"
                    VPOS="124"
                    WIDTH="95"
                    HEIGHT="59"
                    WC="0.999384850263596"></String>
          </TextLine>
        </TextBlock>
        <TextBlock HPOS="686"
                   VPOS="115"
                   WIDTH="568"
                   HEIGHT="57"
                   ID="block_0"
                   TAGREFS="BT18">
          <Shape><Polygon POINTS="1254 115 1254 172 686 172 686 115"/></Shape>
          <TextLine ID="eSc_line_5c9c924b"
                    TAGREFS="LT10"
                    BASELINE="680 164 1237 153" 
                    HPOS="679"
                    VPOS="112"
                    WIDTH="558"
                    HEIGHT="69">
            <Shape><Polygon POINTS="1222 121 1144 113 1142 113 1130 112 1129 112 1128 112 1112 121 1109 123 1105 121 1077 114 1075 114 1074 114 1073 114 1072 114 1072 116 1064 121 1063 123 1055 121 1019 116 1018 116 1017 116 999 121 985 125 962 121 937 119 936 119 935 119 922 123 904 126 892 123 877 116 875 116 874 116 837 123 800 129 679 124 680 164 680 171 718 180 719 180 796 171 804 171 815 171 909 176 910 176 912 176 929 169 934 168 939 169 957 175 958 175 959 175 992 169 994 169 996 169 1089 173 1090 173 1091 173 1105 168 1113 164 1124 166 1137 171 1137 171 1139 171 1237 166 1237 153 1232 129 1228 125"/></Shape>
            <String CONTENT="AD I. PAVL. AD TIM"
                    HPOS="679"
                    VPOS="112"
                    WIDTH="558"
                    HEIGHT="69"
                    WC="0.997775104310777"></String>
          </TextLine>
        </TextBlock>
        <TextBlock HPOS="512"
                   VPOS="176"
                   WIDTH="882"
                   HEIGHT="1592"
                   ID="block_1"
                   TAGREFS="BT3211">
          <Shape><Polygon POINTS="1394 176 1394 1769 512 1769 512 176"/></Shape>
          <TextLine ID="eSc_line_6bb6489e"
                    TAGREFS="LT8"
                    BASELINE="529 219 1387 208" 
                    HPOS="527"
                    VPOS="166"
                    WIDTH="860"
                    HEIGHT="73">
            <Shape><Polygon POINTS="1378 171 1353 166 1352 166 1351 166 1330 173 1324 175 1318 173 1298 166 1297 166 1296 166 1248 174 1235 176 1230 174 1213 166 1212 166 1210 166 1124 168 1123 168 1102 176 1095 180 1030 180 1025 178 1010 169 1009 169 1008 169 958 178 908 171 907 171 831 180 809 183 780 181 689 174 687 174 636 183 621 185 527 185 529 219 529 233 622 239 624 239 625 239 652 231 654 231 656 231 701 236 702 236 704 236 724 230 732 228 739 230 754 236 754 236 756 236 757 236 758 236 768 229 770 229 804 236 804 236 840 235 841 235 842 235 852 228 856 226 958 226 963 226 992 234 994 234 995 234 996 234 997 234 1010 226 1014 224 1073 224 1075 224 1097 233 1099 233 1100 233 1159 223 1164 223 1169 223 1247 230 1248 230 1287 221 1305 229 1307 229 1308 230 1367 230 1367 229 1368 229 1387 219 1387 208 1385 181 1382 175"/></Shape>
            <String CONTENT="vnquam illius regno felicius &amp; optabilius. Sapiẽ¬"
                    HPOS="527"
                    VPOS="166"
                    WIDTH="860"
                    HEIGHT="73"
                    WC="0.989687697887421"></String>
          </TextLine>
          <TextLine ID="eSc_line_3f4a15a1"
                    TAGREFS="LT8"
                    BASELINE="527 269 1390 257" 
                    HPOS="526"
                    VPOS="216"
                    WIDTH="863"
                    HEIGHT="73">
            <Shape><Polygon POINTS="527 269 527 281 575 289 576 289 577 289 609 283 661 289 662 289 719 280 914 281 915 281 951 276 958 276 1012 276 1013 276 1041 284 1042 284 1044 284 1045 284 1079 276 1215 283 1217 283 1284 281 1285 281 1287 281 1296 274 1335 280 1337 280 1388 269 1390 257 1388 226 1374 218 1373 218 1372 218 1322 226 1317 226 1314 226 1303 216 1302 216 1301 216 1300 216 1298 216 1272 226 1265 229 1197 229 1192 226 1159 219 1158 219 1157 219 1124 228 1113 230 1096 228 1044 221 1042 221 1041 221 1010 229 999 231 987 229 957 221 955 221 857 224 856 224 854 224 846 230 842 231 818 230 714 226 713 226 712 226 711 226 702 231 695 236 526 234 527 269"/></Shape>
            <String CONTENT="tertamen ſibi conſuluiſſe videntur ij populi, qui"
                    HPOS="526"
                    VPOS="216"
                    WIDTH="863"
                    HEIGHT="73"
                    ></String>
          </TextLine>
          <TextLine ID="eSc_line_a573ba50"
                    TAGREFS="LT8"
                    BASELINE="523 317 1385 304" 
                    HPOS="522"
                    VPOS="266"
                    WIDTH="863"
                    HEIGHT="64">
            <Shape><Polygon POINTS="522 296 523 317 523 330 1385 321 1385 304 1383 276 1343 266 1342 266 1296 278 1158 278 1140 269 1139 269 1137 269 1039 280 1036 280 1035 280 977 276 975 276 908 281 867 273 865 273 809 274 809 274 775 284 774 284 772 284 696 276 695 276 666 276 664 276 663 276 663 278 654 285 529 278 522 296"/></Shape>
            <String CONTENT="legibus ſuis &amp; publico iure cauerunt, ne inter ſe,"
                    HPOS="522"
                    VPOS="266"
                    WIDTH="863"
                    HEIGHT="64"
                    WC="0.984173436164856"></String>
          </TextLine>
          <TextLine ID="eSc_line_f37d1ee2"
                    TAGREFS="LT8"
                    BASELINE="527 367 1387 352" 
                    HPOS="526"
                    VPOS="314"
                    WIDTH="861"
                    HEIGHT="68">
            <Shape><Polygon POINTS="527 367 527 376 584 382 585 382 586 382 599 376 601 376 629 381 630 381 719 376 742 373 1387 368 1387 352 1384 323 1280 323 1260 314 1260 314 1258 314 1257 314 1255 314 1240 324 1132 317 1132 317 1073 326 1039 318 1037 318 1036 318 1035 318 1013 326 973 321 972 321 970 321 954 330 910 330 886 321 885 321 884 321 882 321 882 321 867 331 812 331 670 324 669 324 574 335 539 326 537 326 536 326 535 326 534 326 534 328 526 334 527 367"/></Shape>
            <String CONTENT="&amp; in ſeſe fœminæ dominarentur, ſummúmque"
                    HPOS="526"
                    VPOS="314"
                    WIDTH="861"
                    HEIGHT="68"
                    ></String>
          </TextLine>
          <TextLine ID="eSc_line_a44b098c"
                    TAGREFS="LT8"
                    BASELINE="526 413 1390 401" 
                    HPOS="524"
                    VPOS="366"
                    WIDTH="866"
                    HEIGHT="66">
            <Shape><Polygon POINTS="526 413 526 426 609 432 611 432 612 432 630 426 631 426 635 426 695 431 696 431 786 424 812 423 870 424 982 426 982 426 984 426 991 423 999 421 1017 423 1041 426 1042 426 1059 423 1077 419 1205 421 1260 423 1260 423 1274 421 1325 416 1387 421 1390 401 1387 373 1322 366 1320 366 1319 366 1300 374 1235 374 1187 366 1187 366 1185 366 1155 374 1005 368 1004 368 1004 368 982 376 958 368 957 368 955 368 954 368 954 368 939 379 885 379 872 369 872 369 870 369 869 369 868 369 845 376 791 371 790 371 789 371 787 371 777 380 759 371 758 371 720 371 719 371 718 371 692 381 675 373 674 373 640 373 639 373 637 373 636 373 636 374 627 381 611 374 609 374 608 374 607 374 591 382 590 384 581 384 558 384 540 374 539 374 537 374 536 374 535 374 524 380 526 413"/></Shape>
            <String CONTENT="ius &amp; imperium haberent, ſi genus ipſum mulie¬"
                    HPOS="524"
                    VPOS="366"
                    WIDTH="866"
                    HEIGHT="66"
                    WC="0.989400125068167"></String>
          </TextLine>
          <TextLine ID="eSc_line_8b903d08"
                    TAGREFS="LT8"
                    BASELINE="526 463 1385 449" 
                    HPOS="524"
                    VPOS="409"
                    WIDTH="861"
                    HEIGHT="68">
            <Shape><Polygon POINTS="526 463 526 476 617 477 618 477 619 477 621 477 624 476 629 472 641 474 654 477 654 477 656 477 657 477 664 474 672 469 739 469 781 472 827 474 829 474 830 474 831 474 837 471 841 468 856 471 879 473 880 473 882 473 889 469 895 467 901 469 913 473 914 473 915 473 955 468 967 467 977 467 1024 472 1025 472 1027 472 1044 466 1046 466 1055 466 1114 469 1115 469 1117 469 1118 469 1123 464 1125 463 1129 464 1152 469 1153 469 1189 463 1195 462 1197 462 1208 468 1210 468 1210 468 1250 462 1300 467 1301 467 1302 467 1314 461 1367 466 1368 466 1369 466 1385 458 1385 449 1383 419 1335 409 1334 409 1332 409 1310 419 1310 419 1307 419 1253 411 1252 411 1212 418 1195 412 1194 412 1192 412 1191 412 1172 421 1167 421 1155 421 1113 413 1112 413 1110 413 1096 421 1090 424 887 426 868 421 849 418 847 418 846 418 845 418 840 421 832 428 784 428 775 421 772 419 770 419 769 419 740 419 739 419 719 423 682 429 631 423 617 421 616 421 607 423 571 431 524 424 526 463"/></Shape>
            <String CONTENT="bre cum virili conferamus, quia ad multa munia,"
                    HPOS="524"
                    VPOS="409"
                    WIDTH="861"
                    HEIGHT="68"
                    WC="0.997159886867442"></String>
          </TextLine>
          <TextLine ID="eSc_line_a7960862"
                    TAGREFS="LT8"
                    BASELINE="529 509 1384 497" 
                    HPOS="527"
                    VPOS="458"
                    WIDTH="857"
                    HEIGHT="71">
            <Shape><Polygon POINTS="529 509 529 529 609 527 611 527 612 527 612 526 619 521 672 525 685 526 686 526 687 526 691 525 712 518 745 524 754 525 756 525 765 523 794 517 830 522 841 523 842 523 865 521 917 516 967 518 1027 522 1029 522 1055 516 1068 513 1090 516 1135 519 1137 519 1137 519 1139 519 1145 513 1147 512 1155 513 1187 519 1189 519 1190 519 1208 512 1213 511 1215 512 1229 517 1230 517 1232 517 1273 511 1282 518 1284 518 1285 518 1287 518 1324 512 1355 517 1355 517 1357 517 1384 507 1384 497 1382 467 1212 458 1210 458 1210 458 1182 468 1127 459 1125 459 1059 467 1051 461 1050 461 1049 461 1047 461 1046 461 1045 461 1030 471 1029 472 949 472 946 472 904 463 902 463 901 463 870 473 869 473 859 464 859 464 857 464 790 464 789 464 626 476 612 476 606 476 558 471 557 471 556 471 554 471 549 476 539 468 537 468 536 468 535 468 534 468 532 468 532 469 527 473 529 509"/></Shape>
            <String CONTENT="quæ regni adminiſtratio requirit, ſunt illæ minus"
                    HPOS="527"
                    VPOS="458"
                    WIDTH="857"
                    HEIGHT="71"
                    WC="0.99587641443525"></String>
          </TextLine>
          <TextLine ID="eSc_line_02b98d9d"
                    TAGREFS="LT8"
                    BASELINE="527 557 1386 544" 
                    HPOS="526"
                    VPOS="508"
                    WIDTH="859"
                    HEIGHT="66">
            <Shape><Polygon POINTS="527 557 527 575 682 567 732 572 754 572 754 572 756 572 757 572 759 571 767 566 882 568 965 569 967 569 968 569 982 566 999 562 1029 564 1070 568 1072 568 1073 568 1074 568 1074 567 1077 563 1082 561 1105 563 1146 567 1147 567 1262 559 1282 558 1292 558 1345 563 1346 563 1386 556 1386 544 1384 517 1228 508 1227 508 1178 509 1177 509 1152 519 1148 521 1146 519 1123 511 1122 511 1120 511 1077 521 1070 522 1064 521 1032 513 1030 513 1029 513 1013 522 1010 523 824 525 819 524 795 516 794 516 792 516 749 525 740 526 732 525 687 517 686 517 685 517 684 517 684 518 674 526 672 527 662 526 604 518 604 518 526 527 527 557"/></Shape>
            <String CONTENT="propter ſexus ſui naturam &amp; imbecillitatem a"
                    HPOS="526"
                    VPOS="508"
                    WIDTH="859"
                    HEIGHT="66"
                    WC="0.988236782225696"></String>
          </TextLine>
          <TextLine ID="eSc_line_65bb15a7"
                    TAGREFS="LT8"
                    BASELINE="527 607 1386 594" 
                    HPOS="526"
                    VPOS="554"
                    WIDTH="859"
                    HEIGHT="71">
            <Shape><Polygon POINTS="527 607 527 625 561 619 586 625 591 625 592 625 594 625 597 624 621 619 730 622 734 622 735 622 736 622 774 614 824 620 837 622 839 622 840 622 845 620 865 613 904 619 915 620 917 620 918 620 927 618 949 613 1002 617 1019 618 1020 618 1022 618 1023 618 1024 617 1032 611 1386 611 1386 594 1384 559 1307 554 1305 554 1305 554 1282 561 1272 564 1128 566 1118 564 1085 558 1084 558 1082 558 1082 558 1073 566 1069 568 989 568 980 567 949 561 947 561 946 561 920 568 915 569 910 568 879 562 877 562 842 569 836 572 782 572 782 571 772 563 772 563 770 563 769 563 706 569 616 566 614 566 613 566 612 566 599 574 562 567 561 567 559 567 526 575 527 607"/></Shape>
            <String CONTENT="ptæ &amp; inhabiles quale eſt præeſſe exercitui, ius"
                    HPOS="526"
                    VPOS="554"
                    WIDTH="859"
                    HEIGHT="71"
                    WC="0.983412122974793"></String>
          </TextLine>
          <TextLine ID="eSc_line_a9a69670"
                    TAGREFS="LT8"
                    BASELINE="526 654 1386 640" 
                    HPOS="526"
                    VPOS="601"
                    WIDTH="860"
                    HEIGHT="71">
            <Shape><Polygon POINTS="526 654 526 672 735 672 735 670 736 670 737 670 737 669 740 667 745 663 787 667 811 669 812 669 813 669 814 669 818 667 827 662 915 666 954 667 955 667 957 667 962 664 977 659 1067 663 1097 664 1099 664 1139 662 1272 654 1385 658 1386 640 1383 612 1360 612 1358 612 1346 601 1345 601 1343 601 1342 601 1341 601 1319 607 1295 602 1293 602 1292 602 1291 602 1275 613 1274 614 1237 614 1237 614 1222 604 1220 604 1219 604 1191 604 1190 604 1189 604 1167 616 1164 617 1095 617 1091 617 1045 606 1044 606 1042 606 1020 618 1018 619 954 619 949 619 895 608 894 608 851 609 850 609 849 609 849 611 836 620 739 611 737 611 736 611 695 622 649 613 649 613 647 613 627 622 612 614 611 614 609 614 549 616 549 616 526 624 526 654"/></Shape>
            <String CONTENT="dicere in publico ſedentes. Quæ certè res dede¬"
                    HPOS="526"
                    VPOS="601"
                    WIDTH="860"
                    HEIGHT="71"
                    WC="0.97701691587766"></String>
          </TextLine>
          <TextLine ID="eSc_line_f1afefa6"
                    TAGREFS="LT8"
                    BASELINE="526 702 1386 687" 
                    HPOS="524"
                    VPOS="651"
                    WIDTH="862"
                    HEIGHT="66">
            <Shape><Polygon POINTS="526 702 526 718 1385 701 1386 687 1383 659 1350 661 1347 659 1337 651 1337 651 1335 651 1313 651 1312 651 1262 661 1257 662 1255 661 1242 652 1241 652 1240 652 1239 652 1162 663 1150 664 1148 663 1137 654 1137 654 1135 654 1112 654 1110 654 1109 654 1082 664 1077 666 1073 664 1050 659 1049 659 1047 659 1027 666 1022 667 1013 666 989 662 987 662 927 667 915 667 907 667 818 659 817 659 815 659 814 659 806 667 794 661 792 661 791 661 790 661 774 667 717 662 716 662 714 662 713 662 699 672 699 672 592 674 590 674 563 664 562 664 561 664 559 664 524 674 526 702"/></Shape>
            <String CONTENT="cent prorſus muliebrem verecundiam. Vnde iu¬"
                    HPOS="524"
                    VPOS="651"
                    WIDTH="862"
                    HEIGHT="66"
                    WC="0.98451024971225"></String>
          </TextLine>
          <TextLine ID="eSc_line_a70edafe"
                    TAGREFS="LT8"
                    BASELINE="523 751 1385 737" 
                    HPOS="522"
                    VPOS="697"
                    WIDTH="863"
                    HEIGHT="67">
            <Shape><Polygon POINTS="523 751 523 764 985 764 985 763 986 763 987 763 1000 756 1001 754 1010 756 1069 762 1070 762 1072 762 1089 754 1091 754 1105 754 1225 759 1227 759 1228 759 1245 751 1246 751 1255 751 1360 757 1360 757 1362 757 1385 749 1385 737 1384 707 1360 697 1358 697 1305 697 1303 697 1302 697 1277 704 1253 699 1252 699 1250 699 1250 699 1224 709 1223 709 1218 709 1148 699 1147 699 1086 709 1060 702 1059 702 1058 702 1057 702 1035 712 1035 713 964 713 963 713 952 704 951 704 950 704 922 704 922 704 920 704 900 713 849 714 837 706 837 704 836 704 835 704 834 704 761 717 754 717 747 717 677 707 676 707 642 708 641 708 622 718 602 708 601 708 599 708 599 708 579 719 576 720 522 720 523 751"/></Shape>
            <String CONTENT="re ciuili Roman. L. mulieres D. de Regul. Iuris"
                    HPOS="522"
                    VPOS="697"
                    WIDTH="863"
                    HEIGHT="67"
                    WC="0.982869902823834"></String>
          </TextLine>
          <TextLine ID="eSc_line_0f2ca879"
                    TAGREFS="LT8"
                    BASELINE="526 799 1390 785" 
                    HPOS="524"
                    VPOS="747"
                    WIDTH="866"
                    HEIGHT="65">
            <Shape><Polygon POINTS="526 799 526 812 1390 801 1390 785 1387 757 1353 749 1352 749 1351 749 1332 756 1308 747 1307 747 1305 747 1305 747 1303 747 1291 758 1203 758 1167 749 1165 749 1164 749 1163 749 1162 749 1147 759 1091 749 1090 749 1089 749 1087 749 1073 761 1007 751 1005 751 1004 751 1004 751 990 763 941 763 919 752 918 752 917 752 915 752 892 762 864 754 863 754 862 754 860 754 859 754 851 759 695 756 694 756 692 756 669 768 631 768 604 757 604 757 602 757 524 769 526 799"/></Shape>
            <String CONTENT="mulieres à virilibus muneribus &amp; officijs admi¬"
                    HPOS="524"
                    VPOS="747"
                    WIDTH="866"
                    HEIGHT="65"
                    WC="0.963489465415478"></String>
          </TextLine>
          <TextLine ID="eSc_line_60d3d946"
                    TAGREFS="LT8"
                    BASELINE="524 847 1386 832" 
                    HPOS="523"
                    VPOS="797"
                    WIDTH="863"
                    HEIGHT="66">
            <Shape><Polygon POINTS="524 847 524 857 636 863 637 863 639 863 663 857 845 859 846 859 882 854 895 852 908 854 937 859 939 859 940 859 950 854 955 851 982 854 1024 857 1025 857 1027 857 1035 852 1041 850 1050 852 1062 856 1063 856 1064 856 1082 852 1099 849 1385 849 1386 832 1383 804 1159 807 1157 807 1123 797 1122 797 1120 797 1119 797 1096 809 1084 799 1082 799 1082 799 1060 799 1059 799 1058 799 1025 809 1023 809 1017 809 964 804 963 804 962 804 940 809 927 804 927 804 925 804 879 812 874 813 856 813 854 812 844 802 842 802 841 802 840 802 839 802 822 811 801 804 800 804 799 804 751 809 666 804 664 804 663 804 640 815 594 806 592 806 541 807 540 807 523 815 524 847"/></Shape>
            <String CONTENT="niſtrandis rectè arcentur: qualia ſunt etiam quæ"
                    HPOS="523"
                    VPOS="797"
                    WIDTH="863"
                    HEIGHT="66"
                    WC="0.995979242178859"></String>
          </TextLine>
          <TextLine ID="eSc_line_ce1a5162"
                    TAGREFS="LT8"
                    BASELINE="524 894 1386 882" 
                    HPOS="523"
                    VPOS="841"
                    WIDTH="863"
                    HEIGHT="63">
            <Shape><Polygon POINTS="524 894 524 904 1386 892 1386 882 1383 841 1297 851 1232 844 1213 842 1212 842 1210 842 1205 845 1190 852 1159 845 1150 844 1148 844 1147 844 1146 844 1146 845 1144 846 1137 852 1103 846 1090 845 1089 845 1087 845 1082 847 1070 852 1059 847 1053 845 1052 845 1051 845 1050 845 1044 849 1032 854 957 850 930 849 929 849 927 849 927 849 924 851 917 854 906 851 894 847 892 847 891 847 859 852 825 857 812 854 799 849 797 849 796 849 795 849 794 849 786 854 779 859 763 854 756 852 754 852 754 852 752 852 751 852 749 854 742 859 680 859 658 856 622 851 622 851 621 851 596 859 582 860 567 859 536 854 535 854 534 854 523 857 524 894"/></Shape>
            <String CONTENT="in publico exerceri debent. Et illud eſt Auguſt."
                    HPOS="523"
                    VPOS="841"
                    WIDTH="863"
                    HEIGHT="63"
                    WC="0.984704072276751"></String>
          </TextLine>
          <TextLine ID="eSc_line_b96b2e1e"
                    TAGREFS="LT8"
                    BASELINE="524 941 1386 927" 
                    HPOS="523"
                    VPOS="890"
                    WIDTH="863"
                    HEIGHT="64">
            <Shape><Polygon POINTS="524 941 524 954 1386 941 1386 927 1384 900 1330 900 1318 891 1317 891 1315 891 1314 891 1313 891 1285 900 1284 900 1260 890 1260 890 1258 890 1257 890 1239 900 1224 892 1223 892 1222 892 1162 901 1147 902 1135 901 1072 892 1070 892 1009 894 1008 894 982 902 980 902 977 902 934 895 932 895 932 895 930 895 919 902 912 906 857 906 854 904 845 897 844 897 842 897 841 897 840 897 820 904 806 908 749 908 732 904 714 899 713 899 712 899 634 900 632 900 631 900 631 901 626 904 621 910 599 912 575 912 567 904 562 901 561 901 559 901 558 901 523 904 524 941"/></Shape>
            <String CONTENT="lib.1. de Nupt. cap.9. Nec dubitari poteſt viros"
                    HPOS="523"
                    VPOS="890"
                    WIDTH="863"
                    HEIGHT="64"
                    WC="0.988858791689078"></String>
          </TextLine>
          <TextLine ID="eSc_line_87d37988"
                    TAGREFS="LT8"
                    BASELINE="526 989 1385 977" 
                    HPOS="526"
                    VPOS="937"
                    WIDTH="859"
                    HEIGHT="68">
            <Shape><Polygon POINTS="526 989 526 1005 716 999 751 1003 759 1004 761 1004 762 1004 765 1003 784 997 801 1003 802 1003 804 1003 804 1003 806 1003 807 1003 817 996 850 1002 859 1003 860 1003 869 1002 900 995 927 1001 935 1002 936 1002 962 1000 1047 992 1089 999 1103 1000 1105 1000 1105 1000 1113 997 1135 991 1167 997 1180 999 1182 999 1182 999 1192 996 1214 991 1252 995 1273 997 1274 997 1385 992 1385 977 1384 950 1355 941 1355 941 1353 941 1352 941 1328 949 1310 937 1310 937 1308 937 1307 937 1282 939 1280 939 1279 939 1265 950 1232 939 1232 939 1230 939 1229 939 1228 939 1207 952 1177 952 1162 940 1160 940 1159 940 1158 940 1119 941 1118 941 1117 941 1103 954 1057 954 1032 942 1032 942 1030 942 973 950 955 942 954 942 954 942 952 942 927 952 870 944 869 944 868 944 829 955 785 945 784 945 782 945 781 945 754 958 696 958 666 947 664 947 663 947 662 947 661 947 642 958 629 954 627 954 626 954 526 960 526 989"/></Shape>
            <String CONTENT="potius fœminis, quàm fœminas viris principari."
                    HPOS="526"
                    VPOS="937"
                    WIDTH="859"
                    HEIGHT="68"
                    WC="0.983562856278521"></String>
          </TextLine>
          <TextLine ID="eSc_line_5d8c0612"
                    TAGREFS="LT8"
                    BASELINE="532 1037 1390 1024" 
                    HPOS="531"
                    VPOS="987"
                    WIDTH="859"
                    HEIGHT="67">
            <Shape><Polygon POINTS="532 1037 532 1049 604 1055 604 1055 606 1055 622 1049 626 1047 649 1049 736 1052 737 1052 739 1052 757 1047 762 1046 789 1046 884 1050 885 1050 906 1045 920 1042 932 1045 947 1049 949 1049 950 1049 951 1049 952 1049 957 1045 960 1042 979 1045 1001 1047 1002 1047 1004 1047 1013 1045 1024 1041 1390 1041 1390 1024 1387 997 1342 987 1341 987 1340 987 1310 997 1310 999 1234 999 1232 997 1225 992 1224 992 1223 992 1222 992 1125 999 1077 1001 1073 999 1064 992 1063 992 1062 992 1001 992 1000 992 999 992 985 999 979 1002 958 1000 922 994 920 994 862 995 860 995 851 1000 842 1004 822 1000 804 996 804 996 802 996 801 996 796 1000 789 1005 686 1008 622 1008 616 1001 613 1000 613 999 612 999 611 999 609 999 608 999 604 1001 590 1008 574 1001 569 1000 568 1000 567 1000 531 1001 532 1037"/></Shape>
            <String CONTENT="Vnde non poteſt mulier eſſe Roman. imperatrix"
                    HPOS="531"
                    VPOS="987"
                    WIDTH="859"
                    HEIGHT="67"
                    WC="0.989289944701725"></String>
          </TextLine>
          <TextLine ID="eSc_line_de43e473"
                    TAGREFS="LT8"
                    BASELINE="524 1087 1388 1073" 
                    HPOS="523"
                    VPOS="1035"
                    WIDTH="865"
                    HEIGHT="61">
            <Shape><Polygon POINTS="524 1087 524 1096 1388 1089 1388 1073 1385 1041 1205 1044 1203 1044 1170 1035 1169 1035 1168 1035 1105 1045 1096 1046 1094 1045 1077 1037 1077 1037 1075 1037 1074 1037 1044 1045 1027 1037 1027 1037 1025 1037 1024 1037 1004 1044 812 1041 811 1041 809 1041 786 1050 765 1042 764 1042 763 1042 762 1042 739 1050 734 1052 727 1050 706 1046 704 1046 661 1052 647 1053 646 1052 635 1045 634 1045 632 1045 631 1045 630 1045 629 1045 629 1046 621 1052 619 1055 577 1055 574 1053 557 1046 556 1046 554 1046 554 1046 523 1053 524 1087"/></Shape>
            <String CONTENT="&amp; regina, &amp; cùm Athalia in ludæa &amp; Irene mater"
                    HPOS="523"
                    VPOS="1035"
                    WIDTH="865"
                    HEIGHT="61"
                    WC="0.986487602933924"></String>
          </TextLine>
          <TextLine ID="eSc_line_4ce47bb8"
                    TAGREFS="LT8"
                    BASELINE="527 1132 1386 1119" 
                    HPOS="526"
                    VPOS="1082"
                    WIDTH="859"
                    HEIGHT="66">
            <Shape><Polygon POINTS="527 1132 527 1142 684 1148 685 1148 744 1141 746 1141 749 1141 854 1146 854 1146 856 1146 877 1140 877 1140 954 1145 955 1145 1020 1137 1042 1137 1108 1137 1110 1137 1118 1142 1119 1142 1120 1142 1122 1142 1123 1142 1139 1137 1145 1135 1164 1137 1210 1141 1212 1141 1213 1141 1234 1137 1243 1134 1255 1137 1282 1140 1282 1140 1308 1135 1323 1132 1385 1134 1386 1119 1383 1082 1289 1092 1246 1084 1241 1084 1240 1084 1239 1084 1237 1085 1210 1094 1165 1086 1158 1085 1157 1085 1155 1085 1153 1086 1140 1094 1091 1087 1082 1086 1082 1086 1080 1086 1075 1087 1040 1096 974 1089 955 1087 954 1087 954 1087 952 1087 950 1090 939 1098 752 1100 742 1092 741 1091 740 1091 739 1091 699 1091 699 1091 697 1091 696 1091 696 1092 694 1094 686 1102 649 1102 637 1095 634 1092 632 1092 631 1092 630 1092 629 1092 624 1095 611 1102 526 1097 527 1132"/></Shape>
            <String CONTENT="Conſtantini tertij imperium Conſtantinopoli."
                    HPOS="526"
                    VPOS="1082"
                    WIDTH="859"
                    HEIGHT="66"
                    WC="0.976207319985737"></String>
          </TextLine>
          <TextLine ID="eSc_line_98d2d954"
                    TAGREFS="LT8"
                    BASELINE="531 1182 1392 1169" 
                    HPOS="530"
                    VPOS="1130"
                    WIDTH="863"
                    HEIGHT="71">
            <Shape><Polygon POINTS="531 1182 531 1200 591 1193 604 1200 606 1200 607 1200 608 1200 617 1200 656 1192 732 1197 759 1198 761 1198 774 1196 809 1190 864 1195 887 1196 889 1196 890 1196 891 1196 894 1193 902 1189 917 1193 922 1195 924 1195 925 1195 937 1192 964 1187 982 1192 991 1195 992 1195 994 1195 1017 1191 1046 1187 1057 1190 1062 1192 1063 1192 1064 1192 1077 1190 1100 1185 1158 1189 1215 1191 1217 1191 1239 1187 1257 1182 1263 1187 1272 1190 1273 1190 1274 1190 1392 1182 1392 1169 1390 1135 1364 1130 1363 1130 1362 1130 1342 1135 1328 1140 1323 1137 1317 1132 1317 1130 1315 1130 1314 1130 1313 1130 1312 1130 1310 1130 1301 1137 1297 1139 1279 1137 1235 1132 1234 1132 1174 1139 1135 1144 1127 1140 1114 1134 1113 1134 1079 1134 1077 1134 1047 1135 1046 1135 1045 1135 1036 1141 1030 1145 1004 1142 951 1137 950 1137 949 1137 947 1137 947 1137 940 1144 936 1147 910 1147 895 1145 859 1137 859 1137 857 1137 856 1137 846 1145 841 1150 765 1150 759 1147 749 1141 747 1141 706 1140 704 1140 704 1140 702 1140 689 1148 684 1152 597 1152 590 1150 572 1145 571 1145 569 1145 530 1150 531 1182"/></Shape>
            <String CONTENT="gerere voluit, vtraque omnia ſubuertit, Idolorũ"
                    HPOS="530"
                    VPOS="1130"
                    WIDTH="863"
                    HEIGHT="71"
                    WC="0.981299021591743"></String>
          </TextLine>
          <TextLine ID="eSc_line_39836f3c"
                    TAGREFS="LT8"
                    BASELINE="524 1228 1387 1215" 
                    HPOS="523"
                    VPOS="1179"
                    WIDTH="864"
                    HEIGHT="61">
            <Shape><Polygon POINTS="524 1228 524 1241 1387 1228 1387 1215 1385 1187 1243 1179 1242 1179 1241 1179 1240 1179 1225 1189 1225 1190 1195 1190 1192 1190 1162 1180 1160 1180 1159 1180 1090 1191 1086 1191 1085 1191 1063 1182 1062 1182 1060 1182 997 1192 995 1192 974 1182 973 1182 972 1182 970 1182 969 1182 952 1193 950 1195 925 1195 922 1193 892 1184 891 1184 890 1184 889 1184 887 1184 877 1193 854 1185 854 1185 852 1185 851 1185 850 1185 834 1195 831 1195 787 1185 786 1185 785 1185 754 1192 704 1187 702 1187 701 1187 699 1187 699 1187 689 1197 687 1198 644 1198 642 1197 629 1187 627 1187 626 1187 625 1187 589 1196 573 1189 572 1189 571 1189 569 1189 568 1189 568 1190 557 1198 557 1200 523 1200 524 1228"/></Shape>
            <String CONTENT="cultum in Dei Eccleſiam inuexit, &amp; hæc Sarace¬"
                    HPOS="523"
                    VPOS="1179"
                    WIDTH="864"
                    HEIGHT="61"
                    WC="0.991311035726381"></String>
          </TextLine>
          <TextLine ID="eSc_line_c83a5cdf"
                    TAGREFS="LT8"
                    BASELINE="524 1278 1386 1265" 
                    HPOS="523"
                    VPOS="1228"
                    WIDTH="863"
                    HEIGHT="67">
            <Shape><Polygon POINTS="524 1278 524 1292 663 1295 664 1295 695 1291 731 1287 758 1290 780 1293 781 1293 782 1293 784 1293 789 1290 797 1285 815 1290 827 1292 829 1292 830 1292 845 1290 870 1284 908 1288 932 1291 932 1291 934 1291 941 1288 955 1282 982 1287 995 1290 996 1290 1024 1287 1070 1282 1100 1287 1119 1288 1120 1288 1137 1287 1167 1280 1220 1285 1237 1287 1239 1287 1240 1287 1241 1287 1242 1285 1250 1279 1285 1284 1287 1284 1287 1284 1300 1278 1385 1282 1386 1265 1384 1232 1343 1228 1342 1228 1341 1228 1340 1228 1335 1232 1329 1237 1301 1232 1275 1229 1274 1229 1273 1229 1263 1232 1252 1237 1241 1234 1230 1229 1229 1229 1228 1229 1198 1234 1172 1239 1162 1235 1150 1230 1150 1230 1148 1230 1147 1230 1132 1235 1118 1240 1084 1237 1046 1232 1045 1232 995 1237 954 1242 932 1239 908 1234 907 1234 906 1234 884 1239 865 1243 839 1240 800 1235 799 1235 797 1235 785 1241 777 1246 694 1247 629 1247 624 1243 611 1237 609 1237 608 1237 607 1237 582 1245 576 1246 575 1245 569 1239 568 1239 567 1239 566 1239 523 1245 524 1278"/></Shape>
            <String CONTENT="nis Roma. imperium lacerandum obiecit. Vnde"
                    HPOS="523"
                    VPOS="1228"
                    WIDTH="863"
                    HEIGHT="67"
                    WC="0.993017595867778"></String>
          </TextLine>
          <TextLine ID="eSc_line_8417ac9b"
                    TAGREFS="LT8"
                    BASELINE="523 1327 1386 1313" 
                    HPOS="522"
                    VPOS="1277"
                    WIDTH="864"
                    HEIGHT="66">
            <Shape><Polygon POINTS="523 1327 523 1337 677 1343 679 1343 751 1336 762 1335 769 1335 806 1341 807 1341 864 1335 875 1334 882 1335 904 1338 904 1338 954 1334 969 1332 974 1334 990 1338 991 1338 992 1338 994 1338 1004 1334 1009 1332 1046 1332 1117 1336 1118 1336 1119 1336 1137 1332 1145 1330 1386 1330 1386 1313 1384 1284 1243 1277 1242 1277 1241 1277 1225 1285 1223 1287 1203 1285 1084 1279 1082 1279 1082 1279 1065 1287 1063 1288 1060 1287 1047 1282 1046 1282 1045 1282 1044 1282 1024 1287 1020 1290 947 1290 942 1288 914 1282 913 1282 912 1282 869 1282 868 1282 867 1282 857 1290 854 1292 777 1292 774 1291 757 1284 756 1284 754 1284 702 1291 662 1287 661 1287 659 1287 642 1293 640 1293 635 1293 599 1287 597 1287 562 1293 557 1295 554 1293 539 1287 537 1287 536 1287 535 1287 522 1292 523 1327"/></Shape>
            <String CONTENT="&amp; Carolus Magnus fuit tunc temporis in Roma¬"
                    HPOS="522"
                    VPOS="1277"
                    WIDTH="864"
                    HEIGHT="66"
                    WC="0.998758030208674"></String>
          </TextLine>
          <TextLine ID="eSc_line_998a3d45"
                    TAGREFS="LT8"
                    BASELINE="524 1373 1386 1358" 
                    HPOS="523"
                    VPOS="1320"
                    WIDTH="863"
                    HEIGHT="68">
            <Shape><Polygon POINTS="524 1373 524 1383 666 1388 667 1388 668 1388 694 1382 1240 1379 1241 1379 1242 1379 1242 1378 1248 1373 1312 1378 1313 1378 1386 1369 1386 1358 1385 1332 1362 1320 1360 1320 1360 1320 1305 1322 1303 1322 1302 1322 1291 1332 1264 1322 1263 1322 1262 1322 1260 1322 1234 1332 1170 1324 1169 1324 1168 1324 1148 1335 1099 1335 1087 1325 1086 1325 1085 1325 1060 1325 1059 1325 1058 1325 1057 1325 1044 1335 1004 1327 1004 1327 1002 1327 977 1336 955 1327 954 1327 954 1327 952 1327 951 1327 936 1337 882 1328 882 1328 834 1329 832 1329 809 1341 749 1341 731 1332 730 1332 729 1332 727 1332 727 1332 713 1342 651 1342 624 1332 622 1332 622 1332 621 1332 580 1342 544 1334 542 1334 541 1334 540 1334 523 1343 524 1373"/></Shape>
            <String CONTENT="num imperium aſciſcendus in Occidente: &amp; Ni¬"
                    HPOS="523"
                    VPOS="1320"
                    WIDTH="863"
                    HEIGHT="68"
                    WC="0.998687576163899"></String>
          </TextLine>
          <TextLine ID="eSc_line_a5d3968e"
                    TAGREFS="LT8"
                    BASELINE="526 1422 1387 1408" 
                    HPOS="524"
                    VPOS="1370"
                    WIDTH="863"
                    HEIGHT="68">
            <Shape><Polygon POINTS="526 1422 526 1433 586 1438 587 1438 589 1438 612 1433 613 1433 616 1433 679 1437 680 1437 856 1430 917 1427 1386 1424 1387 1408 1384 1370 1277 1379 1239 1374 1230 1373 1229 1373 1228 1373 1227 1373 1225 1374 1218 1380 1200 1374 1192 1373 1191 1373 1190 1373 1189 1373 1187 1373 1185 1375 1178 1379 1168 1375 1157 1372 1155 1372 1155 1372 1094 1373 1092 1373 1091 1373 1086 1378 1080 1383 994 1383 984 1380 972 1375 970 1375 917 1375 915 1375 914 1375 913 1375 902 1383 896 1386 822 1386 819 1385 812 1378 811 1378 809 1378 764 1378 763 1378 762 1378 740 1386 736 1387 731 1386 696 1379 695 1379 694 1379 692 1379 680 1388 679 1388 676 1388 647 1380 646 1380 645 1380 644 1380 642 1380 631 1388 594 1382 592 1382 591 1382 568 1390 546 1383 544 1383 544 1383 542 1383 524 1390 526 1422"/></Shape>
            <String CONTENT="cephorus in Oriente. Vbi autem inferiores iuriſ¬"
                    HPOS="524"
                    VPOS="1370"
                    WIDTH="863"
                    HEIGHT="68"
                    WC="0.988719509293636"></String>
          </TextLine>
          <TextLine ID="eSc_line_9b4f2c86"
                    TAGREFS="LT8"
                    BASELINE="526 1469 1383 1456" 
                    HPOS="524"
                    VPOS="1422"
                    WIDTH="859"
                    HEIGHT="59">
            <Shape><Polygon POINTS="526 1469 526 1481 1303 1475 1305 1475 1317 1469 1372 1474 1373 1474 1374 1474 1375 1474 1383 1468 1383 1456 1380 1430 1307 1422 1305 1422 1305 1422 1303 1422 1303 1423 1295 1430 1295 1431 1260 1431 1258 1430 1190 1422 1189 1422 1187 1422 1187 1422 1170 1431 1169 1433 1128 1433 1122 1431 1077 1423 1075 1423 1074 1423 1057 1433 1053 1433 1044 1433 997 1424 996 1424 995 1424 994 1424 982 1433 977 1436 882 1436 877 1433 867 1427 865 1427 864 1427 836 1427 835 1427 834 1427 817 1433 809 1437 799 1435 774 1428 772 1428 772 1428 704 1435 662 1440 647 1436 629 1430 627 1430 626 1430 625 1430 624 1430 618 1436 604 1430 602 1430 601 1430 599 1430 580 1436 573 1438 571 1436 564 1431 563 1431 562 1431 561 1431 524 1436 526 1469"/></Shape>
            <String CONTENT="dictiones quales Ducum, Comitum, Baronum,"
                    HPOS="524"
                    VPOS="1422"
                    WIDTH="859"
                    HEIGHT="59"
                    WC="0.990146501762111"></String>
          </TextLine>
          <TextLine ID="eSc_line_b57566b9"
                    TAGREFS="LT8"
                    BASELINE="523 1515 1383 1503" 
                    HPOS="522"
                    VPOS="1465"
                    WIDTH="861"
                    HEIGHT="63">
            <Shape><Polygon POINTS="523 1515 523 1528 951 1528 952 1528 954 1528 982 1522 985 1522 987 1522 1020 1528 1022 1528 1023 1528 1036 1520 1039 1520 1055 1520 1145 1525 1146 1525 1237 1518 1246 1518 1250 1518 1295 1524 1296 1524 1297 1524 1314 1517 1315 1517 1317 1517 1330 1523 1332 1523 1332 1523 1383 1515 1383 1503 1380 1477 1302 1465 1301 1465 1180 1468 1179 1468 1159 1478 1155 1480 1118 1480 1113 1479 1092 1470 1091 1470 1090 1470 1089 1470 1087 1470 1075 1479 1073 1481 997 1481 991 1480 958 1470 957 1470 955 1470 954 1470 954 1470 942 1480 939 1483 846 1483 837 1481 812 1473 811 1473 809 1473 809 1473 789 1483 784 1483 775 1483 744 1475 742 1475 741 1475 722 1483 716 1486 672 1486 657 1483 616 1475 614 1475 536 1477 535 1477 522 1483 523 1515"/></Shape>
            <String CONTENT="Caſtellanorum, ſunt patrimoniales, vt in Gallia,"
                    HPOS="522"
                    VPOS="1465"
                    WIDTH="861"
                    HEIGHT="63"
                    WC="0.99412011479338"></String>
          </TextLine>
          <TextLine ID="eSc_line_8b27a80d"
                    TAGREFS="LT8"
                    BASELINE="522 1565 1385 1552" 
                    HPOS="521"
                    VPOS="1513"
                    WIDTH="864"
                    HEIGHT="68">
            <Shape><Polygon POINTS="522 1565 522 1575 596 1581 597 1581 599 1581 599 1581 607 1575 608 1575 611 1575 661 1580 662 1580 711 1574 716 1574 722 1574 759 1578 761 1578 1385 1568 1385 1552 1382 1522 1279 1523 1273 1523 1210 1513 1208 1513 1207 1513 1177 1524 1175 1524 1173 1524 1134 1518 1132 1518 1132 1518 1110 1524 1095 1517 1094 1517 1039 1515 1037 1515 1036 1515 1035 1515 1022 1527 1020 1527 1014 1527 917 1518 915 1518 914 1518 884 1528 864 1518 863 1518 862 1518 860 1518 859 1518 859 1519 849 1528 822 1519 820 1519 819 1519 818 1519 797 1528 768 1520 767 1520 694 1520 692 1520 634 1528 544 1523 542 1523 541 1523 521 1531 522 1565"/></Shape>
            <String CONTENT="illæ à mulieribus haberi &amp; poſsideri poſſunt, meo"
                    HPOS="521"
                    VPOS="1513"
                    WIDTH="864"
                    HEIGHT="68"
                    WC="0.972685966491699"></String>
          </TextLine>
          <TextLine ID="eSc_line_9319f8cf"
                    TAGREFS="LT8"
                    BASELINE="526 1612 1391 1598" 
                    HPOS="524"
                    VPOS="1560"
                    WIDTH="867"
                    HEIGHT="71">
            <Shape><Polygon POINTS="526 1612 526 1631 587 1624 599 1630 601 1630 602 1630 761 1628 762 1628 767 1626 786 1620 824 1625 837 1626 839 1626 840 1626 841 1626 844 1625 854 1620 942 1623 990 1624 991 1624 992 1624 999 1622 1008 1617 1112 1620 1203 1620 1205 1620 1390 1612 1391 1598 1388 1572 1315 1560 1314 1560 1313 1560 1312 1560 1296 1572 1245 1562 1243 1562 1242 1562 1241 1562 1241 1563 1230 1573 1229 1574 1110 1574 1108 1574 1079 1565 1077 1565 1077 1565 1075 1565 1050 1574 1046 1576 973 1576 972 1575 954 1568 952 1568 951 1568 895 1576 882 1578 879 1576 869 1568 868 1568 867 1568 840 1568 839 1568 800 1576 790 1578 784 1576 762 1569 761 1569 759 1569 706 1578 681 1581 661 1578 622 1572 621 1572 524 1578 526 1612"/></Shape>
            <String CONTENT="quidem iudicio, quia non ſunt ſumma imperia i¬"
                    HPOS="524"
                    VPOS="1560"
                    WIDTH="867"
                    HEIGHT="71"
                    WC="0.987323194742203"></String>
          </TextLine>
          <TextLine ID="eSc_line_fe22561f"
                    TAGREFS="LT8"
                    BASELINE="523 1662 1386 1647" 
                    HPOS="522"
                    VPOS="1610"
                    WIDTH="864"
                    HEIGHT="71">
            <Shape><Polygon POINTS="523 1662 523 1673 573 1678 574 1678 599 1671 602 1671 604 1671 613 1679 614 1679 616 1679 617 1680 654 1680 654 1679 720 1678 722 1678 722 1678 731 1671 777 1676 779 1676 780 1676 781 1676 790 1670 795 1670 962 1673 963 1673 1018 1665 1027 1665 1046 1665 1197 1670 1198 1670 1200 1670 1200 1670 1208 1663 1235 1670 1237 1670 1237 1670 1239 1670 1248 1660 1250 1660 1270 1668 1272 1668 1273 1668 1274 1668 1291 1660 1292 1660 1357 1667 1358 1667 1360 1667 1386 1658 1386 1647 1383 1620 1332 1620 1329 1620 1317 1610 1315 1610 1314 1610 1313 1610 1312 1610 1310 1610 1298 1620 1295 1622 1248 1622 1246 1620 1234 1610 1232 1610 1232 1610 1194 1610 1192 1610 1094 1620 1047 1624 1040 1620 1032 1613 1030 1613 1029 1613 969 1613 968 1613 967 1613 965 1613 955 1620 946 1626 934 1620 922 1615 922 1615 882 1615 880 1615 879 1615 867 1620 851 1629 822 1629 809 1620 809 1620 807 1620 806 1620 804 1620 804 1620 799 1620 768 1629 754 1620 749 1617 747 1617 746 1617 745 1617 744 1617 734 1620 722 1625 690 1620 669 1618 668 1618 607 1620 606 1620 604 1620 604 1620 589 1633 522 1622 523 1662"/></Shape>
            <String CONTENT="ſtæ dignitates, &amp; officia: ſed tamẽ ab iiſdem mu¬"
                    HPOS="522"
                    VPOS="1610"
                    WIDTH="864"
                    HEIGHT="71"
                    WC="0.985076901912689"></String>
          </TextLine>
          <TextLine ID="eSc_line_04ba53b7"
                    TAGREFS="LT8"
                    BASELINE="519 1707 1385 1695" 
                    HPOS="518"
                    VPOS="1656"
                    WIDTH="867"
                    HEIGHT="70">
            <Shape><Polygon POINTS="519 1707 519 1719 597 1725 599 1725 1384 1708 1385 1695 1383 1665 1342 1665 1320 1656 1319 1656 1318 1656 1317 1656 1293 1662 1227 1657 1225 1657 1224 1657 1223 1657 1210 1665 1205 1668 1200 1665 1182 1658 1182 1658 1180 1658 1179 1658 1178 1658 1168 1665 1164 1668 1145 1665 1105 1660 1105 1660 1103 1660 1084 1665 1069 1670 1045 1665 1020 1662 1019 1662 1018 1662 1017 1662 1013 1665 1009 1670 1000 1665 992 1663 991 1663 990 1663 989 1663 982 1665 967 1671 850 1673 802 1665 782 1663 781 1663 780 1663 779 1663 775 1665 763 1674 711 1665 697 1665 696 1665 686 1665 644 1675 518 1667 519 1707"/></Shape>
            <String CONTENT="lieribus nec poſſunt, nec debent hæ iuriſdictio¬"
                    HPOS="518"
                    VPOS="1656"
                    WIDTH="867"
                    HEIGHT="70"
                    WC="0.98380501071612"></String>
          </TextLine>
          <TextLine ID="eSc_line_17b08a73"
                    TAGREFS="LT8"
                    BASELINE="518 1757 1383 1742" 
                    HPOS="517"
                    VPOS="1706"
                    WIDTH="866"
                    HEIGHT="78">
            <Shape><Polygon POINTS="518 1757 519 1784 535 1778 586 1784 596 1784 597 1784 599 1784 599 1784 599 1783 608 1775 734 1774 767 1781 770 1781 772 1781 772 1781 774 1781 784 1774 952 1779 1018 1780 1019 1780 1020 1780 1022 1780 1024 1778 1032 1771 1075 1778 1091 1779 1092 1779 1094 1779 1095 1779 1097 1776 1108 1768 1144 1776 1152 1778 1153 1778 1163 1776 1207 1766 1232 1775 1235 1776 1237 1776 1237 1776 1260 1775 1324 1769 1382 1773 1383 1742 1379 1715 1346 1715 1345 1715 1328 1706 1327 1706 1325 1706 1324 1706 1302 1715 1298 1715 1293 1715 1255 1707 1253 1707 1178 1717 1160 1718 1147 1717 1091 1710 1090 1710 1089 1710 1065 1718 1059 1719 1050 1718 1020 1713 1019 1713 1018 1713 1007 1718 1004 1720 1000 1718 986 1713 985 1713 984 1713 982 1713 982 1713 974 1719 972 1721 912 1721 904 1719 877 1713 877 1713 875 1713 752 1715 751 1715 736 1721 727 1725 704 1723 672 1718 672 1718 670 1718 654 1723 642 1726 631 1723 622 1720 621 1720 619 1720 517 1724 518 1757"/></Shape>
            <String CONTENT="nes exerceri: ſed à viris per eas delegatis. Quan¬"
                    HPOS="517"
                    VPOS="1706"
                    WIDTH="866"
                    HEIGHT="78"
                    WC="0.986799746167426"></String>
          </TextLine>
        </TextBlock>
        <TextBlock HPOS="1251"
                   VPOS="1769"
                   WIDTH="132"
                   HEIGHT="50"
                   ID="block_3"
                   TAGREFS="BT17">
          <Shape><Polygon POINTS="1383 1769 1383 1819 1251 1819 1251 1769"/></Shape>
          <TextLine ID="eSc_line_db34edf5"
                    TAGREFS="LT8"
                    BASELINE="1267 1793 1382 1791" 
                    HPOS="1265"
                    VPOS="1766"
                    WIDTH="116"
                    HEIGHT="61">
            <Shape><Polygon POINTS="1267 1793 1267 1819 1320 1814 1338 1825 1342 1828 1343 1828 1345 1828 1346 1828 1382 1826 1382 1791 1378 1766 1265 1769 1267 1793"/></Shape>
            <String CONTENT="quam."
                    HPOS="1265"
                    VPOS="1766"
                    WIDTH="116"
                    HEIGHT="61"
                    WC="0.999721074104309"></String>
          </TextLine>
        </TextBlock>
      </PrintSpace>
    </Page>
  </Layout>
</alto>
