1482 2195
534 128 58 60 67

690 119 561 64 AD I. PAVL. AD TIM.

536 169 862 71 tus eſt, vt ſit earum animus placidus & quietus,

534 219 866 72 nullíſque vitijs expugnari poſsit. Rationem au¬

536 266 862 65 tem addit ab officio ductam. Nempe, quòd ho¬

537 314 863 71 neſta & ſancta opera verè Chriſtianas mulieres

537 363 860 69 & religionem profitentes deceant: non autem il¬

540 411 866 68 le externus veſtitus, quo pudor omnis ab illis

541 462 744 70 proiectus & conculcatus videtur exulare.

592 552 813 83 11 Mulier cum ſilentio diſcito cum o¬

541 619 345 68 mni ſubiectione.

589 697 812 68 Alterum & ſecundum de mulieribus Chriſtia¬

542 756 858 64 nis præceptum, quod ad Eccleſiæ publicíque

540 802 861 66 cœtus politiam & decorum pertinet, Ne in eo lo¬

535 851 866 61 quantur, ſed ſileant, & diſcant. Similis huic locus

540 894 859 71 eſt. 1.Corinth.14.verſ.34. Id quod etiam conſilio

541 945 856 67 Chartaginenſi cap.95. conſtitutum eſt, refertúrq;

541 992 859 70 canon. mulier diſtinct. 23. quantumuis docta &

544 1042 328 68 pia ſit iſta mulier.

592 1082 808 71 Diſsimilia tamen exempla vidẽtur afferri poſ¬

544 1137 854 66 ſe. De Debora Iudic. cap. 4. & Olda mulieribus

546 1187 854 68 prophetiſsis 2.Reg. 22. verſu 14. quæ in Eccleſia

544 1235 856 66 docuerunt. Sed reſponſio parata eſt, illa nimirum

546 1284 856 66 exempla planè eſſe extraordinaria, itaque hæc

547 1332 855 61 Pauli præcepta minimè immutare. Affertur etiã

546 1377 854 63 illud quod Euſeb.lib. 1.devita Conſtantini ſcri¬

549 1424 851 71 pſit, mulieres eligere è ſuo ſexu ſolitas fuiſſe ali¬

546 1475 854 65 quas, quæ eas docerẽt ne in publicis cõgreſſioni¬

546 1523 850 60 bus cõuenirent cũ viris, quod Licinij imperato¬

546 1567 854 69 ris Rom. edicto, & lege in Syria ſimul cum viris

546 1617 859 66 cõgregari & cõuenire vetabãtur. Sed reſponde¬

546 1667 857 63 mus, Illud præter morẽ Eccleſiæ, & præter Dei

547 1712 853 79 præcepta iuſſum eſſe à Licinio homine profano,

1357 1768 46 65 vt
