1482 2195
413 175 280 55 CAPVT II.

932 180 46 53 57

126 224 861 68 crificari Dominus nolebat. Quanquam aliquid

126 276 860 62 in eo Naamani infir mitati conceſſum eſſe mani¬

124 326 863 63 feſtò apparet, quòd & ſacrificat, & extra templũ

125 376 861 59 Dei. Mos autem iſte viſitationum monumento¬

124 423 861 61 rum Martyrum, & terræ ſanctæ, votiuarúmque

126 472 859 60 peregrinationum ex ſuperſtitioſa & nimia Mar¬

126 518 861 61 tyrum veneratione primùm ortus latius poſtea

124 564 860 63 ſerpſit, & ex errore errorem produxit. Quàm

128 613 857 59 parum honorificè de Hieruſalem loquatur Chri

125 663 859 58 ſtus ipſe apparet Matth.23.verſ.37. dum eam ho¬

126 711 860 59 micidam Prophetarum appellat: & poſt eum

125 757 859 56 Paulus, dum eam ſeruæ & ancillæ confert. Galat.

125 807 861 58 4.& ſequens ætas, quæ Apoſtolorum tempori¬

126 852 861 58 bus vicina fuit, idẽ ſentiebat, quæ ne monumenta

126 902 860 58 quidem martyrum ſæpe norat. Sepultura enim

128 951 856 56 eorum contenti, vt de Stephano docemur.Act.

130 997 856 60 7, & 8. venerationem iſtam, quæ cum idololatria

126 1045 858 52 coniuncta eſt, omittebant: imo verò deteſtabã¬

126 1091 859 59 tur & damnabant. Primùm Helena Conſtantini

128 1141 854 61 Magni mater mulier ſuperſtitioſo & fœmineo

128 1191 854 56 quodam zelo commota, terrã, quam vocant, ſan¬

123 1235 861 63 ctam inuiſit, non ipſius quidem terræ gratia, ſed

126 1285 855 55 Chriſti cauſa & fidei ſuæ vt veriſimile eſt, ma¬

125 1332 859 62 gis confirmandæ, quia fidem & ſoam & aliorum

123 1380 857 61 ipſo aſpectu rerũ & monumentis paſſionis Chri¬

123 1429 859 59 ſti (quæ à Iudæis Ethnicis, & quibuſdam hæreti¬

124 1478 860 61 cis negabatur) & quæ ſe dulo illa conquiſiuit, cõ¬

125 1528 857 57 firmare voluit. Quanquam iam in eo peccatum

126 1573 859 60 eſt tamen, quòd plus fidei de Domino cruci, cla¬

128 1620 859 61 uuis, & ſepulchro, quàm ipſi Spiritui ſancto, Apo¬

126 1668 858 61 ſtoli ſcriptis & Euangeliſtis tribuiſſe videatur.

134 1715 851 63 Sed poſt orbem Chriſtianum factum ſupplica¬

136 1765 853 75 runt ſuperſtitioſi ad Martyrum monumenta, ad

731 1815 81 73 e. iij.
