1482 2195
752 121 355 59 EPISTOLA.

534 176 857 75 & perſonarum circunſtantia. Eodémque

531 239 854 65 modo reſpõdemus ad alteram illam quo¬

531 294 861 68 rundam petitionẽ, in qua quærũt vtrum

531 344 854 72 Eccleſia à conſtituta ſemel per Apoſtolos

530 403 856 71 diſciplina recedere poſſit, ac vtrum ſit v¬

530 461 859 66 na & eadem diſciplinæ Eccleſiaſticæ in

529 518 856 61 omnibus euangelicis Eccleſiis forma re¬

527 569 854 68 tinenda? Nam ſi de eſſentialibus diſcipli¬

526 629 858 67 næ Eccleſiaſticæ agunt, dicimus illa ab o¬

527 687 858 64 mnibus Eccleſiis æqualiter eadémque eſ¬

527 741 858 57 ſe & ſeruãda & retinenda, veluti vt ſit re¬

529 794 856 68 gimẽ Eccleſiæ nõ Monarchicum, ſed A¬

526 854 859 66 riſtocraticũ: vt ſit in quaque Eccleſia ſena

526 909 858 65 tus & cœtus aliquis Presbyterorum ab

524 960 858 72 Eccleſia electorum, ſine quo nemo vel

526 1022 858 67 Paſtor, vel alius quiſquam negotia Eccle

524 1077 856 66 ſiæ gerat : ſit aliqua ſcelerum & morum

527 1135 850 61 vitioſorum cenſura, eáque non vnius ali¬

524 1189 855 69 cuius arbitratu, ſed ἡγουμένων, & vt ait Hie¬

526 1248 854 65 ro. Presbyterorum, æſtimatione & iudicio

524 1303 858 64 fiat: ſit denique excommunicatio, non ex

526 1358 853 69 quorundam Iuriſcõſultorum & pragma¬

526 1415 856 66 ticorum, ſed ex Dei verbo iudicantium

524 1469 858 68 hominum ſenſu & iudicio, lata in nõ pœ¬

524 1527 862 63 nitentem, approbãte & collecta Eccleſia.

529 1580 854 68 Itaque οὐσίαν diſciplinæ Eccleſiaſticæ in o¬

529 1641 855 66 mnibus Eccleſiis reformatis & Euange¬

536 1696 848 84 licis eandem eſſe oportere ingenuè, & a¬

1268 1750 120 86 pertè
