1482 2195
390 146 282 60 CAPVT II.

901 159 57 55 71

107 204 855 62 quam hoc omnino perperam & peſſimè receptũ

101 252 859 62 eſt vſquam gentium, vt ſit iuriſdictio vlla pars

103 301 856 62 patrimonij, & reditus noſtri ac dominij, ſed tam

102 349 856 59 latè patet & graſſatur in omnia auaritia, vt etiam

102 394 855 65 res ſacratiſsimas, qualis eſt Magiſtratus, fecerit

103 449 856 57 patrimoniales & in cenſu numeret : non autem

106 492 854 59 virtuti & doctrinæ eorum, qui ſunt capaces eorũ

98 540 857 57 munerum, tribuat. Vide quæ ſcribuntur can. Mu¬

101 589 666 71 lierem 33. quæſt.5. de hoc argumento.

157 685 800 74 13 Adam enim prior formatus eſt, de¬

97 739 216 71 inde Eua.

147 819 811 65 A’ιτιολoyίa eſt ſaperioris ſententiæ ab ordine

98 872 857 59 naturali ducta, quem Dominus Deus inter vtrũ¬

103 920 852 59 que ſexum conſtituit rerum initio, & ſtatim ab i¬

101 968 859 57 pſa vtriuſque creatione. Is autem fuit, vt pareret

98 1014 859 62 mulier. Vir autẽ caput & ſuperior eſſet. Id quod

98 1063 855 62 ex ipſo ordine creationis apparet. Adam enim,

101 1112 851 61 qui eſt mas & vir, prior creatus eſt. Eua autem,

102 1162 853 58 quæ eſt fœmina, poſterior. Sed tamen eodem die

99 1215 856 52 vt docetur tum Geneſ. cap.I.verſ.27. tum 2.verſ.

99 1260 854 52 18. Non tam autem ex natiuitatis ordine Paulus

98 1307 856 55 argumentatur & probat virum ſuperiorem eſſe:

99 1355 858 56 quàm ex fine creationis mulieris. Nam creata eſt

98 1403 853 57 fœ mina, vt eſſet viro in adiutorium, & ad eum,

97 1450 858 62 tanquam ſuum propriúmque finem reſpiceret.

102 1497 853 58 Quæ autem ad finem aliquem deſtinantur illíq;

97 1545 858 57 ſubſeruiunt, ſunt eo fine minora, inferiora, ac illi

98 1592 857 58 ſubiecta. Id quod verum eſſe ratio omnis & natu¬

99 1640 855 61 ralis & Philoſophica docet. Nam alioquin à ſolo

101 1688 856 60 natiuitatis & productionis tempore, & ordine

102 1736 856 75 ratio ducta nihil efficit & concludit. Piſces enim

704 1781 92 94 f.iiij.
