1482 2195
534 148 51 59 69

677 134 568 66 AD I. PAVL. AD TIM.

530 186 865 85 neque authoritatem vſurpare in virum, ſed

531 253 298 72 eſſe in ſilentio.

552 321 840 80 Prima ratio quæ explicatur hoc loco, à diffe¬

532 376 860 70 rentia, quæ à Deo ipſo conſtituta eſt inter vtrun¬

535 423 860 73 que ſexum virilem nempe & muliebrẽ, ducta eſt.

537 472 858 67 Secunda verò à genere. Deus neque mulieres

539 518 856 74 præeſſe vult, neque docere, neq; in viros autho¬

536 567 859 72 ritatem vſurpare: At qui loquitur in Ecceſia ſiue

539 617 857 73 præeſt ea & docet, in viros ſumit quoddam

537 664 859 73 imperium & authoritatem. Ergo mulieres loqui

539 713 866 69 in Eccleſia neque poſſunt, neque debent. Nec

541 758 856 71 obſtat quod eas in Diaconatum alleget Paulus

541 806 854 73 inf. cap. 5.verſ.9. Nudum enim illæ manuum mi¬

540 859 860 66 niſterium præbent, Diaconis autem ipſis parent.

544 902 859 73 Sed ex hoc loco de eo quoque inter quoſdam di¬

542 952 859 71 ſputatum eſt, Vtrum honeſtum ſit mulieres re¬

546 1000 854 73 gnare, id eſt, viris imperare, & ſummum impe¬

544 1047 859 71 rium & ius in viros & mares obtinere. Id quod in

544 1094 858 75 Hiſpania, Anglia, Scotia variiſque aliis regioni¬

544 1144 858 64 bus locum habet. Cuius etiam rei extant exem¬

547 1192 859 71 pla in Semiramide Aſſyriorum regina, Candace

544 1239 855 74 Ethiopum Actor.8. verſ.27. Cleopatra Ægy¬

544 1290 863 68 ptiorum ſub Auguſto, & Zenobia fortiſſima mu¬

544 1334 863 71 liere ſub Adriano imperatore (cuius Zenobiæ im¬

549 1383 857 70 perio etiam multæ Eccleſiæ Chriſtianæ parue¬

549 1433 859 67 runt. In populo autem Dei nihil quicquam tale

549 1480 861 70 habemus, ſiue Iudaicum ſiue Iſraëliticum regnũ

549 1528 859 62 ſpectetur. Nam quod de Athalia poteſt afferri 2.

551 1575 859 70 Reg. 11. facile diluitur: fuit enim vſurpatio & in¬

551 1625 859 67 uaſio iniuſta regni ea Athaliæ dominatio: non

549 1674 863 66 autem regnum & poteſtas legitima cui populus

549 1720 862 83 lubens aſſentiretur vt poſtea apparuit. Quare

1315 1766 98 71 iuſtè
