1482 2195
390 151 257 52 CAPVT I.

900 140 49 84 11

146 216 37 61 4

201 211 741 72 Porrò finis mandati eſt charitas ex

83 268 857 71 puro corde, & conſcientia bona, & fide non

81 321 194 72 ſimulata.

126 390 813 71 Αʹντίθεσις . Opponit ex aduerſo inutilibus iſtis

83 449 857 54 quæſtionibus veram Theologiæ tractationem,

83 497 859 59 quæ charitatem pro fine habet, Verbũ Dei pro¬

81 546 859 60 fundamẽto, πρᾶξιν autẽ, eámque legitimam, pro

80 592 862 54 laboris fructu & pro iuſto finis, ad quem tendit

80 641 859 61 teſtimonio, quæ tria breuiſſimè quidem, ſed ta¬

81 694 805 56 men grauiter complectitur hoc loco Paulus.

130 740 809 61 Finis præcepti) id eſt legis Dei, quam ſuę cu¬

78 786 863 61 rioſitati prætexebãt, eſt charitas. Ergo nõ ineptæ

79 835 863 61 & inutiles quæſtiones iſtæ. Legis nomine Scri¬

76 884 860 62 pturam ſacram intelligit, quæ Legis nomine ap¬

78 932 859 58 pellatur, quòd tunc temporis alia nulla ſacra ſcri¬

79 982 856 57 ptio adhuc eſſet, niſi de Lege, etſi Legem ipſam

78 1025 856 64 à Prophetarũ ſcriptis nonnunquam diſtinctam

76 1072 859 63 legimus Luc 24. Sed & Legis nomen latiſsimè

76 1123 859 57 patere certum eſt apud Paulum. Vnde Lex fidei

76 1170 855 59 & Lex Spiritus à Paulo dicitur Romanor.3, v. 8.

74 1219 859 56 Hîc autem pro Verbi diuini tractatione. Nam

75 1268 857 59 docet Paulus quis ſit veræ Theologiæ finis. Is au¬

75 1315 856 55 tem eſt non theoriticus ſed practicus, non inanis

73 1363 859 60 ſed fructuoſus conſolatióq; animarũ, quia chari¬

73 1413 864 55 tas actionem producit, nec in ſola contemplatio¬

73 1462 856 56 ne nec in verbis ſolis & lingua verſatur a Ioan.3.v

73 1505 854 65 18. Scholaſtici aliud de ſua Theologia ſentiunt,

71 1556 856 62 cuius finẽ conſtituunt contemplationẽ & Theo¬

71 1605 858 58 riam. Aiunt enim præſtantiſsimæ ſcientiæ eſt

73 1652 854 63 præſtantiſsimus finis. At Theologia eſt ars præ¬

69 1698 858 65 ſtantiſsima. Hæc concedimus. Sed quod aiunt,

121 1747 804 73 Contemplatio eſt nobilior actione. Reſp.
