<?xml version="1.0" encoding="UTF-8"?>
<alto xmlns:xsi="http://www.w3.org/2001/XMLSchema-instance"
      xmlns="http://www.loc.gov/standards/alto/ns-v4#"
      xsi:schemaLocation="http://www.loc.gov/standards/alto/ns-v4# http://www.loc.gov/standards/alto/v4/alto-4-2.xsd">
  <Description>
    <MeasurementUnit>pixel</MeasurementUnit>
    <sourceImageInformation>
      <fileName>2012900.png</fileName>
    </sourceImageInformation>
  </Description>
  <Tags>
    <OtherTag ID="BT10" LABEL="DropCapitalZone" DESCRIPTION="block type DropCapitalZone"/><OtherTag ID="BT11" LABEL="GraphicZone" DESCRIPTION="block type GraphicZone"/><OtherTag ID="BT12" LABEL="MainZone" DESCRIPTION="block type MainZone"/><OtherTag ID="BT13" LABEL="MarginTextZone" DESCRIPTION="block type MarginTextZone"/><OtherTag ID="BT15" LABEL="NumberingZone" DESCRIPTION="block type NumberingZone"/><OtherTag ID="BT17" LABEL="QuireMarksZone" DESCRIPTION="block type QuireMarksZone"/><OtherTag ID="BT18" LABEL="RunningTitleZone" DESCRIPTION="block type RunningTitleZone"/><OtherTag ID="BT22" LABEL="TitlePageZone" DESCRIPTION="block type TitlePageZone"/><OtherTag ID="BT3206" LABEL="MainZone-Head" DESCRIPTION="block type MainZone-Head"/><OtherTag ID="BT3207" LABEL="MainZone-P" DESCRIPTION="block type MainZone-P"/><OtherTag ID="BT3208" LABEL="MainZone-Continued" DESCRIPTION="block type MainZone-Continued"/><OtherTag ID="BT3209" LABEL="MarginTextZone-ManuscriptAddendum" DESCRIPTION="block type MarginTextZone-ManuscriptAddendum"/><OtherTag ID="BT3210" LABEL="MainZone-Entry" DESCRIPTION="block type MainZone-Entry"/>
    <OtherTag ID="LT7" LABEL="CustomLine" DESCRIPTION="line type CustomLine"/><OtherTag ID="LT8" LABEL="DefaultLine" DESCRIPTION="line type DefaultLine"/><OtherTag ID="LT9" LABEL="DropCapitalLine" DESCRIPTION="line type DropCapitalLine"/><OtherTag ID="LT10" LABEL="HeadingLine" DESCRIPTION="line type HeadingLine"/><OtherTag ID="LT62" LABEL="CustomLine : BiblicalText" DESCRIPTION="line type CustomLine : BiblicalText"/>
  </Tags>
  <Layout>
    <Page WIDTH="1482"
          HEIGHT="2195"
          PHYSICAL_IMG_NR="16"
          ID="eSc_dummypage_">
      <PrintSpace HPOS="0"
                  VPOS="0"
                  WIDTH="1482"
                  HEIGHT="2195">
        <TextBlock HPOS="732"
                   VPOS="119"
                   WIDTH="362"
                   HEIGHT="52"
                   ID="block_2"
                   TAGREFS="BT18">
          <Shape><Polygon POINTS="1095 119 1095 171 732 171 732 119"/></Shape>
          <TextLine ID="eSc_line_c6b17ab4"
                    TAGREFS="LT10"
                    BASELINE="742 161 1089 154" 
                    HPOS="741"
                    VPOS="121"
                    WIDTH="348"
                    HEIGHT="52">
            <Shape><Polygon POINTS="1070 125 1058 125 1046 125 1034 125 1022 125 1009 125 997 124 985 124 973 124 960 124 950 124 946 125 936 124 924 124 912 123 900 123 894 123 891 125 864 123 863 123 851 123 839 121 827 121 781 128 761 123 754 126 741 135 742 161 742 174 1089 169 1089 154 1085 131 1082 129"/></Shape>
            <String CONTENT="EPISTOLA."
                    HPOS="741"
                    VPOS="121"
                    WIDTH="348"
                    HEIGHT="52"
                    WC="0.999670022063785"></String>
          </TextLine>
        </TextBlock>
        <TextBlock HPOS="507"
                   VPOS="179"
                   WIDTH="876"
                   HEIGHT="1580"
                   ID="block_1"
                   TAGREFS="BT3208">
          <Shape><Polygon POINTS="1383 179 1383 1759 507 1759 507 179"/></Shape>
          <TextLine ID="eSc_line_19712038"
                    TAGREFS="LT8"
                    BASELINE="519 228 1373 216" 
                    HPOS="518"
                    VPOS="171"
                    WIDTH="854"
                    HEIGHT="68">
            <Shape><Polygon POINTS="1360 176 1357 175 1347 175 1335 175 1323 175 1317 175 1310 176 1307 175 1298 175 1287 175 1274 175 1273 175 1268 178 1228 175 1225 175 1213 175 1202 175 1195 181 1194 181 1137 176 1137 176 1097 183 1096 183 1094 183 1030 171 1029 171 940 180 894 174 892 174 891 174 860 185 857 186 840 185 704 176 704 176 702 176 662 188 656 189 645 188 604 183 604 183 602 183 590 189 589 189 575 179 574 179 573 179 554 179 542 179 530 179 518 189 519 228 519 239 1373 231 1373 216 1372 184 1360 176"/></Shape>
            <String CONTENT="&amp; poteſt. Itaque cùm hominum conſciẽ¬"
                    HPOS="518"
                    VPOS="171"
                    WIDTH="854"
                    HEIGHT="68"
                    WC="0.986006817756555"></String>
          </TextLine>
          <TextLine ID="eSc_line_0bdf059b"
                    TAGREFS="LT8"
                    BASELINE="517 284 1380 271" 
                    HPOS="516"
                    VPOS="230"
                    WIDTH="864"
                    HEIGHT="71">
            <Shape><Polygon POINTS="517 294 573 301 574 301 575 301 601 294 604 294 607 294 657 299 658 299 659 299 686 292 691 291 787 291 792 292 814 298 815 298 817 298 854 292 867 289 885 291 917 294 918 294 964 291 995 289 1004 291 1024 296 1025 296 1027 296 1027 296 1029 296 1029 294 1035 289 1039 287 1049 289 1064 294 1065 294 1067 294 1068 294 1079 289 1085 287 1090 289 1096 294 1097 294 1099 294 1100 294 1122 289 1134 287 1146 289 1167 294 1168 294 1380 287 1380 271 1378 239 1232 230 1232 230 1230 230 1229 230 1220 238 1174 231 1173 231 1172 231 1152 239 1147 242 1142 239 1127 231 1125 231 1124 231 1064 239 1018 234 1017 234 1015 234 1002 239 997 242 963 239 877 235 875 235 874 235 872 235 864 241 859 244 841 241 820 236 819 236 818 236 817 236 812 241 804 247 759 241 749 239 747 239 746 239 745 239 744 241 731 249 685 251 563 251 552 242 551 242 549 242 516 242 517 284"/></Shape>
            <String CONTENT="tias immutare, inflectere, ad Deũ adduce."
                    HPOS="516"
                    VPOS="230"
                    WIDTH="864"
                    HEIGHT="71"
                    WC="0.974148473569325"></String>
          </TextLine>
          <TextLine ID="eSc_line_fd2ff83e"
                    TAGREFS="LT8"
                    BASELINE="518 339 1380 328" 
                    HPOS="517"
                    VPOS="281"
                    WIDTH="863"
                    HEIGHT="80">
            <Shape><Polygon POINTS="518 339 518 351 586 361 587 361 589 361 590 361 604 351 606 349 757 349 764 349 818 357 819 357 851 349 863 347 877 349 913 356 914 356 949 348 965 346 982 348 1014 354 1015 354 1047 348 1055 347 1064 348 1094 353 1095 353 1137 348 1147 347 1179 347 1287 351 1287 351 1289 351 1290 351 1290 349 1293 347 1301 341 1378 346 1380 328 1379 294 1337 281 1337 281 1335 281 1334 281 1312 294 1258 294 1247 285 1246 285 1245 285 1243 285 1242 285 1205 294 1120 284 1119 284 1044 285 1042 285 1041 285 1041 286 1029 297 1004 286 1004 286 1002 286 1001 286 977 297 957 292 955 292 954 292 954 292 952 292 945 298 797 289 796 289 795 289 779 294 717 289 716 289 714 289 681 302 645 294 644 294 642 294 613 302 587 294 586 294 585 294 584 294 582 294 568 304 517 304 518 339"/></Shape>
            <String CONTENT="re, huius diſciplinæ eccleſiaſticæ propoſi¬"
                    HPOS="517"
                    VPOS="281"
                    WIDTH="863"
                    HEIGHT="80"
                    WC="0.970000151977983"></String>
          </TextLine>
          <TextLine ID="eSc_line_7c27896f"
                    TAGREFS="LT8"
                    BASELINE="519 394 1377 385" 
                    HPOS="518"
                    VPOS="342"
                    WIDTH="859"
                    HEIGHT="71">
            <Shape><Polygon POINTS="519 394 519 409 770 406 781 407 822 413 824 413 825 413 837 406 842 404 885 404 890 406 907 412 908 412 909 412 910 412 924 406 927 406 1053 411 1055 411 1140 409 1141 409 1142 409 1150 403 1347 407 1348 407 1350 407 1377 399 1377 385 1373 344 1323 352 1313 346 1310 342 1308 342 1307 342 1305 342 1305 342 1292 346 1279 349 1262 347 1245 344 1243 344 1242 344 1232 347 1213 353 1200 348 1189 344 1187 344 1187 344 1185 344 1184 344 1178 348 1169 354 1107 354 1095 349 1080 344 1079 344 1077 344 1050 351 1029 356 1000 352 947 346 946 346 945 346 927 353 920 357 912 354 901 351 900 351 899 351 852 356 822 358 774 358 772 357 757 348 756 348 754 348 718 356 691 349 690 349 689 349 687 349 669 357 551 351 549 351 549 351 518 362 519 394"/></Shape>
            <String CONTENT="tũ ſit &amp; finis, quomodo, quáue via id fieri"
                    HPOS="518"
                    VPOS="342"
                    WIDTH="859"
                    HEIGHT="71"
                    ></String>
          </TextLine>
          <TextLine ID="eSc_line_63770358"
                    TAGREFS="LT8"
                    BASELINE="519 452 1370 440" 
                    HPOS="518"
                    VPOS="399"
                    WIDTH="852"
                    HEIGHT="72">
            <Shape><Polygon POINTS="519 452 519 467 662 471 663 471 704 466 736 462 744 466 752 469 754 469 754 469 756 469 764 466 775 459 863 459 910 464 941 467 942 467 973 463 1029 457 1045 463 1049 464 1050 464 1051 464 1052 464 1053 464 1055 463 1062 458 1095 462 1113 464 1114 464 1115 464 1122 462 1137 456 1150 462 1153 463 1155 463 1155 463 1369 459 1370 440 1369 408 1341 401 1340 401 1338 401 1303 407 1295 401 1293 401 1292 401 1291 401 1290 401 1265 408 1247 399 1246 399 1245 399 1243 399 1205 408 1148 399 1147 399 1146 399 1112 411 1062 401 1060 401 1059 401 1058 401 1046 412 1027 412 1014 402 1013 402 1012 402 1010 402 1009 402 1008 402 996 412 960 406 959 406 958 406 957 406 947 412 932 403 930 403 929 403 927 403 902 413 872 403 872 403 870 403 869 403 854 412 837 406 836 406 835 406 834 406 832 406 822 416 747 416 725 406 724 406 689 406 687 406 686 406 685 406 685 407 674 417 649 417 604 407 602 407 544 417 531 412 530 412 529 412 527 412 526 412 518 417 519 452"/></Shape>
            <String CONTENT="rectè poſſit, à nemine, præterquàm ab vno"
                    HPOS="518"
                    VPOS="399"
                    WIDTH="852"
                    HEIGHT="72"
                    WC="0.969026942144741"></String>
          </TextLine>
          <TextLine ID="eSc_line_5274f1ea"
                    TAGREFS="LT8"
                    BASELINE="522 507 1375 497" 
                    HPOS="521"
                    VPOS="453"
                    WIDTH="854"
                    HEIGHT="74">
            <Shape><Polygon POINTS="522 507 522 521 625 527 626 527 711 521 744 518 768 521 813 525 814 525 856 524 857 524 859 524 863 521 868 517 890 521 912 523 913 524 960 524 960 523 962 523 969 519 977 516 1018 519 1052 523 1053 523 1055 523 1065 519 1082 514 1127 519 1150 522 1152 522 1258 521 1260 521 1263 519 1274 513 1287 519 1287 519 1289 519 1290 519 1291 519 1293 519 1322 512 1374 518 1375 497 1373 466 1343 466 1319 453 1318 453 1317 453 1315 453 1270 466 1265 466 1258 466 1215 459 1214 459 1189 466 1187 466 1185 466 1174 456 1174 454 1173 454 1172 454 1170 454 1134 457 1132 457 1118 466 1114 467 1105 466 1070 458 1069 458 1068 458 1055 466 1047 469 972 469 965 466 954 458 954 458 952 458 951 458 875 464 844 458 842 458 841 458 840 458 832 466 829 468 825 466 822 462 820 462 819 462 734 459 732 459 731 459 709 466 681 473 621 474 581 474 568 466 564 462 563 462 562 462 561 462 521 464 522 507"/></Shape>
            <String CONTENT="Deo præſcribi, definiríue poteſt, quia ſo¬"
                    HPOS="521"
                    VPOS="453"
                    WIDTH="854"
                    HEIGHT="74"
                    ></String>
          </TextLine>
          <TextLine ID="eSc_line_5ad6457a"
                    TAGREFS="LT8"
                    BASELINE="521 564 1373 552" 
                    HPOS="519"
                    VPOS="509"
                    WIDTH="854"
                    HEIGHT="72">
            <Shape><Polygon POINTS="521 564 521 575 601 581 602 581 604 581 617 574 718 574 754 581 754 581 814 572 850 581 851 581 852 581 854 581 880 572 917 580 918 580 919 580 934 572 942 580 944 580 945 580 946 580 947 580 962 572 1285 575 1287 575 1373 563 1373 552 1370 519 1322 509 1320 509 1319 509 1318 509 1318 511 1307 519 1307 521 1284 521 1279 519 1258 514 1257 514 1255 514 1255 514 1253 514 1247 521 1246 522 1112 523 1109 522 1099 513 1097 513 1096 513 1064 513 1063 513 1062 513 1034 522 1027 524 1017 523 980 514 979 514 977 514 977 514 965 523 964 524 927 525 891 524 774 517 772 517 695 519 694 519 679 525 674 529 645 529 640 526 630 519 629 519 627 519 626 519 625 519 596 526 585 530 552 530 549 526 541 522 541 521 540 521 539 521 537 521 536 521 519 525 521 564"/></Shape>
            <String CONTENT="lus ille eas fabricatus eſt: ſolus quomodo"
                    HPOS="519"
                    VPOS="509"
                    WIDTH="854"
                    HEIGHT="72"
                    WC="0.985014146282559"></String>
          </TextLine>
          <TextLine ID="eSc_line_d7d7b0c7"
                    TAGREFS="LT8"
                    BASELINE="521 619 1373 609" 
                    HPOS="519"
                    VPOS="567"
                    WIDTH="854"
                    HEIGHT="70">
            <Shape><Polygon POINTS="521 619 521 636 1372 629 1373 609 1372 580 1332 567 1332 567 1330 567 1329 567 1328 567 1305 580 1146 581 1110 569 1109 569 1108 569 1050 584 1000 584 968 571 967 571 965 571 964 571 935 584 906 572 904 572 839 572 837 572 836 572 797 584 759 572 758 572 757 572 692 584 626 574 625 574 624 574 590 586 549 579 547 579 546 579 519 589 521 619"/></Shape>
            <String CONTENT="eæ regendæ, flectendæ, ac immutandæ"
                    HPOS="519"
                    VPOS="567"
                    WIDTH="854"
                    HEIGHT="70"
                    WC="0.992610652106149"></String>
          </TextLine>
          <TextLine ID="eSc_line_addfafe9"
                    TAGREFS="LT8"
                    BASELINE="521 675 1373 664" 
                    HPOS="519"
                    VPOS="622"
                    WIDTH="854"
                    HEIGHT="75">
            <Shape><Polygon POINTS="521 675 521 697 627 696 629 696 647 689 670 696 672 696 672 696 674 696 675 696 676 696 694 689 754 695 759 695 761 695 764 695 804 686 862 692 863 692 900 685 968 692 977 692 977 692 979 692 980 692 991 686 1085 690 1086 690 1087 690 1109 682 1146 687 1147 687 1184 681 1230 681 1243 689 1245 689 1246 689 1247 689 1252 689 1305 680 1372 686 1373 664 1370 629 1305 622 1305 622 1303 622 1277 630 1268 632 1265 630 1258 624 1258 622 1257 622 1255 622 1255 622 1253 622 1232 631 1232 631 1223 624 1223 622 1222 622 1220 622 1219 622 1218 622 1194 630 1140 624 1139 624 1039 635 1029 635 1027 635 995 625 994 625 992 625 856 637 854 637 822 627 820 627 819 627 818 627 817 627 804 637 779 629 777 629 777 629 775 629 774 629 774 630 763 640 742 640 725 629 724 629 722 629 722 629 720 629 697 641 613 641 532 631 531 631 530 631 529 631 529 632 519 640 521 675"/></Shape>
            <String CONTENT="ſint, nouit, ſolus earũ dominus eſt. Ipſius"
                    HPOS="519"
                    VPOS="622"
                    WIDTH="854"
                    HEIGHT="75"
                    WC="0.980449503118342"></String>
          </TextLine>
          <TextLine ID="eSc_line_b9892d94"
                    TAGREFS="LT8"
                    BASELINE="521 732 1372 720" 
                    HPOS="519"
                    VPOS="676"
                    WIDTH="853"
                    HEIGHT="77">
            <Shape><Polygon POINTS="521 732 521 754 608 742 830 741 849 746 859 749 859 749 860 749 862 749 874 745 895 740 963 744 1029 746 1030 746 1032 746 1050 741 1055 740 1060 741 1089 745 1090 745 1091 745 1092 745 1100 740 1105 737 1114 740 1137 744 1137 744 1345 741 1346 741 1372 732 1372 720 1368 682 1317 687 1308 684 1293 676 1292 676 1291 676 1290 676 1269 684 1255 690 1175 690 1158 686 1124 679 1123 679 1122 679 1120 679 1120 680 1112 687 1107 692 1073 692 1067 689 1055 680 1053 680 1052 680 1030 680 1029 680 986 681 985 681 965 691 964 691 946 681 945 681 944 681 942 681 919 691 914 694 907 692 872 682 872 682 870 682 774 695 770 695 767 695 690 685 689 685 654 686 652 686 651 686 636 697 625 689 624 689 622 689 622 689 621 689 619 689 609 696 572 687 571 687 569 687 568 687 568 689 558 697 519 699 521 732"/></Shape>
            <String CONTENT="enim ſolius templa &amp; ſedes ſunt noſtræ"
                    HPOS="519"
                    VPOS="676"
                    WIDTH="853"
                    HEIGHT="77"
                    WC="0.989777370503074"></String>
          </TextLine>
          <TextLine ID="eSc_line_e544a270"
                    TAGREFS="LT8"
                    BASELINE="521 785 1370 775" 
                    HPOS="519"
                    VPOS="735"
                    WIDTH="851"
                    HEIGHT="72">
            <Shape><Polygon POINTS="521 785 521 800 557 800 559 800 571 807 572 807 573 807 574 807 622 800 634 799 637 800 647 804 649 804 649 804 676 800 686 799 706 800 762 804 763 804 764 804 774 800 779 797 812 800 865 804 867 804 868 804 879 800 887 796 904 800 925 804 927 804 927 804 936 800 946 795 986 799 1018 802 1019 802 1049 799 1090 794 1105 799 1112 801 1113 801 1114 801 1200 800 1200 800 1203 799 1213 794 1223 799 1227 800 1228 800 1229 800 1370 797 1370 775 1367 745 1253 745 1225 735 1224 735 1223 735 1222 735 1200 746 1155 746 1125 736 1124 736 1123 736 1122 736 1120 736 1120 737 1109 747 1082 747 1068 736 1067 736 1065 736 1064 736 1063 736 1041 747 1018 737 1017 737 972 737 970 737 969 737 968 737 968 739 958 747 937 740 936 740 935 740 901 747 890 739 889 739 887 739 839 739 837 739 731 740 730 740 690 751 626 741 625 741 624 741 604 749 590 744 589 744 587 744 519 754 521 785"/></Shape>
            <String CONTENT="conſcientiæ. Vnde velle ab alio, &amp; mor¬"
                    HPOS="519"
                    VPOS="735"
                    WIDTH="851"
                    HEIGHT="72"
                    WC="0.987870028385749"></String>
          </TextLine>
          <TextLine ID="eSc_line_7940da75"
                    TAGREFS="LT8"
                    BASELINE="521 844 1372 834" 
                    HPOS="519"
                    VPOS="790"
                    WIDTH="853"
                    HEIGHT="71">
            <Shape><Polygon POINTS="521 844 521 854 624 860 625 860 677 859 679 859 680 859 690 852 691 852 692 852 741 857 742 857 744 857 745 857 751 851 752 851 754 851 789 859 790 859 791 859 806 851 836 859 837 859 839 859 900 850 901 850 904 850 944 857 945 857 1027 850 1079 854 1080 854 1082 854 1082 854 1095 847 1100 847 1196 854 1197 854 1198 854 1200 854 1208 846 1210 845 1280 845 1287 845 1345 852 1346 852 1347 852 1372 844 1372 834 1368 799 1301 799 1300 799 1265 790 1264 790 1263 790 1207 800 1205 800 1205 800 1172 791 1170 791 1169 791 1168 791 1167 791 1155 801 1140 792 1139 792 1137 792 1097 799 1074 792 1073 792 1072 792 1070 792 1051 802 1050 804 994 804 974 804 954 794 954 794 952 794 951 794 950 794 939 804 937 804 936 804 865 795 864 795 863 795 827 804 827 804 825 804 749 796 747 796 746 796 727 804 719 797 718 797 717 797 662 797 661 797 659 797 658 797 649 804 639 797 637 797 636 797 635 797 634 797 632 797 618 807 572 799 571 799 519 809 521 844"/></Shape>
            <String CONTENT="tali quidem homine, leges inflectendæ, &amp;"
                    HPOS="519"
                    VPOS="790"
                    WIDTH="853"
                    HEIGHT="71"
                    WC="0.975059585273266"></String>
          </TextLine>
          <TextLine ID="eSc_line_edbcfbd4"
                    TAGREFS="LT8"
                    BASELINE="519 897 1372 889" 
                    HPOS="518"
                    VPOS="847"
                    WIDTH="854"
                    HEIGHT="70">
            <Shape><Polygon POINTS="519 897 519 907 589 917 590 917 640 907 641 907 642 907 706 915 707 915 708 915 709 915 709 914 719 907 859 913 860 913 862 913 887 904 890 904 899 904 1001 913 1002 913 1004 913 1032 904 1144 910 1145 910 1146 910 1167 904 1169 902 1172 904 1195 910 1196 910 1197 912 1250 912 1250 910 1305 904 1342 909 1343 909 1345 909 1372 901 1372 889 1369 856 1152 847 1150 847 1150 847 1148 847 1139 856 1096 859 1089 859 1072 850 1070 850 1015 849 1014 849 1013 849 1012 849 994 859 992 860 963 860 954 859 882 850 882 850 817 862 813 862 809 862 758 851 757 851 756 851 724 863 722 863 719 863 692 854 691 854 690 854 689 854 667 863 666 864 518 864 519 897"/></Shape>
            <String CONTENT="conuertendæ noſtræ cõſcientiæ propter"
                    HPOS="518"
                    VPOS="847"
                    WIDTH="854"
                    HEIGHT="70"
                    WC="0.984637767076492"></String>
          </TextLine>
          <TextLine ID="eSc_line_2e8fcacf"
                    TAGREFS="LT8"
                    BASELINE="521 954 1369 946" 
                    HPOS="519"
                    VPOS="901"
                    WIDTH="850"
                    HEIGHT="66">
            <Shape><Polygon POINTS="521 954 521 968 1368 962 1369 946 1367 910 1297 901 1296 901 1295 901 1293 901 1282 909 1232 902 1230 902 1229 902 1212 912 1168 912 1146 904 1145 904 1144 904 1142 904 1119 912 1058 904 1057 904 1055 904 1035 912 1013 904 1012 904 1010 904 968 904 967 904 965 904 965 906 955 914 872 914 854 906 854 906 774 906 772 906 772 906 742 915 659 907 658 907 657 907 637 917 531 909 530 909 529 909 527 909 519 915 521 954"/></Shape>
            <String CONTENT="Dei verbum habere, eſt hallucinari velle,"
                    HPOS="519"
                    VPOS="901"
                    WIDTH="850"
                    HEIGHT="66"
                    WC="0.968189732330601"></String>
          </TextLine>
          <TextLine ID="eSc_line_d8c62dd5"
                    TAGREFS="LT8"
                    BASELINE="521 1010 1373 1000" 
                    HPOS="519"
                    VPOS="957"
                    WIDTH="854"
                    HEIGHT="71">
            <Shape><Polygon POINTS="521 1010 521 1024 699 1027 699 1027 731 1022 745 1019 747 1022 754 1027 754 1027 756 1027 757 1027 796 1027 796 1027 797 1027 799 1027 806 1020 809 1018 863 1019 977 1024 977 1024 979 1024 994 1018 1000 1015 1024 1018 1084 1023 1085 1023 1114 1017 1123 1014 1132 1015 1155 1022 1155 1022 1157 1022 1158 1022 1178 1015 1187 1013 1210 1014 1275 1020 1277 1020 1307 1013 1315 1012 1370 1012 1373 1000 1369 958 1327 964 1315 959 1310 957 1310 957 1308 957 1228 959 1217 960 1180 968 1124 963 1102 962 1100 962 1100 962 1095 964 1084 969 1042 965 994 960 992 960 991 960 979 967 970 972 897 972 875 969 829 963 827 963 827 963 804 970 796 974 613 975 612 975 594 967 594 967 554 967 554 967 552 967 519 977 521 1010"/></Shape>
            <String CONTENT="eſt operam perdere, eſt ſummam iniuriã"
                    HPOS="519"
                    VPOS="957"
                    WIDTH="854"
                    HEIGHT="71"
                    WC="0.979720662801694"></String>
          </TextLine>
          <TextLine ID="eSc_line_2e19a215"
                    TAGREFS="LT8"
                    BASELINE="521 1070 799 1062 1368 1055" 
                    HPOS="519"
                    VPOS="1012"
                    WIDTH="849"
                    HEIGHT="73">
            <Shape><Polygon POINTS="521 1070 521 1085 687 1085 687 1084 689 1084 696 1080 707 1075 731 1079 751 1082 752 1082 754 1082 762 1079 772 1073 856 1073 895 1075 937 1079 939 1079 940 1079 941 1079 947 1074 950 1073 952 1074 955 1077 957 1077 958 1077 959 1079 1018 1079 1018 1077 1019 1077 1032 1073 1037 1070 1055 1072 1099 1077 1100 1077 1173 1069 1190 1068 1197 1069 1232 1075 1234 1077 1274 1077 1274 1075 1275 1075 1277 1075 1289 1068 1332 1074 1334 1074 1335 1074 1368 1064 1368 1055 1364 1022 1282 1022 1279 1022 1250 1012 1250 1012 1248 1012 1198 1022 1187 1024 1175 1022 1135 1013 1134 1013 1132 1013 1110 1023 1103 1025 1070 1023 1027 1019 1025 1019 1024 1019 1023 1019 1023 1020 1019 1023 1015 1027 941 1027 934 1024 919 1017 918 1017 863 1017 862 1017 860 1017 846 1024 836 1030 777 1030 770 1024 764 1019 763 1019 762 1019 692 1019 691 1019 690 1019 679 1025 667 1032 654 1025 644 1020 642 1020 641 1020 640 1020 639 1020 632 1025 622 1032 602 1032 586 1025 580 1023 579 1023 577 1023 519 1025 521 1070"/></Shape>
            <String CONTENT="Deo (qui ſibi vni hoc totum ius reſerua¬"
                    HPOS="519"
                    VPOS="1012"
                    WIDTH="849"
                    HEIGHT="73"
                    WC="0.956831020116806"></String>
          </TextLine>
          <TextLine ID="eSc_line_0598577f"
                    TAGREFS="LT8"
                    BASELINE="519 1123 1369 1112" 
                    HPOS="518"
                    VPOS="1069"
                    WIDTH="851"
                    HEIGHT="75">
            <Shape><Polygon POINTS="519 1123 519 1139 554 1135 559 1140 564 1144 566 1144 567 1144 568 1145 612 1145 612 1144 613 1144 614 1144 622 1139 626 1135 640 1139 656 1142 657 1142 658 1142 659 1142 661 1142 661 1141 666 1137 670 1134 742 1137 784 1137 785 1137 786 1137 792 1135 802 1132 807 1135 809 1137 811 1137 812 1137 813 1137 831 1135 851 1132 859 1134 868 1139 869 1139 870 1139 896 1134 912 1130 924 1132 946 1139 947 1139 949 1139 1010 1132 1014 1132 1017 1132 1046 1137 1047 1137 1049 1137 1050 1137 1060 1130 1062 1129 1063 1130 1072 1137 1073 1137 1074 1137 1075 1137 1077 1137 1077 1137 1087 1130 1090 1129 1100 1130 1160 1137 1162 1137 1163 1137 1184 1128 1187 1127 1190 1128 1198 1135 1200 1135 1200 1135 1202 1135 1203 1135 1218 1129 1273 1135 1274 1135 1369 1124 1369 1112 1363 1073 1352 1079 1207 1077 1155 1075 1153 1075 1141 1077 1119 1082 1108 1077 1082 1069 1082 1069 1080 1069 1079 1069 1059 1079 1055 1082 1052 1079 1046 1074 1045 1074 1044 1074 1042 1074 1014 1079 989 1073 987 1073 986 1073 985 1073 963 1080 957 1082 954 1082 949 1075 947 1075 946 1075 945 1075 889 1082 863 1073 862 1073 860 1073 741 1074 740 1074 707 1086 704 1086 697 1086 627 1075 626 1075 518 1089 519 1123"/></Shape>
            <String CONTENT="uit )inferre. Poſſunt igitur Reges, regúm¬"
                    HPOS="518"
                    VPOS="1069"
                    WIDTH="851"
                    HEIGHT="75"
                    ></String>
          </TextLine>
          <TextLine ID="eSc_line_573e4472"
                    TAGREFS="LT8"
                    BASELINE="522 1180 1370 1167" 
                    HPOS="521"
                    VPOS="1127"
                    WIDTH="850"
                    HEIGHT="75">
            <Shape><Polygon POINTS="522 1180 522 1192 556 1202 557 1202 558 1202 559 1202 594 1191 599 1191 606 1191 664 1197 666 1197 667 1197 668 1197 677 1190 714 1190 857 1187 859 1187 874 1197 875 1197 877 1197 877 1198 907 1198 907 1197 980 1190 1114 1192 1115 1192 1117 1192 1130 1187 1190 1192 1191 1192 1192 1192 1225 1182 1228 1182 1232 1182 1291 1191 1292 1191 1370 1179 1370 1167 1368 1137 1305 1128 1303 1128 1267 1137 1248 1127 1247 1127 1246 1127 1245 1127 1243 1127 1232 1137 1146 1137 1118 1128 1117 1128 1115 1128 1114 1128 1089 1139 1062 1128 1060 1128 1059 1128 1001 1129 1000 1129 973 1141 907 1130 906 1130 865 1132 864 1132 844 1141 817 1132 815 1132 814 1132 774 1139 765 1132 764 1132 763 1132 762 1132 695 1134 694 1134 663 1146 562 1142 561 1142 521 1148 522 1180"/></Shape>
            <String CONTENT="que conſiliarii, viri prudẽtes, leges de pu¬"
                    HPOS="521"
                    VPOS="1127"
                    WIDTH="850"
                    HEIGHT="75"
                    WC="0.98767746951845"></String>
          </TextLine>
          <TextLine ID="eSc_line_fd606abf"
                    TAGREFS="LT8"
                    BASELINE="519 1234 1368 1222" 
                    HPOS="518"
                    VPOS="1182"
                    WIDTH="850"
                    HEIGHT="72">
            <Shape><Polygon POINTS="519 1234 519 1246 575 1255 576 1255 624 1247 675 1255 676 1255 724 1248 818 1252 819 1252 864 1242 1027 1250 1027 1250 1029 1250 1030 1250 1042 1240 1100 1245 1100 1245 1207 1237 1227 1246 1228 1246 1229 1247 1282 1247 1282 1246 1368 1234 1368 1222 1365 1190 1253 1182 1252 1182 1250 1182 1234 1190 1230 1191 1224 1190 1196 1182 1195 1182 1194 1182 1192 1182 1168 1190 1158 1193 908 1196 892 1191 884 1187 882 1187 882 1187 880 1187 879 1187 879 1189 875 1191 870 1196 860 1191 856 1189 854 1189 854 1189 852 1189 846 1191 829 1197 822 1191 819 1189 818 1189 817 1189 792 1189 791 1189 772 1191 730 1197 718 1191 717 1191 716 1191 714 1191 713 1191 712 1191 699 1198 646 1192 645 1192 644 1192 642 1192 630 1200 518 1192 519 1234"/></Shape>
            <String CONTENT="blica inter ipſos ciues pace tuenda dicta¬"
                    HPOS="518"
                    VPOS="1182"
                    WIDTH="850"
                    HEIGHT="72"
                    WC="0.970389175982702"></String>
          </TextLine>
          <TextLine ID="eSc_line_9f2c9790"
                    TAGREFS="LT8"
                    BASELINE="517 1292 1369 1280" 
                    HPOS="516"
                    VPOS="1241"
                    WIDTH="854"
                    HEIGHT="69">
            <Shape><Polygon POINTS="517 1292 517 1310 772 1300 1144 1301 1145 1301 1282 1292 1291 1298 1292 1298 1293 1298 1295 1300 1368 1300 1369 1280 1367 1248 1338 1242 1337 1242 1248 1250 1240 1250 1237 1250 1196 1241 1195 1241 1147 1250 1145 1250 1144 1250 1125 1245 1124 1245 1123 1245 1122 1245 1120 1245 1110 1250 1077 1246 1077 1246 1037 1252 1035 1252 1020 1245 1019 1245 940 1245 939 1245 937 1245 920 1253 918 1255 909 1253 854 1246 854 1246 852 1246 822 1255 819 1255 818 1255 806 1247 804 1247 804 1247 802 1247 801 1247 768 1255 761 1258 649 1258 644 1257 626 1252 625 1252 624 1252 622 1252 607 1258 604 1258 601 1258 568 1250 567 1250 566 1250 564 1250 556 1258 556 1260 516 1260 517 1292"/></Shape>
            <String CONTENT="re &amp; commentari: leges autem de con¬"
                    HPOS="516"
                    VPOS="1241"
                    WIDTH="854"
                    HEIGHT="69"
                    WC="0.973266219099363"></String>
          </TextLine>
          <TextLine ID="eSc_line_cde775ad"
                    TAGREFS="LT8"
                    BASELINE="517 1346 1368 1336" 
                    HPOS="516"
                    VPOS="1293"
                    WIDTH="852"
                    HEIGHT="74">
            <Shape><Polygon POINTS="517 1346 517 1362 564 1358 572 1362 582 1367 584 1367 585 1367 586 1367 587 1367 587 1365 594 1360 597 1357 644 1357 657 1360 677 1365 679 1365 680 1365 681 1365 682 1365 690 1360 691 1358 696 1360 714 1364 716 1364 717 1364 757 1358 775 1355 785 1358 804 1363 806 1363 807 1363 809 1363 809 1363 818 1357 820 1355 835 1357 872 1360 874 1360 875 1360 884 1355 887 1355 900 1355 946 1362 947 1362 990 1355 1024 1362 1025 1362 1139 1360 1140 1360 1141 1360 1150 1355 1260 1360 1260 1360 1262 1360 1293 1350 1293 1348 1368 1347 1368 1336 1365 1303 1262 1293 1260 1293 1260 1293 1258 1293 1247 1303 1232 1295 1232 1295 1160 1295 1159 1295 1158 1295 1157 1295 1146 1305 1145 1305 1085 1305 1085 1305 1050 1296 1049 1296 1047 1296 1004 1305 1001 1305 994 1305 835 1298 834 1298 832 1298 831 1298 820 1307 792 1301 791 1301 790 1301 768 1308 767 1308 764 1308 740 1300 739 1300 737 1300 736 1300 735 1300 722 1307 635 1301 634 1301 632 1301 631 1301 622 1310 621 1310 619 1310 613 1305 612 1305 611 1305 609 1305 608 1305 596 1310 594 1310 592 1310 585 1303 585 1302 584 1302 582 1302 581 1302 516 1310 517 1346"/></Shape>
            <String CONTENT="ſcientię hominum regendę, aut inflecten¬"
                    HPOS="516"
                    VPOS="1293"
                    WIDTH="852"
                    HEIGHT="74"
                    ></String>
          </TextLine>
          <TextLine ID="eSc_line_69e0ccda"
                    TAGREFS="LT8"
                    BASELINE="518 1403 1370 1393" 
                    HPOS="517"
                    VPOS="1351"
                    WIDTH="854"
                    HEIGHT="71">
            <Shape><Polygon POINTS="518 1403 518 1422 734 1414 862 1419 886 1419 887 1419 889 1419 890 1419 890 1418 897 1413 930 1418 941 1419 942 1419 954 1418 992 1412 1032 1417 1041 1418 1042 1418 1044 1418 1046 1417 1059 1410 1086 1417 1090 1417 1091 1417 1092 1417 1094 1417 1105 1410 1123 1417 1125 1417 1127 1417 1128 1417 1145 1415 1232 1410 1255 1414 1260 1415 1262 1415 1370 1413 1370 1393 1368 1355 1284 1351 1282 1351 1282 1351 1272 1355 1260 1362 1219 1357 1205 1355 1203 1355 1202 1355 1198 1357 1189 1363 1032 1364 969 1363 968 1362 957 1355 955 1355 954 1355 954 1355 857 1362 837 1355 836 1355 835 1355 834 1355 807 1363 754 1357 754 1357 752 1357 751 1357 742 1365 681 1368 674 1368 670 1368 539 1360 537 1360 536 1360 517 1369 518 1403"/></Shape>
            <String CONTENT="dæ ratione &amp; modo (præter eas, quæ Dei"
                    HPOS="517"
                    VPOS="1351"
                    WIDTH="854"
                    HEIGHT="71"
                    WC="0.983279632894616"></String>
          </TextLine>
          <TextLine ID="eSc_line_2837c835"
                    TAGREFS="LT8"
                    BASELINE="521 1458 1372 1450" 
                    HPOS="519"
                    VPOS="1407"
                    WIDTH="853"
                    HEIGHT="71">
            <Shape><Polygon POINTS="521 1458 521 1468 537 1477 539 1477 540 1478 627 1478 627 1477 677 1475 679 1475 680 1475 695 1467 696 1465 704 1465 745 1472 746 1472 779 1465 785 1465 789 1465 812 1474 813 1474 814 1474 815 1474 817 1474 817 1473 827 1465 827 1465 829 1465 846 1469 847 1469 849 1469 930 1463 944 1463 945 1463 964 1473 965 1473 967 1474 997 1474 997 1473 999 1473 1020 1463 1023 1462 1057 1462 1062 1462 1114 1472 1115 1472 1117 1472 1118 1472 1130 1462 1130 1460 1132 1462 1160 1470 1162 1470 1163 1472 1217 1472 1217 1470 1218 1470 1248 1460 1273 1469 1274 1469 1275 1470 1335 1470 1335 1469 1337 1469 1372 1458 1372 1450 1369 1413 1308 1407 1307 1407 1255 1414 1250 1414 1247 1414 1217 1408 1215 1408 1214 1408 1197 1415 1192 1418 1100 1418 1092 1417 1068 1410 1067 1410 1065 1410 1064 1410 1047 1417 1045 1418 1039 1417 1002 1410 1001 1410 825 1417 800 1412 799 1412 797 1412 764 1420 714 1413 713 1413 641 1423 639 1423 636 1423 594 1414 594 1414 592 1414 591 1414 579 1424 519 1424 521 1458"/></Shape>
            <String CONTENT="verbo præſcriptæ ſunt) nouas cogitare &amp;"
                    HPOS="519"
                    VPOS="1407"
                    WIDTH="853"
                    HEIGHT="71"
                    WC="0.986851977996337"></String>
          </TextLine>
          <TextLine ID="eSc_line_befc05ee"
                    TAGREFS="LT8"
                    BASELINE="517 1515 1370 1505" 
                    HPOS="516"
                    VPOS="1462"
                    WIDTH="854"
                    HEIGHT="71">
            <Shape><Polygon POINTS="517 1515 517 1524 609 1533 611 1533 612 1533 644 1524 645 1524 804 1530 806 1530 840 1522 844 1522 850 1522 924 1528 925 1528 927 1528 945 1520 947 1520 974 1520 1155 1527 1155 1527 1370 1517 1370 1505 1367 1470 1173 1472 1172 1472 1155 1462 1155 1462 1153 1462 1152 1462 1114 1463 1113 1463 1112 1463 1100 1473 1099 1473 1049 1463 1047 1463 992 1465 991 1465 957 1474 919 1465 918 1465 917 1465 915 1465 904 1473 886 1465 885 1465 884 1465 849 1473 814 1467 813 1467 812 1467 796 1474 727 1467 727 1467 725 1467 691 1477 676 1470 675 1470 674 1470 672 1470 672 1470 659 1478 658 1479 622 1479 619 1479 585 1469 584 1469 582 1469 581 1469 557 1479 556 1480 516 1480 517 1515"/></Shape>
            <String CONTENT="comminiſci, denique de legitima eorum"
                    HPOS="516"
                    VPOS="1462"
                    WIDTH="854"
                    HEIGHT="71"
                    WC="0.95810871188705"></String>
          </TextLine>
          <TextLine ID="eSc_line_ed6fcca9"
                    TAGREFS="LT8"
                    BASELINE="519 1570 1370 1560" 
                    HPOS="518"
                    VPOS="1515"
                    WIDTH="852"
                    HEIGHT="73">
            <Shape><Polygon POINTS="519 1570 519 1588 579 1588 580 1588 581 1588 590 1586 614 1580 699 1583 727 1585 729 1585 730 1585 731 1585 732 1583 739 1578 777 1583 822 1586 822 1586 877 1580 914 1576 932 1578 972 1585 973 1585 1018 1578 1019 1578 1084 1583 1085 1583 1086 1583 1107 1575 1110 1574 1120 1575 1178 1583 1179 1583 1225 1573 1235 1580 1235 1581 1237 1581 1237 1581 1239 1583 1273 1583 1273 1581 1274 1581 1275 1581 1275 1580 1285 1572 1303 1572 1332 1572 1341 1578 1342 1578 1343 1578 1345 1578 1346 1578 1370 1569 1370 1560 1369 1525 1360 1517 1360 1515 1358 1515 1357 1515 1355 1515 1305 1524 1284 1515 1282 1515 1282 1515 1280 1515 1279 1515 1264 1525 1218 1517 1217 1517 1215 1517 1179 1527 1030 1519 1029 1519 1027 1519 1027 1519 1027 1520 1017 1528 990 1528 922 1520 922 1520 920 1520 895 1530 870 1522 869 1522 822 1522 822 1522 820 1522 800 1531 707 1523 706 1523 704 1523 704 1523 695 1530 664 1524 663 1524 662 1524 661 1524 647 1533 584 1528 582 1528 518 1535 519 1570"/></Shape>
            <String CONTENT="qui eccleſiam (id eſt domũ, Dei nõ ipſorũ"
                    HPOS="518"
                    VPOS="1515"
                    WIDTH="852"
                    HEIGHT="73"
                    WC="0.977984104644169"></String>
          </TextLine>
          <TextLine ID="eSc_line_1fc5a38c"
                    TAGREFS="LT8"
                    BASELINE="517 1628 874 1620 1373 1620" 
                    HPOS="516"
                    VPOS="1575"
                    WIDTH="857"
                    HEIGHT="68">
            <Shape><Polygon POINTS="517 1628 517 1642 709 1643 711 1643 712 1643 722 1640 734 1633 799 1638 829 1640 830 1640 831 1640 836 1638 846 1633 863 1638 875 1640 877 1640 877 1640 879 1640 887 1636 897 1633 902 1636 910 1642 912 1642 913 1642 914 1642 915 1642 917 1642 924 1636 930 1633 950 1635 965 1638 967 1638 968 1638 969 1638 973 1635 979 1631 990 1635 1008 1641 1009 1641 1010 1641 1012 1641 1013 1641 1024 1633 1030 1631 1082 1633 1235 1640 1237 1640 1237 1640 1239 1640 1255 1630 1258 1630 1300 1636 1301 1636 1302 1636 1303 1636 1314 1629 1317 1629 1373 1629 1373 1620 1372 1583 1355 1576 1353 1576 1352 1576 1351 1576 1332 1583 1320 1575 1319 1575 1318 1575 1317 1575 1235 1583 1224 1583 1195 1583 1036 1578 1035 1578 1034 1578 1018 1583 1009 1585 959 1583 877 1578 877 1578 850 1583 815 1588 763 1583 735 1580 734 1580 732 1580 731 1580 729 1583 720 1588 668 1583 666 1583 664 1583 663 1583 662 1583 662 1583 661 1583 657 1590 559 1590 516 1583 517 1628"/></Shape>
            <String CONTENT="Regum gubernant) vocatione pręter Dei."
                    HPOS="516"
                    VPOS="1575"
                    WIDTH="857"
                    HEIGHT="68"
                    ></String>
          </TextLine>
          <TextLine ID="eSc_line_5418e546"
                    TAGREFS="LT8"
                    BASELINE="518 1683 1370 1671" 
                    HPOS="517"
                    VPOS="1629"
                    WIDTH="854"
                    HEIGHT="75">
            <Shape><Polygon POINTS="518 1683 518 1697 544 1693 554 1698 561 1702 562 1702 563 1703 611 1703 611 1702 612 1702 613 1702 613 1701 618 1697 622 1692 632 1697 639 1700 640 1700 641 1700 642 1700 651 1697 664 1692 676 1696 686 1700 687 1700 689 1700 690 1700 697 1696 708 1690 801 1690 835 1693 854 1696 856 1696 882 1693 920 1688 950 1692 989 1697 990 1697 991 1697 1004 1691 1014 1688 1025 1691 1040 1696 1041 1696 1042 1696 1152 1695 1153 1695 1174 1688 1182 1686 1189 1688 1200 1693 1202 1693 1203 1693 1205 1693 1205 1693 1213 1688 1217 1686 1370 1686 1370 1671 1368 1638 1314 1629 1313 1629 1312 1629 1310 1629 1310 1630 1301 1638 1282 1638 1272 1640 1141 1640 1140 1640 1107 1631 1105 1631 1105 1631 1103 1631 1084 1641 1082 1641 1063 1641 899 1633 897 1633 896 1633 895 1633 887 1640 815 1635 814 1635 813 1635 799 1643 795 1645 775 1643 706 1636 704 1636 704 1636 702 1636 690 1643 685 1647 651 1647 647 1645 637 1638 636 1638 635 1638 634 1638 602 1645 591 1647 586 1645 579 1640 577 1640 576 1640 575 1640 574 1640 573 1640 564 1645 561 1647 554 1645 542 1641 541 1641 540 1641 517 1645 518 1683"/></Shape>
            <String CONTENT="i. ipſius Domini domus voluntatem le¬"
                    HPOS="517"
                    VPOS="1629"
                    WIDTH="854"
                    HEIGHT="75"
                    WC="0.986068889901445"></String>
          </TextLine>
          <TextLine ID="eSc_line_31c8fa4f"
                    TAGREFS="LT8"
                    BASELINE="522 1738 1370 1729" 
                    HPOS="521"
                    VPOS="1686"
                    WIDTH="850"
                    HEIGHT="83">
            <Shape><Polygon POINTS="522 1738 522 1768 596 1762 606 1766 608 1769 609 1769 611 1769 612 1769 682 1768 684 1768 695 1765 734 1753 802 1762 817 1763 818 1763 819 1763 824 1761 841 1752 854 1761 863 1765 864 1765 865 1765 867 1766 899 1766 899 1765 900 1765 901 1765 910 1758 922 1752 932 1757 934 1757 935 1757 936 1757 937 1757 947 1751 1023 1751 1035 1755 1049 1760 1050 1760 1051 1760 1052 1760 1073 1755 1075 1753 1077 1753 1099 1761 1100 1761 1100 1761 1102 1761 1120 1755 1155 1763 1155 1763 1157 1763 1158 1763 1191 1751 1197 1748 1205 1750 1253 1762 1255 1762 1289 1757 1290 1757 1291 1757 1302 1747 1303 1746 1370 1745 1370 1729 1368 1696 1312 1686 1310 1686 1310 1686 1308 1686 1296 1696 1250 1696 1223 1688 1222 1688 1220 1688 1219 1688 1190 1696 1160 1688 1159 1688 1158 1688 1157 1688 1125 1697 1068 1688 1067 1688 1065 1688 1046 1698 869 1691 868 1691 867 1691 835 1700 780 1692 779 1692 777 1692 757 1701 736 1692 735 1692 734 1692 732 1692 704 1702 632 1693 631 1693 630 1693 601 1705 521 1705 522 1738"/></Shape>
            <String CONTENT="ges inquam &amp; regulas condere &amp; ſancire"
                    HPOS="521"
                    VPOS="1686"
                    WIDTH="850"
                    HEIGHT="83"
                    WC="0.987200136247434"></String>
          </TextLine>
        </TextBlock>
        <TextBlock HPOS="1251"
                   VPOS="1755"
                   WIDTH="125"
                   HEIGHT="46"
                   ID="block_0"
                   TAGREFS="BT17">
          <Shape><Polygon POINTS="1377 1755 1377 1801 1251 1801 1251 1755"/></Shape>
          <TextLine ID="eSc_line_55fad4e3"
                    TAGREFS="LT8"
                    BASELINE="1257 1786 1370 1784" 
                    HPOS="1255"
                    VPOS="1745"
                    WIDTH="115"
                    HEIGHT="73">
            <Shape><Polygon POINTS="1257 1786 1257 1812 1312 1818 1313 1818 1370 1811 1370 1784 1367 1745 1255 1755 1257 1786"/></Shape>
            <String CONTENT="certè"
                    HPOS="1255"
                    VPOS="1745"
                    WIDTH="115"
                    HEIGHT="73"
                    WC="0.991780996322632"></String>
          </TextLine>
        </TextBlock>
      </PrintSpace>
    </Page>
  </Layout>
</alto>
