1482 2195
347 131 280 60 CAPVT II.

890 157 62 6 48

89 166 855 93 pſit, nobis iam formidabilis eſſe non poteſt. Heb

89 221 859 85 4.verſ.15. Bernard. ſermo.73. Canti. in tanta trepi¬

90 269 856 83 datione electis fiduciam præſtat naturæ ſimilitu¬

90 319 859 84 do. Denique vt facilius quia naturam omnibus

90 367 852 80 hominibus communem Chriſtus aſſumpſit, in¬

90 413 859 85 telligamus quorumuis hominum eum mediatorẽ

91 467 856 78 eſſe, non vnius tantùm hominum generis, huma¬

93 509 857 89 nitatis vel hominis Chriſti mentionem fecit Pau¬

95 587 106 49 lus.

140 606 813 83 Quæſitum eſt autem, Vtrum Chriſtus, qua

91 652 863 89 tãtùm homo eſt, noſter mediator ſit, quod & Stã¬

93 704 863 81 carus, Menno quidam, & hodie noui Arriani

95 752 862 83 ſentiunt, an etiam quâ Deus eſt. Reſp. Cùm me¬

96 799 863 85 diatoris œconomia & officium ad totam Chriſti

97 849 860 84 petſonam pertineat, neque aliter ſaluator no¬

98 890 862 83 ſter eſſe potuerit Chriſtus, niſi eſſet Emmanuel

97 941 861 79 id eſt, nobiſcum Deus, idcirco & qua Deus, &

102 994 859 81 qua homo eſt Chriſtum mediatorem noſtrum

103 1052 448 66 eſſe fateamur neceſſe eſt.

149 1085 810 82 Hoc autem docet & confirmat Auguſt. cùm

102 1134 861 79 in Enchirid. tum verò pulcherrimè in libro de

103 1187 857 78 Ouib. & lib. Confeſsionum. De qua re cum co¬

103 1232 857 84 pioſiſsimè doctiſſ.noſtri temporis Theologi D.

104 1279 860 79 Caluinus in Epiſtola 312. & Theodo. Beza Epiſt.

102 1329 861 84 28. diſſeruerint, planè ſuperuacaneum puto latiùs

102 1392 492 71 hoc argumentum perſequi.

169 1473 799 90 6 Qui ſemetipſum dedit redemptionis

106 1533 864 89 pretium pro quibuſuis, Chriſtus inquam, te¬

107 1588 861 87 Stimoniũ illud ſuis temporibus deſtin atum.

153 1671 816 82 Αὔξησις eſt, per quam non modò ſuperiorem

106 1723 867 89 rationem confirmat à connexis: ſed etiam me¬
