1482 2195
415 155 256 57 CAPVT  I.

941 162 55 52 17

135 206 861 65 reformandos & reprimendos. Mirum autem hîc

136 257 858 65 videri poteſt, cur cùm illæ queſtiones, quas dam¬

135 308 859 55 nat Paulus, ad Legem cæromonialem & politicã

135 357 859 60 pertineant, tamen de lege morali agat, non autẽ

133 403 862 58 de cæremoniali aut politica. Reſpon. Quòd illa

135 451 861 61 parte Legis, quæ eſt moralis, iſtos ſibi aduerſarios

134 499 856 62 homines magis premi poſſe videt, quia ſe pieta¬

134 547 858 61 tis & ſanctitatis nomine cõmendabant. Deinde

135 594 863 64 cùm præcipua Legis diuinæ pars ſit Moralis, reli¬

136 644 860 63 quæ verò duæ ſint illius quædam appendices tã¬

135 692 857 59 tùm, de legis Moralis vſu aptè & conuenienter

133 739 859 62 agit Paulus, ex quo & Cæremonialis & Politicæ

133 790 862 62 legis vſus quoque pendet & intelligitur. Itaque

134 836 859 61 non extra rem reſpondet & arguit Paulus. Simi¬

133 882 859 59 lis eſt hodie noſtrorũ aduerſariorũ & Monacho¬

134 932 853 57 rum faſtus, & arrogantia. qui cùm toti crimini¬

136 977 856 65 bus ſcateant, nihil tamen, niſi Legem Dei, man¬

136 1030 855 59 data, & ſanctitatem vitæ crepant, vt videantur

134 1077 859 62 ſancti, & nos oppugnant, quaſi eadem illa ſper¬

133 1127 859 55 namus & damnemus. Quibus reſpondemus eos

134 1173 859 62 eſſe pares iſtis hypocritis à Paulo deſcriptis.

134 1220 859 66 Quod ait Paulus, Legem non eſſe poſitam iu¬

133 1270 857 60 ſto, ex eius mente facilem ſenſum habet, nempe

135 1319 859 57 quòd qui ſponte iam parent Legi, & virtutem ſe¬

138 1365 854 50 quuntur illi nullis loris & habenis vinciri de¬

133 1412 859 63 beant, nullis aliis præceptis egeant, quibus ad vi¬

133 1460 857 54 tæ ſanctitatem adducantur: ſed illi tantùm iis e¬

138 1508 856 59 geant, qui ſunt immorigeri, rebelles, & diſſoluti.

138 1556 851 62 Hæc ſententia dignitatem & commendationem

136 1605 854 62 Legis non imminuit, quaſi iuſtis & iis qui Doi

136 1655 858 62 ſpiritu aguntur ſit vel contraria vel inutilis, ſed

136 1702 853 61 eos tantùm perſtringit, cum quibus egit Paulus,

140 1752 854 66 quos facilè quidem docet eſſe tales, quales hic a¬

739 1802 91 59 b.iij.
