1482 2195
441 152 248 52 CAPVT I.

965 171 20 52 4

129 208 861 61 autem debemus Patribus qui nos in Dei metu

126 261 860 60 inſtruunt, quàm qui nos tantùm corpore gignũt.

129 307 858 62 Nec quod paſtores dicantur patres noſtri in fide

126 358 858 57 excuſat patres ipſos corporum & carnales, quò

128 407 863 55 minus inſtituant liberos ſuos in vero Dei metu

126 452 863 62 & pietate Deut.4. verſ.II.& II.V.I9. ſed differentia

128 506 856 55 tamen oſtenditur inter vtrunque genus patrum,

129 551 854 62 quorum alij ſunt nobis tãtùm ſpirituales Patres,

128 601 307 57 alij ſunt carnales.

179 640 803 66 Filij autem dicuntur, ait Auguſtinus contra

126 694 532 65 Adimantum cap.5. (Natura

407 741 307 57 aut ( Doctrina

499 790 236 60 Imitatione

126 831 863 63 Hîc & doctrinæ & imitationis ratione Timo¬

130 884 875 60 theus filius dicitur, non tantùm ætatis, vt tamen

126 932 841 62 putat Eraſmus. Salutatio eſt in his verbis poſita

129 979 776 60 Gratia & hæc (Deo Patre noſtro

125 1030 449 55 Miſericordia (omnia (

128 1084 93 45 Pax

432 1082 62 50 à

524 1074 455 61 (Domino Ieſu Chriſto.

128 1123 857 60 Miſericordia addita eſt hîc, vti in Epiſtola ad Ti¬

129 1179 855 55 tum, præter ſtylum & communem morem Pauli,

126 1225 860 59 quò magis ſuum erga Timotheum amorem te¬

124 1278 863 54 ſtaretur, & ſe miro erga eum affectu impelli &

125 1320 861 60 affici oſtenderet. Recto autem ordine & natura¬

125 1369 869 60 li vtitur in his enumerandis Paulus, & progredi¬

126 1415 861 61 tur à cauſis ad effecta. Eſt enim gratia cauſa mi¬

125 1463 862 64 ſericordiæ, vt miſericordia ipſa cauſa pacis no¬

126 1513 860 60 ſtræ. Eſt igitur gratia gratuita noſtri acceptatio,

130 1560 857 63 quæ fit à Deo, quam ſequitur miſericordia, id eſt,

129 1612 860 57 peccatorum noſtrorum remiſſio. Itaque vocem

126 1657 863 60 miſericordiæ hic paſſiuè pro effecto, quod in

129 1707 860 69 nobis apparet: non autem actiuè in Deo accipi¬

131 1756 89 70 mus

732 1801 97 70 a.iij.
