1482 2195
376 140 287 52 CAPVT II.

910 149 43 57 4I

97 197 861 59 ſtoris, ſed ſingulorum etiam fidelium ſtudiym.

98 235 858 68 Preces enim publicas quidam impiiſſimè, etiam

100 290 353 64 hodie contemnunt.

144 330 812 70 Ait autem Paulus, Adhortor, Quæ vox negli¬

97 385 859 70 gentiam noſtram perſtringit, & arguit. Quan¬

98 431 859 64 quam enim & Dei ipſius maieſtas, & promiſsio

95 477 863 62 iuſsióque: item fructus ipſe, quem ex precibus

93 530 865 59 noſtris vberrimum ſentimus, ſatis nos ad precan¬

93 577 863 59 dum excitare deberet, ſumus tamen natura no¬

93 620 862 70 ſtra mirè ad orandum frigidi, & torpentes. Itaq;

93 666 863 71 exhortãdi & euigilandi ſumus. Chriſtus ipſe nos

95 720 863 62 ad petendum & precandum adhortatur. Petite

93 763 869 73 & inuenietis, Matth.7. verſ. 7. Væ igitur ſomnio

102 827 571 58 pigritiæque noſtræ &c. Luc. 17

144 865 816 60 Ut fiant deprecationes) Primum præceptum

93 916 869 68 ponit quod eſt, faciendas eſſe preces in Dei cœtu

95 962 868 66 cui ſecundum adiungit, nempe pro omnibus: ex

98 1004 862 75 quibus tertium iam facile colligi poteſt, A quo

97 1059 865 61 fieri debeant: nempe, à paſtore. Nam agit (vti di¬

93 1100 865 74 ximus) de publicis precibus. Sed ex hoc ipſo lo¬

93 1150 865 66 co definiri poteſt, Quid ſit oratio, & quot illius

91 1196 867 71 ſint genera ſiue ſpecies. Precandus eſt igitur Deus

95 1256 863 55 quod extra dubium eſt, & concedunt non modo

95 1293 863 66 Chriſtiani homines: ſed etiam Ethnici & profa¬

93 1338 865 70 ni, vt & Tertullian. in libro de Teſtim. conſcien¬

93 1390 865 66 tiæ, & Iuſtinus Martyr in lib. de Monarchia Dei

91 1443 869 60 copioſè docent: item, Iuuenalis, Perſius, & Hora¬

91 1485 867 64 tius & alii poëtæ id docent. Homerus, & Virgi¬

91 1542 865 58 lius, qui ſuos inducunt preces fundentes ad Deũ,

91 1578 865 75 & eum inuocantes. Nec gens vlla eſt, quæ ſi teſti¬

93 1631 865 66 monium & vocem propriæ conſcientiæ audiat,

93 1681 770 66 hoc axioma neget eſſe verum, vel refutet.

146 1726 810 90 Vult autem Paulus fieri deprecationes, preces
