1482 2195
347 151 276 60 CAPVT II.

889 153 50 56 50

76 201 859 68 ille Chriſti agni immolati longè eſt maioris pre¬

80 256 861 57 tij, & effectus, quàm vitulorũ & hircorum omniũ

80 302 859 67 ſanguis. Eſt enim ille agni immolati ſanguis, o¬

83 352 857 60 mni auro lapidéque pretioſo æſtimabilior &

83 399 859 62 potior, vt eſt Hebr. 9.verſ. 12.1.Pet.1.verſ.19. &

84 449 860 60 verè plena & æqualis noſtro peccato & debito

83 492 859 60 ſatisfactio & pretium 1.Corinth.1.verſ.3o. Vnde

84 542 863 59 non tantùm λύτρον: ſed ἀντίλυτρον dicitur, quod

83 591 863 55 Latini dicunt cõtra auro venire, id eſt, iuſtum, &

84 637 861 57 æquale rei ipſi pretium eſſe. Ex quo diluitur illa

81 686 865 62 curioſorum hominum diſputatio, Vtrum fuerit

85 735 859 65 pœna, quam pro nobis Chriſtus pertulit, æ qualis

86 785 859 60 peccatis noſtris, vt peccata ex merito Chriſti de¬

88 830 857 61 leantur. Fuit enim, vt hîc docet Paulus, æquiua¬

86 879 858 62 lens, id eſt, æquata ipſi peccatorum noſtrorum

86 925 858 64 fœtori apud Deum, & planè ſatisfactoria pœna

88 974 569 60 Chriſti perpeſsio & obedientia.

136 1022 808 63 Secundo verò loco notandum eſt, Nullam a¬

89 1072 856 60 liam ſatisfaciendi diuinæ iuſtitiæ pro peccatis

89 1118 855 61 noſtris rationem eſſe à Deo conſtitutam, illíque

90 1168 857 64 gratam & acceptam præter ſanguinẽ vnius Chri¬

89 1218 856 60 ſti. ltaque nec opera quæ vocant bona: nec cære¬

88 1263 859 64 moniæ, nec vllius alicuius rei, quantunuis pretio¬

88 1312 859 57 ſæ, donatio, aut ratio poteſt pars eſſe ſatisfactio¬

89 1360 858 61 nis noſtræ coram Deo, que in ſolidũ in vna Chri¬

90 1408 854 60 ſti morte quærenda nobis eſt. Sed nec ex par¬

93 1453 854 62 te tantùm Chriſtus ſatisfecit, veluti vt deleat ea

89 1506 856 59 tantùm peccata, quæ dicuntur venialia: aut quæ

90 1552 856 61 ante Baptiſmum commiſimus, nobiſque noce¬

90 1600 644 62 bant: ſed etiam expungit, & redemit:

139 1647 806 61 Addit Paulus τὸ μαρτύριον καιροῖς ἰδίοις. Hæc a¬

90 1696 854 61 brupta videtur eſſe oratio, itaque obſcurum ha¬

91 1746 851 73 bet ſenſum, & diuerſas interpretationes. Alij e¬
