1482 2195
490 148 28 59 3

632 133 555 61 AD I. PAVL. AD TIM

472 188 693 64 qui iſtius viam ſalutis exponant nobis.

479 239 850 61 Vocat autem Patrem ſeruatorem vti Tit I.verſ.3

472 284 861 67 & 2.verſ 10. & Chriſtum ſpem noſtrã. Vti enim

472 334 858 61 Pater dedit Filium, per quem ſeruamur. Ioan.3.V.

472 381 859 65 I6.ita Filius eſt fundamentũ ſpei & ſalutis noſtrę,

473 430 861 61 vt cùm hæc Patri & Filio communiter tribuun¬

473 477 859 64 tur, intelligamus eſſe indiuiſa Trinitatis opera, &

474 527 861 62 tres perſonas paris, non autem diſſimilis maie¬

474 575 861 60 ſtatis & poteſtatis. Hec breuiùs perſequor, quia

474 624 541 67 à multis copioſè tractata ſunt.

531 684 799 71 Timotheo germano filio in fide. Gra¬

473 742 862 61 tia ſit tibi miſericordia & pax à Deo Patre

476 800 759 67 noſtro, & Chriſto Ieſu Domino noſtro.

529 857 808 56 Timotheus quis fuerit apparet ex Act.16. &

477 901 858 58 variis Epiſtolarum Pauli locis: Hũc autẽ vocat &

476 949 859 59 Filium in fide, vt diſtinguat à carnali filio: &

480 1002 855 53 Germanum. i. verum & referentem veros mores

476 1047 853 58 Patris Pauli: nõ igitur fuit hypocrita & fictitius,

484 1102 851 53 vt hodie multi qui magnorum Dei ſeruorum &

476 1144 860 63 filij ſunt & diſcipuli. Quod vtrunque pertinet ad

489 1193 611 57 Timothei laudem & imitationem.

524 1237 811 64 Sic Titum appellat Filium Tit.I.v3 & Corin¬

477 1287 859 63 thios quoque I Corinth. 4. verſ.14. Tamen obſtat

480 1336 853 54 quod ait Chriſtus Math.23.verſ.9. & Hebr.12.V.9

480 1385 854 60 Vnus eſt Pater animorum, nempe, Deus. Reſp.

482 1430 850 62 Verum eſt per ſe & propriè vnicum eſſe animo¬

476 1481 859 52 rum noſtrorum Patrem, nimirum Deum ipſum:

476 1528 859 58 ſed communicatione quadam, & quatenus homi¬

476 1576 859 55 nes ſunt huius noſtræ in fide & Eccleſia Dei ge¬

474 1633 860 46 nerationis, aut potius regenerationis inſtrumẽta,

477 1673 858 52 vox ipſa Patris benignè illis à Deo cõmunicatur,

476 1721 859 69 eti & Patribus carnalibus eadem vox Patris. Plus

1210 1776 127 64 autem
