1482 2195
399 126 303 57 CAPVT II.

937 136 35 65 45

118 180 641 66 nibus pares & ſimiles naturâ ſumus.

166 235 812 54 Alij ſic explicant, vt vocem omnes coniungẽ¬

121 283 859 58 dam eſſe doceãt cum eo quod ſequitur ad verita¬

118 333 859 59 tis agnitionem peruenire, quaſi non vniuerſaliter

118 381 862 55 neque tam latè ſit accipienda quàm ſonat: ſed ex

118 426 859 58 ſequenti illa ſententia reſtringenda, vt ii tantùm

116 476 861 51 intelligantur comprehendi, qui credunt, vel cre¬

118 524 857 62 dituri ſunt Euangelio. Conſir matur ex Matth.14

121 574 199 61 verſ.35.36.

174 618 803 61 Tertia interpretatio eſt eorum qui volunt o¬

118 666 861 57 mnes ſaluos fieri à Deo qui ſalui fiunt: quaſi hîc

116 714 863 61 non definiatur, qui ſalui futuri ſint: ſed à quo ſal¬

118 765 862 62 ui fiant, qui ſaluantur. Sic nonnunquam explicat

121 822 234 55 Auguſtinus.

173 857 806 61 Verior autem ſententia & iuſtior, meo quidem

118 907 862 61 iudicio, interpretatio eſt hæc, vt vox omnes tol¬

116 954 863 61 lat diſcrimen ordinum, nationũ, ſexuum & huiuſ¬

116 1004 859 55 modi rerum, quæ inter homines percipiuntur.

119 1050 856 61 Ex omni enim hominũ genere, ſexu, ætate, Deus

121 1098 856 61 aliquos ad ſe per Euangeliũ vocat. Itaq; non pro

118 1152 859 56 ſingulis generum accipitur, ſed pro generibus

118 1195 859 61 ſingulorum vt loquuntur in Scholis, id eſt, non

123 1247 784 56 pro perſonis, ſed pro hominum generibus.

161 1293 813 57 Duplex eſt enim huius vocis ſignificatio. Sæpe

116 1343 859 57 enim ita dicimus omnes, vt ſingulos complecta¬

116 1391 860 57 mur: ſæpe verò, vt quoſuis, non autem ſingulos.

116 1435 859 58 Sic dicitur Chriſtus ſanaſſe πάντα νόσον, id eſt, quẽ¬

119 1485 861 56 uis morbum. Matt. 9.v.35. Sic Paulus in 2. Theſſ.

119 1535 860 50 1.V.3. coniungit ἕκαστον cum voce πἀντων. Et hanc

121 1581 858 61 eſſe duplicem huius vocis ſignificationem pri¬

125 1629 854 66 mus obſeruauit Ariſtoreles lib. 2. πολιτικ opri¬

126 1676 706 69 mus Græcæ linguæ author & interpres.

720 1733 112 59 d.iiij.
