1482 2195
566 121 66 50 28.

724 125 551 61 AD I. PAVL. AD TIM.

554 180 867 66 catores habeant. Ergo primùm ſe deſcribit: dein¬

554 234 867 61 de ex aduerſo Dei miſericordiam confert. Demũ

554 284 868 57 cæteros ſuo exemplo conſolatur & exhortatur ad

554 330 863 61 idem ſperandum. Magnum autem huius ſpei &

554 382 865 54 certum fundamentum primum omnium ponit,

554 424 866 62 nempe, Chriſtum factum eſſe hominem, vt pec¬

551 474 867 56 catores nimirum redimeret, etiã ſceleratiſſimos.

554 522 860 62 Quod ſundamẽtum, quia magni eſt momenti, cõ¬

552 571 868 64 mendat ſolita præfatione, fidus est ſermo & di¬

556 622 859 58 gnus infr. cap.3v.1.2. Timoth.2.V.19. Quãquam e¬

552 667 866 59 nim vniuerſa ſcriptura ſacra eſt per ſe, & in omni¬

552 715 865 61 bus ſuis partibus amplectẽda, & ſermo fidus, ta¬

552 763 863 59 men imprimis illa, quæ ſumma fidei noſtræ ſalu¬

552 811 863 61 iis & ſpei capita cõplectitur, ſingulari quodã mo¬

551 859 864 58 do amplectenda eſt. qualis hæc & inf. cap.3.V.16.

554 908 862 52 Cæterũ Chriſtũveniſſe, vt ſaluos faceret homi¬

551 954 862 61 nes, eſt certiſſimũ. idcirco.n. dicitur Ieſus Math.1.

549 1008 865 60 & eſt hocipſum αἴτημα θεολόγικoν quod nulli Chri

549 1050 863 66 ſtiano eſſe ignotũ poteſt nec debet, ideóq; diligẽ

552 1100 863 53 tius & retinendũ & commemorandũ. Vnde fit, vt

552 1150 863 51 mirum videri non debeat, ſi qui talis antea fuit

551 1196 861 54 Paulus, miſericordiam iam eſt conſequutus. Ea

551 1246 859 57 enim gratia factus eſt homo & Ieſus Dei Filius

549 1293 860 61 Chriſtus. At fuit maximus peccator Paulus: fate¬

547 1343 863 57 tur id quidem ipſe, non tantùm modeſta quadam

549 1391 863 57 ſui deiectione vtens: ſed verè & ex ſerio ſenſu a¬

549 1438 859 59 nimi ſui loquens, & quali à nobis infidelitas o¬

547 1488 863 61 mnis maximéque obſtinata debet apprehen di cũ

549 1538 861 57 pauore ac horrore conſcientiæ, Et hoc ſuum tam

551 1585 861 63 graue, & grande peccatum eſſe illuſtriſſimum

547 1636 863 57 ſummæ Dei miſericordiæ erga omnes peccato¬

549 1681 863 61 res ſpeculum decet, ne deſperent vlli, ſed conuer¬

549 1730 859 80 tentur ad Deum, & in eo ſpem vitæ æterng ha¬

1290 1780 122 71 beant.
