<?xml version="1.0" encoding="UTF-8"?>
<alto xmlns:xsi="http://www.w3.org/2001/XMLSchema-instance"
      xmlns="http://www.loc.gov/standards/alto/ns-v4#"
      xsi:schemaLocation="http://www.loc.gov/standards/alto/ns-v4# http://www.loc.gov/standards/alto/v4/alto-4-2.xsd">
  <Description>
    <MeasurementUnit>pixel</MeasurementUnit>
    <sourceImageInformation>
      <fileName>2012945.png</fileName>
    </sourceImageInformation>
  </Description>
  <Tags>
    <OtherTag ID="BT10" LABEL="DropCapitalZone" DESCRIPTION="block type DropCapitalZone"/><OtherTag ID="BT11" LABEL="GraphicZone" DESCRIPTION="block type GraphicZone"/><OtherTag ID="BT12" LABEL="MainZone" DESCRIPTION="block type MainZone"/><OtherTag ID="BT13" LABEL="MarginTextZone" DESCRIPTION="block type MarginTextZone"/><OtherTag ID="BT15" LABEL="NumberingZone" DESCRIPTION="block type NumberingZone"/><OtherTag ID="BT17" LABEL="QuireMarksZone" DESCRIPTION="block type QuireMarksZone"/><OtherTag ID="BT18" LABEL="RunningTitleZone" DESCRIPTION="block type RunningTitleZone"/><OtherTag ID="BT22" LABEL="TitlePageZone" DESCRIPTION="block type TitlePageZone"/><OtherTag ID="BT3206" LABEL="MainZone-Head" DESCRIPTION="block type MainZone-Head"/><OtherTag ID="BT3207" LABEL="MainZone-P" DESCRIPTION="block type MainZone-P"/><OtherTag ID="BT3208" LABEL="MainZone-Continued" DESCRIPTION="block type MainZone-Continued"/><OtherTag ID="BT3209" LABEL="MarginTextZone-ManuscriptAddendum" DESCRIPTION="block type MarginTextZone-ManuscriptAddendum"/><OtherTag ID="BT3210" LABEL="MainZone-Entry" DESCRIPTION="block type MainZone-Entry"/>
    <OtherTag ID="LT7" LABEL="CustomLine" DESCRIPTION="line type CustomLine"/><OtherTag ID="LT8" LABEL="DefaultLine" DESCRIPTION="line type DefaultLine"/><OtherTag ID="LT9" LABEL="DropCapitalLine" DESCRIPTION="line type DropCapitalLine"/><OtherTag ID="LT10" LABEL="HeadingLine" DESCRIPTION="line type HeadingLine"/><OtherTag ID="LT62" LABEL="CustomLine : BiblicalText" DESCRIPTION="line type CustomLine : BiblicalText"/>
  </Tags>
  <Layout>
    <Page WIDTH="1482"
          HEIGHT="2195"
          PHYSICAL_IMG_NR="58"
          ID="eSc_dummypage_">
      <PrintSpace HPOS="0"
                  VPOS="0"
                  WIDTH="1482"
                  HEIGHT="2195">
        <TextBlock HPOS="400"
                   VPOS="134"
                   WIDTH="252"
                   HEIGHT="54"
                   ID="block_0"
                   TAGREFS="BT18">
          <Shape><Polygon POINTS="652 134 652 189 400 189 400 134"/></Shape>
          <TextLine ID="eSc_line_095a78d3"
                    TAGREFS="LT10"
                    BASELINE="401 174 649 174" 
                    HPOS="401"
                    VPOS="126"
                    WIDTH="248"
                    HEIGHT="70">
            <Shape><Polygon POINTS="632 138 621 135 608 135 606 134 585 138 567 139 549 135 530 131 523 131 511 130 499 130 489 129 476 131 472 133 471 131 464 128 462 128 454 128 452 130 444 136 435 130 430 126 429 126 428 126 426 126 411 128 401 136 401 174 401 184 487 186 501 194 502 194 503 194 504 196 554 196 554 194 554 194 556 194 564 188 567 185 579 188 608 194 609 194 649 189 649 174 649 144 645 143"/></Shape>
            <String CONTENT="CAPVT I."
                    HPOS="401"
                    VPOS="126"
                    WIDTH="248"
                    HEIGHT="70"
                    WC="0.996158979833126"></String>
          </TextLine>
        </TextBlock>
        <TextBlock HPOS="933"
                   VPOS="155"
                   WIDTH="46"
                   HEIGHT="43"
                   ID="block_3"
                   TAGREFS="BT15">
          <Shape><Polygon POINTS="979 155 979 198 933 198 933 155"/></Shape>
          <TextLine ID="eSc_line_770b9fc1"
                    TAGREFS="LT8"
                    BASELINE="935 189 975 186" 
                    HPOS="932"
                    VPOS="146"
                    WIDTH="43"
                    HEIGHT="61">
            <Shape><Polygon POINTS="968 147 955 146 944 146 932 146 932 146 935 189 935 203 974 207 975 186 973 152 968 147"/></Shape>
            <String CONTENT="27"
                    HPOS="932"
                    VPOS="146"
                    WIDTH="43"
                    HEIGHT="61"
                    ></String>
          </TextLine>
        </TextBlock>
        <TextBlock HPOS="84"
                   VPOS="192"
                   WIDTH="897"
                   HEIGHT="1278"
                   ID="block_1"
                   TAGREFS="BT3208">
          <Shape><Polygon POINTS="982 192 967 1470 84 1465 99 192"/></Shape>
          <TextLine ID="eSc_line_a9afff24"
                    TAGREFS="LT8"
                    BASELINE="113 233 977 235" 
                    HPOS="113"
                    VPOS="184"
                    WIDTH="864"
                    HEIGHT="68">
            <Shape><Polygon POINTS="124 191 113 199 113 233 113 246 544 246 544 246 557 252 558 252 559 252 977 246 977 235 977 202 914 185 913 185 912 185 910 185 909 185 884 201 807 186 754 186 752 186 751 186 708 199 704 201 476 201 474 199 466 192 466 191 464 191 463 191 462 191 461 191 441 196 426 190 426 190 424 190 385 196 342 184 341 184 339 184 339 184 297 194 271 188 271 188 269 188 268 188 246 198 244 198 229 184 228 184 226 184 139 184 138 184 136 184 129 186 124 191"/></Shape>
            <String CONTENT="eſſe Deum Chryſoſtomus autem ad Filium hîc"
                    HPOS="113"
                    VPOS="184"
                    WIDTH="864"
                    HEIGHT="68"
                    WC="0.999380840811618"></String>
          </TextLine>
          <TextLine ID="eSc_line_aad2eb23"
                    TAGREFS="LT8"
                    BASELINE="113 283 977 283" 
                    HPOS="113"
                    VPOS="242"
                    WIDTH="864"
                    HEIGHT="59">
            <Shape><Polygon POINTS="113 283 113 294 141 301 143 301 144 301 157 294 977 301 977 283 977 251 963 244 962 244 960 244 885 251 827 242 827 242 825 242 807 252 769 252 739 242 737 242 736 242 704 248 646 242 645 242 644 242 625 251 612 242 611 242 609 242 608 242 566 248 536 242 535 242 486 251 444 242 444 242 442 242 426 251 403 242 402 242 401 242 399 242 399 242 385 252 353 252 339 242 339 242 337 242 258 242 257 242 256 242 254 242 244 252 202 252 166 242 166 242 164 242 163 242 162 242 147 252 113 252 113 283"/></Shape>
            <String CONTENT="refert. Reſpond. Si verba ſpectentur, ad Patrem"
                    HPOS="113"
                    VPOS="242"
                    WIDTH="864"
                    HEIGHT="59"
                    WC="0.985651287626713"></String>
          </TextLine>
          <TextLine ID="eSc_line_1298b428"
                    TAGREFS="LT8"
                    BASELINE="112 331 977 328" 
                    HPOS="111"
                    VPOS="287"
                    WIDTH="867"
                    HEIGHT="66">
            <Shape><Polygon POINTS="112 331 112 344 178 352 179 352 334 344 335 344 358 353 359 353 361 353 362 353 397 344 399 344 401 344 417 352 418 352 419 352 511 346 589 352 590 352 591 352 618 344 662 352 663 352 664 352 687 342 689 342 690 342 708 348 709 348 711 348 744 342 745 342 757 351 758 351 759 351 761 352 761 351 762 351 763 351 772 344 785 351 786 351 787 352 958 352 958 351 959 351 977 341 977 328 977 297 957 289 955 289 954 289 892 296 872 287 872 287 870 287 869 287 840 296 827 287 825 287 824 287 822 287 822 287 799 296 789 287 787 287 786 287 785 287 784 287 782 287 775 294 768 287 767 287 765 287 764 287 713 294 690 287 689 287 687 287 686 287 658 298 530 298 519 289 518 289 517 289 492 289 491 289 428 297 401 289 399 289 399 289 335 298 313 289 312 289 311 289 258 298 239 289 238 289 236 289 128 291 126 291 111 298 112 331"/></Shape>
            <String CONTENT="referri, cui ſuprà quæ ſunt propria diuinitatis tri¬"
                    HPOS="111"
                    VPOS="287"
                    WIDTH="867"
                    HEIGHT="66"
                    WC="0.97671041173755"></String>
          </TextLine>
          <TextLine ID="eSc_line_507bf554"
                    TAGREFS="LT8"
                    BASELINE="113 379 977 379" 
                    HPOS="113"
                    VPOS="339"
                    WIDTH="863"
                    HEIGHT="57">
            <Shape><Polygon POINTS="113 379 113 397 153 391 268 391 281 397 283 397 284 397 316 391 336 397 337 397 339 397 339 397 356 391 975 397 977 379 977 351 692 339 691 339 690 339 672 346 664 349 654 346 636 339 635 339 634 339 632 339 621 346 612 351 577 351 561 344 542 339 541 339 540 339 539 339 526 344 513 351 421 351 408 344 402 339 401 339 399 339 382 342 351 348 330 342 323 339 321 339 321 339 319 339 313 342 298 346 257 341 242 339 241 339 239 339 238 341 219 349 113 339 113 379"/></Shape>
            <String CONTENT="buerat Paulus: ſi tamen res ipſa definiatur etiam"
                    HPOS="113"
                    VPOS="339"
                    WIDTH="863"
                    HEIGHT="57"
                    WC="0.982560441202047"></String>
          </TextLine>
          <TextLine ID="eSc_line_b5a2fff0"
                    TAGREFS="LT8"
                    BASELINE="113 426 975 426" 
                    HPOS="113"
                    VPOS="386"
                    WIDTH="862"
                    HEIGHT="61">
            <Shape><Polygon POINTS="113 426 113 447 156 447 156 446 157 446 171 439 233 446 242 446 244 446 244 446 248 444 271 439 339 439 351 444 354 446 356 446 357 446 376 444 416 439 432 444 437 444 439 444 440 444 441 444 449 444 467 439 476 444 481 446 482 446 484 446 519 442 559 439 682 441 934 446 935 446 975 437 975 426 975 396 896 396 895 394 882 387 882 387 880 387 879 387 817 392 807 386 806 386 804 386 804 386 802 386 777 394 775 394 774 394 745 386 744 386 742 386 741 386 714 394 711 396 612 396 609 394 599 386 599 386 597 386 526 386 524 386 523 386 522 386 513 394 511 394 502 394 462 386 397 386 396 386 394 386 394 386 384 392 382 394 380 392 362 386 361 386 359 386 358 386 337 392 335 394 333 392 324 389 323 389 321 389 280 392 253 394 247 392 233 386 231 386 230 386 113 391 113 426"/></Shape>
            <String CONTENT="ad Filium, &amp; Spiritum ſanctum referri, quia pa¬"
                    HPOS="113"
                    VPOS="386"
                    WIDTH="862"
                    HEIGHT="61"
                    WC="0.98476375607734"></String>
          </TextLine>
          <TextLine ID="eSc_line_ca4abc93"
                    TAGREFS="LT8"
                    BASELINE="112 476 974 473" 
                    HPOS="111"
                    VPOS="434"
                    WIDTH="863"
                    HEIGHT="55">
            <Shape><Polygon POINTS="112 476 112 489 973 489 974 473 972 442 824 442 806 434 804 434 804 434 802 434 801 434 790 441 717 435 716 435 714 435 689 441 636 434 635 434 634 434 602 442 601 442 591 434 590 434 589 434 587 434 527 441 508 434 507 434 416 434 414 434 413 434 381 442 376 444 335 444 335 442 326 435 324 435 323 435 228 435 226 435 226 435 211 442 183 435 181 435 180 435 179 435 178 435 168 442 138 435 136 435 135 435 134 435 111 442 112 476"/></Shape>
            <String CONTENT="ris ſunt Filius &amp; Spiritus ſanctus cum Patre di¬"
                    HPOS="111"
                    VPOS="434"
                    WIDTH="863"
                    HEIGHT="55"
                    WC="0.985808338969946"></String>
          </TextLine>
          <TextLine ID="eSc_line_5c60669f"
                    TAGREFS="LT8"
                    BASELINE="113 522 974 522" 
                    HPOS="113"
                    VPOS="484"
                    WIDTH="861"
                    HEIGHT="58">
            <Shape><Polygon POINTS="113 522 113 542 289 542 289 541 289 541 291 541 298 535 328 541 329 541 330 541 331 541 354 535 399 541 402 541 403 541 404 541 406 541 417 535 973 540 974 522 974 492 922 484 920 484 919 484 899 492 844 492 832 484 831 484 830 484 659 484 658 484 621 491 580 484 579 484 499 491 484 484 482 484 481 484 437 491 387 484 386 484 385 484 371 490 359 485 358 485 357 485 264 491 226 484 224 484 189 491 179 484 178 484 176 484 144 484 143 484 141 484 113 491 113 522"/></Shape>
            <String CONTENT="gnitatis: &amp; confirmatur 2 Petri 3. verſ. 18. noſtra"
                    HPOS="113"
                    VPOS="484"
                    WIDTH="861"
                    HEIGHT="58"
                    WC="0.97971375432669"></String>
          </TextLine>
          <TextLine ID="eSc_line_8af368d6"
                    TAGREFS="LT8"
                    BASELINE="109 571 972 571" 
                    HPOS="109"
                    VPOS="529"
                    WIDTH="863"
                    HEIGHT="62">
            <Shape><Polygon POINTS="109 571 109 581 138 589 139 589 189 584 196 590 197 590 198 590 199 590 236 582 242 582 291 582 294 584 307 590 308 590 309 591 361 591 361 590 362 590 374 585 379 582 385 585 399 590 401 590 402 590 452 585 484 582 490 586 496 590 497 590 499 590 499 591 532 591 532 590 534 590 535 590 540 586 546 582 579 586 608 590 609 590 630 587 654 584 714 587 747 590 749 590 749 590 756 589 777 582 792 589 796 590 797 590 799 590 804 589 832 582 970 590 972 571 972 540 925 540 904 529 902 529 901 529 852 537 832 529 831 529 830 529 764 536 737 529 736 529 735 529 734 529 732 529 722 536 695 531 694 531 692 531 675 540 594 540 564 530 563 530 562 530 509 539 497 529 496 529 494 529 494 529 492 529 472 535 434 529 432 529 385 539 353 530 352 530 351 530 349 530 336 536 328 529 326 529 326 529 324 529 273 535 258 529 257 529 256 529 254 529 226 540 109 540 109 571"/></Shape>
            <String CONTENT="ſententia. Quia verò ſuperio. verſiculo Chriſtum"
                    HPOS="109"
                    VPOS="529"
                    WIDTH="863"
                    HEIGHT="62"
                    WC="0.998619721860302"></String>
          </TextLine>
          <TextLine ID="eSc_line_c7832ff4"
                    TAGREFS="LT8"
                    BASELINE="109 618 972 616" 
                    HPOS="108"
                    VPOS="579"
                    WIDTH="863"
                    HEIGHT="60">
            <Shape><Polygon POINTS="109 618 109 631 236 637 238 637 302 631 308 631 312 631 344 639 346 639 399 631 403 631 406 631 462 639 463 639 464 639 492 631 494 631 494 631 566 637 567 637 568 637 587 630 591 630 608 630 719 637 720 637 722 637 739 630 740 630 741 630 769 637 770 637 772 639 960 639 960 637 962 637 963 637 972 630 972 616 969 589 754 579 752 579 647 587 640 581 639 581 637 581 636 581 635 581 618 586 611 579 609 579 608 579 607 579 606 579 584 585 540 579 539 579 537 579 536 579 522 589 356 580 354 580 353 580 352 580 341 590 294 590 266 580 266 580 264 580 224 589 211 580 209 580 208 580 166 580 166 580 108 590 109 618"/></Shape>
            <String CONTENT="nobis vti mediatorem, &amp; hominem Paulus pro¬"
                    HPOS="108"
                    VPOS="579"
                    WIDTH="863"
                    HEIGHT="60"
                    WC="0.976605007814807"></String>
          </TextLine>
          <TextLine ID="eSc_line_479d98c8"
                    TAGREFS="LT8"
                    BASELINE="109 667 975 664" 
                    HPOS="108"
                    VPOS="624"
                    WIDTH="867"
                    HEIGHT="65">
            <Shape><Polygon POINTS="109 667 109 689 152 680 441 685 581 686 582 686 584 686 585 686 590 682 597 679 645 679 658 681 682 686 684 686 685 686 701 681 704 680 717 680 780 685 781 685 782 685 784 685 791 679 794 677 802 679 830 685 831 686 947 686 947 685 949 685 975 676 975 664 973 635 940 635 930 626 929 626 927 626 927 626 925 626 910 634 841 634 817 624 815 624 814 624 813 624 795 631 713 626 712 626 711 626 684 635 634 627 632 627 576 635 563 625 562 625 561 625 559 625 558 625 531 632 523 625 522 625 521 625 519 625 457 631 404 625 403 625 353 636 291 626 289 626 239 636 216 626 216 626 168 626 166 626 108 637 109 667"/></Shape>
            <String CONTENT="poſuit, ex more ſuo &amp; ſcripturæ, in Patris perſo¬"
                    HPOS="108"
                    VPOS="624"
                    WIDTH="867"
                    HEIGHT="65"
                    WC="0.977797527702487"></String>
          </TextLine>
          <TextLine ID="eSc_line_e8d645b9"
                    TAGREFS="LT8"
                    BASELINE="108 717 974 714" 
                    HPOS="107"
                    VPOS="675"
                    WIDTH="868"
                    HEIGHT="64">
            <Shape><Polygon POINTS="108 717 108 727 224 727 226 729 236 737 238 737 239 737 239 739 271 739 271 737 271 737 273 737 283 729 285 727 302 729 376 736 376 736 435 730 457 727 540 727 544 730 556 736 557 736 558 737 596 737 596 736 597 736 599 736 604 730 609 727 632 730 677 736 679 736 680 736 691 731 701 727 761 731 827 736 829 736 830 736 845 731 856 727 864 731 874 736 875 736 877 736 973 731 974 714 973 686 939 676 937 676 936 676 935 676 915 686 914 687 782 687 781 686 769 675 768 675 767 675 745 675 744 675 742 675 741 675 727 686 727 686 679 676 677 676 676 676 675 676 662 686 662 687 622 687 622 686 601 675 599 675 599 675 597 675 596 675 581 686 581 687 575 687 564 687 541 675 540 675 539 675 467 676 466 676 446 687 444 687 426 677 424 677 423 677 378 687 376 687 374 687 349 676 348 676 247 676 246 676 244 676 244 676 230 687 107 687 108 717"/></Shape>
            <String CONTENT="na complectitur &amp; reſtringit, quæ ſunt propria"
                    HPOS="107"
                    VPOS="675"
                    WIDTH="868"
                    HEIGHT="64"
                    WC="0.990903531727583"></String>
          </TextLine>
          <TextLine ID="eSc_line_daae35f1"
                    TAGREFS="LT8"
                    BASELINE="108 763 973 759" 
                    HPOS="107"
                    VPOS="722"
                    WIDTH="866"
                    HEIGHT="60">
            <Shape><Polygon POINTS="108 763 108 774 302 780 303 780 304 780 316 777 323 772 454 772 575 777 659 781 661 781 681 779 722 772 735 779 737 780 739 780 740 780 746 779 769 774 791 779 795 780 796 780 797 780 799 780 801 780 817 774 825 780 827 780 827 780 829 781 972 781 973 759 970 732 868 732 857 722 857 722 856 722 854 722 854 722 852 722 834 731 820 722 819 722 818 722 687 722 686 722 685 722 684 722 672 731 652 725 651 725 649 725 649 725 626 732 611 724 609 724 608 724 564 732 552 722 551 722 549 722 514 722 513 722 512 722 511 722 497 734 453 734 441 722 440 722 439 722 396 722 394 722 394 722 371 732 342 724 341 724 339 724 339 724 337 724 323 734 289 727 287 727 286 727 266 734 221 727 219 727 218 727 197 734 186 724 185 724 184 724 119 724 118 724 116 724 116 724 116 725 107 732 108 763"/></Shape>
            <String CONTENT="diuinæ naturæ. Eſt verò periculoſa Eraſmi anno¬"
                    HPOS="107"
                    VPOS="722"
                    WIDTH="866"
                    HEIGHT="60"
                    WC="0.979205533862114"></String>
          </TextLine>
          <TextLine ID="eSc_line_914292b7"
                    TAGREFS="LT8"
                    BASELINE="109 812 972 809" 
                    HPOS="108"
                    VPOS="772"
                    WIDTH="863"
                    HEIGHT="58">
            <Shape><Polygon POINTS="109 812 109 822 285 822 287 822 312 829 313 829 314 829 349 822 371 830 373 830 374 830 439 822 446 822 454 822 507 829 508 829 695 822 724 820 729 820 758 827 759 829 841 829 841 827 842 827 844 827 852 820 872 827 872 827 874 829 960 829 960 827 962 827 963 827 972 820 972 809 969 782 896 782 882 772 880 772 879 772 877 772 877 772 846 781 834 772 832 772 831 772 757 772 756 772 686 782 681 784 630 784 629 782 607 772 606 772 569 772 568 772 567 772 547 782 527 772 526 772 526 772 524 772 497 782 485 772 484 772 482 772 481 772 480 772 462 781 444 772 442 772 441 772 399 782 394 784 391 782 369 774 368 774 367 774 319 782 313 784 285 784 285 782 273 774 271 774 271 774 269 774 197 782 164 774 163 774 162 774 161 774 159 774 146 782 130 777 129 777 128 777 126 777 108 782 109 812"/></Shape>
            <String CONTENT="tatio ad hunc locum, qui id rarum eſſe in Apo¬"
                    HPOS="108"
                    VPOS="772"
                    WIDTH="863"
                    HEIGHT="58"
                    WC="0.982424936864687"></String>
          </TextLine>
          <TextLine ID="eSc_line_1186c312"
                    TAGREFS="LT8"
                    BASELINE="107 857 973 860" 
                    HPOS="106"
                    VPOS="817"
                    WIDTH="867"
                    HEIGHT="60">
            <Shape><Polygon POINTS="106 870 970 877 973 860 972 827 791 819 790 819 789 819 770 827 767 829 718 829 713 827 692 819 691 819 690 819 689 819 666 827 664 827 663 827 644 818 642 818 641 818 591 827 589 827 587 827 579 819 579 818 577 818 576 818 542 818 541 818 540 818 517 827 516 827 506 818 504 818 503 818 468 818 467 818 466 818 464 818 464 819 456 827 454 827 430 827 426 825 394 817 394 817 392 817 391 817 364 825 335 817 334 817 333 817 331 817 316 825 314 827 286 827 285 825 271 817 271 817 269 817 268 817 159 825 152 825 151 825 126 817 125 817 124 817 123 817 107 824 107 857"/></Shape>
            <String CONTENT="ſtolicis literis ait, vt Dei vocabulum Chriſto &amp;"
                    HPOS="106"
                    VPOS="817"
                    WIDTH="867"
                    HEIGHT="60"
                    WC="0.970397601524989"></String>
          </TextLine>
          <TextLine ID="eSc_line_0e7839c9"
                    TAGREFS="LT8"
                    BASELINE="108 907 972 904" 
                    HPOS="107"
                    VPOS="864"
                    WIDTH="865"
                    HEIGHT="62">
            <Shape><Polygon POINTS="108 907 108 917 136 927 138 927 139 927 140 927 174 918 181 918 392 918 394 918 423 924 424 924 511 918 540 917 549 918 581 925 582 925 584 925 608 919 617 917 641 919 709 925 711 925 972 919 972 904 969 877 936 869 935 869 934 869 932 869 922 875 922 877 862 877 859 875 846 868 845 868 844 868 842 868 819 874 815 875 813 874 800 865 799 865 797 865 796 865 795 865 794 865 782 874 780 877 754 877 752 874 742 865 741 865 740 865 739 865 737 865 712 872 711 872 682 864 681 864 680 864 679 864 677 864 668 872 663 877 607 877 602 872 592 864 591 864 590 864 552 864 551 864 549 864 532 872 518 877 454 877 446 870 441 865 440 865 439 865 437 865 397 869 376 872 369 869 359 865 358 865 247 865 246 865 244 865 239 868 214 877 203 867 202 865 201 865 199 865 198 865 189 867 152 875 107 867 108 907"/></Shape>
            <String CONTENT="Spiritui ſancto tribuatur. Ac ne in ſymbolo qui¬"
                    HPOS="107"
                    VPOS="864"
                    WIDTH="865"
                    HEIGHT="62"
                    WC="0.981351558119059"></String>
          </TextLine>
          <TextLine ID="eSc_line_5e4232e1"
                    TAGREFS="LT8"
                    BASELINE="111 955 967 954" 
                    HPOS="109"
                    VPOS="914"
                    WIDTH="858"
                    HEIGHT="62">
            <Shape><Polygon POINTS="111 955 111 967 208 965 216 968 239 975 239 975 241 977 266 977 266 975 268 975 269 975 278 968 281 965 522 965 546 970 576 975 577 975 607 970 634 965 642 970 652 975 654 975 654 975 699 970 725 968 737 970 752 975 754 975 754 975 756 975 772 972 780 969 789 972 806 975 807 975 809 975 965 972 967 954 964 927 899 927 886 915 885 915 884 915 882 915 882 915 851 925 820 914 819 914 818 914 817 914 815 914 802 927 746 927 735 918 734 918 732 918 731 918 675 920 649 914 649 914 647 914 646 914 619 924 607 918 606 918 604 918 604 918 585 927 529 927 511 914 509 914 508 914 441 914 440 914 439 914 417 927 389 927 367 914 366 914 271 914 269 914 156 925 129 914 128 914 126 914 125 914 124 914 109 924 111 955"/></Shape>
            <String CONTENT="dem Apoſtolico, Filium &amp; Spiritum ſanctum"
                    HPOS="109"
                    VPOS="914"
                    WIDTH="858"
                    HEIGHT="62"
                    WC="0.992257794228996"></String>
          </TextLine>
          <TextLine ID="eSc_line_7803433c"
                    TAGREFS="LT8"
                    BASELINE="107 1004 969 1001" 
                    HPOS="106"
                    VPOS="963"
                    WIDTH="863"
                    HEIGHT="64">
            <Shape><Polygon POINTS="107 1004 108 1027 133 1014 459 1014 471 1020 473 1023 474 1023 476 1023 516 1024 517 1024 518 1024 526 1020 537 1014 544 1019 549 1024 549 1024 551 1024 552 1025 626 1025 626 1024 657 1018 680 1013 697 1017 718 1023 719 1023 720 1023 782 1015 789 1015 791 1015 812 1023 813 1023 814 1024 915 1024 915 1023 917 1023 918 1023 927 1017 954 1023 955 1023 957 1023 958 1023 969 1014 969 1001 967 974 812 974 809 972 795 964 794 964 792 964 740 972 729 973 727 972 716 963 714 963 713 963 712 963 711 963 689 972 679 974 667 970 644 964 642 964 641 964 640 964 639 964 630 970 622 975 537 975 526 969 513 964 512 964 446 964 444 964 444 964 432 969 421 974 407 969 394 964 394 964 392 964 367 968 328 975 309 968 303 965 302 965 301 965 284 968 239 974 106 967 107 1004"/></Shape>
            <String CONTENT="Dei nomine concedit proponi nobis. In quo to¬"
                    HPOS="106"
                    VPOS="963"
                    WIDTH="863"
                    HEIGHT="64"
                    WC="0.992609277036455"></String>
          </TextLine>
          <TextLine ID="eSc_line_3b5213da"
                    TAGREFS="LT8"
                    BASELINE="107 1052 965 1050" 
                    HPOS="106"
                    VPOS="1012"
                    WIDTH="859"
                    HEIGHT="60">
            <Shape><Polygon POINTS="107 1052 107 1063 141 1072 143 1072 180 1064 188 1063 278 1063 283 1065 299 1072 301 1072 302 1072 303 1072 319 1065 353 1072 354 1072 356 1072 371 1065 379 1063 459 1063 472 1067 490 1072 491 1072 492 1072 494 1072 503 1067 511 1062 554 1062 564 1067 572 1070 573 1070 574 1070 596 1068 634 1062 707 1068 736 1070 737 1072 932 1072 932 1070 932 1070 935 1070 952 1064 960 1070 965 1050 963 1023 917 1023 892 1012 891 1012 890 1012 889 1012 887 1012 877 1022 711 1022 682 1012 681 1012 680 1012 679 1012 677 1012 666 1020 659 1015 658 1015 657 1015 656 1015 654 1015 654 1015 645 1023 563 1023 534 1013 532 1013 531 1013 463 1023 456 1023 454 1023 436 1013 435 1013 309 1013 308 1013 257 1022 202 1013 201 1013 106 1022 107 1052"/></Shape>
            <String CONTENT="to cœlo errat. Nam qua ratione Patrem confite¬"
                    HPOS="106"
                    VPOS="1012"
                    WIDTH="859"
                    HEIGHT="60"
                    WC="0.986484089623327"></String>
          </TextLine>
          <TextLine ID="eSc_line_5ea68d3f"
                    TAGREFS="LT8"
                    BASELINE="108 1100 964 1098" 
                    HPOS="107"
                    VPOS="1059"
                    WIDTH="858"
                    HEIGHT="61">
            <Shape><Polygon POINTS="108 1100 109 1120 136 1110 221 1119 223 1119 224 1119 244 1110 962 1119 964 1098 962 1072 880 1072 880 1070 865 1064 864 1064 863 1064 862 1064 840 1070 824 1063 822 1063 822 1063 763 1070 758 1070 756 1070 731 1060 730 1060 729 1060 690 1070 686 1070 672 1059 672 1059 670 1059 669 1059 668 1059 640 1069 636 1072 541 1072 539 1069 526 1059 526 1059 524 1059 496 1059 494 1059 494 1059 492 1059 492 1060 482 1068 423 1059 421 1059 421 1059 419 1059 419 1060 409 1069 407 1070 317 1070 313 1068 296 1059 294 1059 223 1059 221 1059 221 1059 198 1068 191 1070 184 1068 164 1059 163 1059 162 1059 161 1059 141 1068 134 1070 107 1068 108 1100"/></Shape>
            <String CONTENT="mur eſſe Deum, cùm dicimus Credo in Patrem:"
                    HPOS="107"
                    VPOS="1059"
                    WIDTH="858"
                    HEIGHT="61"
                    WC="0.991472585634752"></String>
          </TextLine>
          <TextLine ID="eSc_line_999b0014"
                    TAGREFS="LT8"
                    BASELINE="107 1147 967 1150" 
                    HPOS="106"
                    VPOS="1107"
                    WIDTH="861"
                    HEIGHT="61">
            <Shape><Polygon POINTS="106 1157 138 1165 139 1165 140 1165 141 1165 143 1165 153 1159 285 1159 298 1167 299 1167 301 1167 302 1167 303 1167 329 1159 330 1159 480 1159 481 1160 489 1167 490 1167 491 1167 492 1167 581 1160 592 1160 594 1160 613 1168 614 1168 616 1168 672 1162 674 1162 675 1162 695 1168 696 1168 697 1168 699 1168 711 1162 724 1168 725 1168 727 1168 774 1162 780 1162 781 1162 789 1168 790 1168 791 1168 792 1168 965 1163 967 1150 967 1119 925 1108 924 1108 922 1108 882 1109 880 1109 879 1109 865 1118 864 1119 737 1119 732 1117 709 1108 708 1108 707 1108 706 1108 680 1117 672 1119 630 1119 625 1115 614 1108 613 1108 612 1108 571 1108 569 1108 568 1108 567 1108 558 1115 554 1118 535 1115 503 1110 502 1110 458 1114 430 1117 426 1114 411 1107 409 1107 342 1107 341 1107 312 1113 294 1118 238 1118 226 1113 212 1107 211 1107 143 1107 141 1107 140 1107 131 1112 121 1117 108 1112 107 1147 106 1157"/></Shape>
            <String CONTENT="eâdem etiam Filium agnoſcimus Deum, quia ſic"
                    HPOS="106"
                    VPOS="1107"
                    WIDTH="861"
                    HEIGHT="61"
                    WC="0.983545045057932"></String>
          </TextLine>
          <TextLine ID="eSc_line_88c246e1"
                    TAGREFS="LT8"
                    BASELINE="106 1193 965 1197" 
                    HPOS="104"
                    VPOS="1155"
                    WIDTH="861"
                    HEIGHT="57">
            <Shape><Polygon POINTS="106 1193 104 1210 963 1213 965 1197 964 1168 918 1158 917 1158 915 1158 886 1167 885 1167 854 1158 854 1158 852 1158 851 1158 850 1158 840 1167 839 1168 814 1168 812 1167 764 1158 763 1158 762 1158 740 1165 722 1158 720 1158 719 1158 718 1158 694 1167 692 1167 691 1167 677 1157 676 1157 675 1157 674 1157 672 1157 637 1165 637 1167 606 1167 606 1165 596 1158 596 1157 594 1157 594 1157 549 1157 549 1157 547 1157 526 1165 526 1167 494 1167 494 1165 484 1157 482 1157 481 1157 480 1157 399 1163 387 1155 386 1155 385 1155 384 1155 294 1164 291 1164 106 1164 106 1193"/></Shape>
            <String CONTENT="enuntiamus, &amp; in Filium: idem de Spiritu ſancto"
                    HPOS="104"
                    VPOS="1155"
                    WIDTH="861"
                    HEIGHT="57"
                    WC="0.985721829089713"></String>
          </TextLine>
          <TextLine ID="eSc_line_97955f7c"
                    TAGREFS="LT8"
                    BASELINE="104 1245 965 1245" 
                    HPOS="104"
                    VPOS="1205"
                    WIDTH="861"
                    HEIGHT="61">
            <Shape><Polygon POINTS="104 1245 104 1258 129 1265 130 1265 131 1265 164 1260 171 1258 176 1260 221 1265 221 1265 253 1260 259 1258 276 1260 336 1264 337 1264 339 1264 349 1260 353 1258 496 1258 509 1260 546 1265 547 1265 590 1260 608 1258 651 1258 656 1260 663 1265 664 1265 666 1265 667 1267 772 1267 772 1265 772 1265 785 1260 791 1258 797 1260 811 1265 812 1265 813 1265 856 1260 882 1258 894 1260 910 1265 912 1265 913 1265 965 1260 965 1245 965 1212 887 1205 886 1205 885 1205 884 1205 877 1212 872 1215 719 1215 706 1212 676 1205 675 1205 642 1212 635 1213 626 1212 585 1205 584 1205 582 1205 581 1205 573 1212 568 1215 521 1215 517 1212 512 1208 511 1208 509 1208 508 1208 486 1213 482 1213 477 1213 449 1205 447 1205 446 1205 424 1213 421 1213 418 1213 387 1205 386 1205 385 1205 384 1205 376 1213 373 1215 321 1215 317 1213 297 1205 296 1205 294 1205 247 1213 244 1213 233 1205 231 1205 230 1205 168 1205 166 1205 166 1205 149 1213 147 1214 144 1213 116 1205 114 1205 113 1205 112 1205 111 1205 104 1210 104 1245"/></Shape>
            <String CONTENT="&amp; in Spiritum ſanctum, præterquam quod ita"
                    HPOS="104"
                    VPOS="1205"
                    WIDTH="861"
                    HEIGHT="61"
                    WC="0.997099975744883"></String>
          </TextLine>
          <TextLine ID="eSc_line_f8948640"
                    TAGREFS="LT8"
                    BASELINE="103 1291 964 1295" 
                    HPOS="103"
                    VPOS="1253"
                    WIDTH="861"
                    HEIGHT="57">
            <Shape><Polygon POINTS="103 1291 103 1310 963 1310 964 1295 963 1265 762 1255 761 1255 759 1255 735 1264 734 1264 731 1264 711 1255 709 1255 708 1255 707 1255 686 1264 684 1264 681 1264 651 1255 649 1255 649 1255 647 1255 621 1263 586 1257 585 1257 521 1263 517 1263 516 1263 506 1255 504 1255 503 1255 447 1255 446 1255 444 1255 444 1255 431 1263 428 1263 378 1253 376 1253 376 1253 361 1260 296 1253 294 1253 294 1253 292 1253 281 1262 280 1263 149 1263 148 1262 130 1255 129 1255 128 1255 126 1255 103 1260 103 1291"/></Shape>
            <String CONTENT="pronuntiatur prima illa pars Symboli Credo in"
                    HPOS="103"
                    VPOS="1253"
                    WIDTH="861"
                    HEIGHT="57"
                    WC="0.994153175089094"></String>
          </TextLine>
          <TextLine ID="eSc_line_a5b3ba7f"
                    TAGREFS="LT8"
                    BASELINE="104 1338 963 1342" 
                    HPOS="103"
                    VPOS="1300"
                    WIDTH="859"
                    HEIGHT="60">
            <Shape><Polygon POINTS="104 1338 103 1353 960 1360 963 1342 962 1312 927 1305 925 1305 924 1305 907 1310 884 1302 882 1302 882 1302 880 1302 859 1310 820 1302 819 1302 818 1302 796 1310 795 1312 720 1312 717 1310 676 1301 675 1301 674 1301 649 1307 619 1301 618 1301 617 1301 589 1310 521 1302 519 1302 473 1310 472 1310 471 1310 461 1301 459 1301 458 1301 457 1301 368 1308 344 1300 342 1300 297 1300 296 1300 294 1300 294 1300 280 1308 279 1308 209 1301 208 1301 162 1308 159 1308 157 1308 128 1300 126 1300 125 1300 124 1300 104 1307 104 1338"/></Shape>
            <String CONTENT="Deum, vt illic diſpunctio adhibeatur Credo in"
                    HPOS="103"
                    VPOS="1300"
                    WIDTH="859"
                    HEIGHT="60"
                    WC="0.981142233477698"></String>
          </TextLine>
          <TextLine ID="eSc_line_cd029ddd"
                    TAGREFS="LT8"
                    BASELINE="103 1386 962 1390" 
                    HPOS="102"
                    VPOS="1346"
                    WIDTH="860"
                    HEIGHT="64">
            <Shape><Polygon POINTS="103 1386 102 1400 146 1407 147 1407 298 1402 326 1402 339 1403 394 1408 396 1408 549 1405 667 1403 959 1410 962 1390 962 1360 932 1350 930 1350 900 1350 899 1350 897 1350 896 1350 884 1358 882 1358 872 1350 870 1350 869 1350 868 1350 867 1350 842 1355 820 1350 819 1350 818 1350 817 1350 802 1357 797 1358 791 1355 779 1352 777 1352 777 1352 775 1352 774 1352 769 1355 765 1360 690 1360 681 1355 670 1348 669 1348 634 1348 632 1348 631 1348 630 1348 622 1353 618 1357 592 1353 559 1348 558 1348 513 1352 480 1355 474 1351 471 1348 469 1348 468 1348 467 1348 466 1348 464 1348 461 1351 451 1358 390 1358 342 1350 328 1347 326 1347 299 1348 192 1355 178 1350 176 1350 175 1350 174 1350 154 1355 103 1346 103 1386"/></Shape>
            <String CONTENT="Deũ, &amp; ſuſiſtat vox: deinde explicatur quis ſit ille"
                    HPOS="102"
                    VPOS="1346"
                    WIDTH="860"
                    HEIGHT="64"
                    WC="0.993174910545349"></String>
          </TextLine>
          <TextLine ID="eSc_line_b452c539"
                    TAGREFS="LT8"
                    BASELINE="103 1438 963 1438" 
                    HPOS="103"
                    VPOS="1397"
                    WIDTH="859"
                    HEIGHT="68">
            <Shape><Polygon POINTS="103 1438 104 1463 124 1453 194 1453 206 1463 207 1465 208 1465 209 1465 211 1465 212 1465 213 1465 214 1463 226 1453 254 1460 256 1460 257 1460 258 1460 266 1456 279 1463 280 1465 281 1465 283 1465 284 1465 321 1465 321 1465 321 1465 323 1465 323 1463 339 1453 440 1453 456 1465 457 1465 458 1465 459 1465 476 1465 476 1465 477 1465 479 1465 491 1453 534 1465 537 1465 539 1465 540 1465 541 1465 567 1453 668 1453 686 1465 687 1465 689 1465 690 1465 818 1465 818 1465 819 1465 839 1457 962 1465 963 1438 963 1405 869 1405 868 1405 842 1397 841 1397 804 1397 802 1397 801 1397 800 1397 792 1405 791 1405 787 1405 727 1397 727 1397 692 1405 689 1405 687 1405 679 1397 677 1397 676 1397 675 1397 632 1403 624 1405 607 1403 524 1397 466 1397 464 1397 463 1397 462 1397 454 1403 451 1405 435 1403 386 1397 385 1397 341 1402 321 1405 314 1402 299 1397 298 1397 297 1397 296 1397 283 1402 279 1403 103 1402 103 1438"/></Shape>
            <String CONTENT="Deus, nempe Pater, Filius, &amp; S ſanctus diſtincté."
                    HPOS="103"
                    VPOS="1397"
                    WIDTH="859"
                    HEIGHT="68"
                    WC="0.998303339481354"></String>
          </TextLine>
        </TextBlock>
        <TextBlock HPOS="86"
                   VPOS="1492"
                   WIDTH="881"
                   HEIGHT="238"
                   ID="eSc_textblock_d9fb2749"
                   TAGREFS="BT3206">
          <Shape><Polygon POINTS="86 1492 86 1730 967 1730 967 1492"/></Shape>
          <TextLine ID="eSc_line_67153ed9"
                    TAGREFS="LT62"
                    BASELINE="143 1536 960 1542" 
                    HPOS="141"
                    VPOS="1490"
                    WIDTH="819"
                    HEIGHT="73">
            <Shape><Polygon POINTS="141 1547 246 1548 258 1557 259 1557 261 1557 262 1557 337 1551 348 1558 349 1558 351 1558 352 1558 476 1552 486 1560 487 1560 489 1560 490 1560 576 1552 621 1560 622 1560 772 1555 804 1560 806 1560 840 1555 850 1562 851 1562 852 1562 854 1563 907 1563 907 1562 959 1553 960 1542 958 1495 902 1496 901 1496 877 1506 854 1495 852 1495 851 1495 850 1495 849 1495 847 1495 814 1506 777 1506 764 1496 762 1493 761 1493 759 1493 758 1493 729 1496 634 1505 477 1500 476 1497 473 1492 472 1492 472 1491 471 1491 469 1491 424 1491 423 1491 421 1491 421 1491 411 1498 409 1498 384 1491 382 1491 381 1491 380 1491 379 1491 371 1498 366 1503 309 1503 304 1500 294 1490 292 1490 291 1490 256 1490 254 1490 253 1490 252 1490 238 1500 235 1501 229 1500 201 1492 199 1492 198 1492 197 1492 183 1500 180 1501 143 1501 143 1536"/></Shape>
            <String CONTENT="18 Hoc mandatum commendo tibi, fili"
                    HPOS="141"
                    VPOS="1490"
                    WIDTH="819"
                    HEIGHT="73"
                    ></String>
          </TextLine>
          <TextLine ID="eSc_line_e9bb8428"
                    TAGREFS="LT62"
                    BASELINE="103 1592 959 1598" 
                    HPOS="102"
                    VPOS="1547"
                    WIDTH="858"
                    HEIGHT="73">
            <Shape><Polygon POINTS="102 1603 121 1610 123 1610 124 1610 186 1607 196 1613 197 1613 198 1613 199 1613 271 1606 294 1615 296 1615 297 1615 363 1607 401 1607 409 1615 411 1615 412 1615 413 1615 414 1615 442 1607 496 1607 506 1615 506 1617 507 1617 508 1617 509 1617 627 1610 642 1618 644 1618 645 1618 646 1618 647 1618 666 1610 727 1610 739 1618 740 1618 741 1618 789 1620 790 1620 846 1620 846 1620 847 1620 849 1620 857 1613 909 1620 910 1620 958 1610 959 1598 957 1560 940 1565 932 1558 925 1553 924 1553 922 1553 904 1553 902 1553 901 1553 900 1553 892 1558 886 1562 879 1558 869 1553 868 1553 867 1553 865 1553 864 1553 859 1558 847 1565 749 1565 739 1557 737 1557 736 1557 735 1557 702 1563 681 1555 674 1552 672 1552 672 1552 657 1555 617 1563 569 1553 554 1551 554 1551 552 1551 551 1551 547 1553 539 1558 499 1552 494 1552 494 1552 492 1552 491 1552 481 1560 459 1553 458 1553 457 1553 456 1553 441 1560 426 1551 423 1550 421 1550 421 1550 419 1550 409 1551 361 1562 285 1562 249 1548 248 1548 247 1548 246 1548 239 1548 181 1556 103 1547 103 1592"/></Shape>
            <String CONTENT="Timothee, nempe vt ſecundum prægreſſas"
                    HPOS="102"
                    VPOS="1547"
                    WIDTH="858"
                    HEIGHT="73"
                    ></String>
          </TextLine>
          <TextLine ID="eSc_line_36b689f2"
                    TAGREFS="LT62"
                    BASELINE="101 1647 958 1656" 
                    HPOS="101"
                    VPOS="1602"
                    WIDTH="857"
                    HEIGHT="73">
            <Shape><Polygon POINTS="102 1670 130 1660 178 1660 213 1670 223 1671 224 1671 226 1671 276 1670 367 1663 394 1668 417 1673 418 1673 419 1673 421 1673 426 1668 431 1663 439 1668 446 1671 447 1671 449 1671 485 1668 530 1663 544 1668 562 1674 563 1674 564 1675 592 1675 592 1674 594 1674 594 1674 602 1668 604 1667 609 1667 668 1675 669 1675 670 1675 695 1667 699 1665 835 1665 839 1667 856 1673 857 1673 859 1673 909 1667 927 1675 929 1675 930 1675 932 1675 957 1665 958 1656 957 1623 904 1623 901 1622 877 1612 875 1612 874 1612 765 1620 754 1620 751 1620 714 1607 713 1607 712 1607 711 1607 679 1617 663 1607 662 1607 661 1607 659 1607 611 1610 609 1610 608 1610 599 1617 594 1620 532 1620 526 1615 506 1606 504 1606 503 1606 421 1612 408 1606 407 1606 406 1606 404 1606 403 1606 394 1613 389 1617 374 1612 346 1603 344 1603 344 1603 289 1605 287 1605 286 1605 279 1610 271 1615 190 1615 183 1610 175 1602 174 1602 173 1602 171 1602 101 1607 101 1647"/></Shape>
            <String CONTENT="de te prophetias, milites per eas bonam illam"
                    HPOS="101"
                    VPOS="1602"
                    WIDTH="857"
                    HEIGHT="73"
                    WC="0.986114672819773"></String>
          </TextLine>
          <TextLine ID="eSc_line_65eaf449"
                    TAGREFS="LT62"
                    BASELINE="101 1705 304 1711" 
                    HPOS="99"
                    VPOS="1660"
                    WIDTH="205"
                    HEIGHT="80">
            <Shape><Polygon POINTS="101 1705 99 1726 109 1736 109 1738 111 1738 112 1738 113 1738 168 1733 198 1740 199 1740 201 1740 202 1740 231 1729 244 1740 244 1741 244 1741 246 1741 247 1741 248 1741 278 1728 303 1728 304 1711 304 1683 234 1680 221 1670 221 1668 221 1668 219 1668 183 1660 181 1660 107 1676 101 1702"/></Shape>
            <String CONTENT="militiam."
                    HPOS="99"
                    VPOS="1660"
                    WIDTH="205"
                    HEIGHT="80"
                    WC="0.979127413696713"></String>
          </TextLine>
        </TextBlock>
        <TextBlock HPOS="128"
                   VPOS="1739"
                   WIDTH="848"
                   HEIGHT="57"
                   ID="eSc_textblock_397c1193"
                   TAGREFS="BT3207">
          <Shape><Polygon POINTS="128 1739 128 1796 976 1796 976 1739"/></Shape>
          <TextLine ID="eSc_line_0662e212"
                    TAGREFS="LT8"
                    BASELINE="144 1769 962 1776" 
                    HPOS="144"
                    VPOS="1728"
                    WIDTH="818"
                    HEIGHT="84">
            <Shape><Polygon POINTS="144 1769 144 1793 212 1800 213 1800 266 1795 279 1801 280 1801 281 1801 306 1796 324 1805 326 1805 326 1805 366 1796 386 1806 387 1806 389 1806 390 1806 424 1797 436 1807 437 1807 439 1807 440 1808 526 1808 526 1807 527 1807 554 1797 597 1797 618 1808 619 1808 736 1810 737 1810 739 1810 740 1810 754 1800 774 1800 827 1811 827 1812 935 1812 935 1811 936 1811 960 1800 962 1776 962 1740 939 1733 937 1733 936 1733 901 1740 892 1741 885 1740 862 1733 860 1733 859 1733 859 1733 846 1740 837 1743 831 1738 822 1733 822 1733 820 1733 819 1733 763 1738 722 1742 696 1738 669 1733 668 1733 667 1733 657 1738 647 1741 624 1736 602 1733 601 1733 581 1736 556 1741 539 1735 526 1731 526 1731 524 1731 503 1735 489 1738 463 1735 432 1731 431 1731 430 1731 429 1731 426 1733 419 1740 397 1733 387 1731 386 1731 385 1731 366 1733 323 1738 294 1733 271 1728 271 1728 269 1728 268 1728 261 1733 252 1738 144 1731 144 1769"/></Shape>
            <String CONTENT="Regreſſio eſt ad propoſitũ, &amp; huius Epiſtolæ"
                    HPOS="144"
                    VPOS="1728"
                    WIDTH="818"
                    HEIGHT="84"
                    ></String>
          </TextLine>
        </TextBlock>
        <TextBlock HPOS="737"
                   VPOS="1791"
                   WIDTH="84"
                   HEIGHT="63"
                   ID="block_2"
                   TAGREFS="BT17">
          <Shape><Polygon POINTS="822 1791 822 1854 737 1854 737 1791"/></Shape>
          <TextLine ID="eSc_line_49e916de"
                    TAGREFS="LT8"
                    BASELINE="749 1825 813 1825" 
                    HPOS="749"
                    VPOS="1793"
                    WIDTH="63"
                    HEIGHT="57">
            <Shape><Polygon POINTS="749 1825 749 1843 775 1850 777 1850 777 1850 813 1845 813 1825 813 1800 749 1793 749 1825"/></Shape>
            <String CONTENT="c.j."
                    HPOS="749"
                    VPOS="1793"
                    WIDTH="63"
                    HEIGHT="57"
                    ></String>
          </TextLine>
        </TextBlock>
      </PrintSpace>
    </Page>
  </Layout>
</alto>
