1482 2195
518 130 64 61 11

680 128 555 58 AD I. PAVL. AD TIM.

518 180 863 68 Actionem hîc non accipi à nobis pro opere me¬

516 233 866 59 chanico: ſed pro præſtatione aliqua, cuius fructus

514 280 868 58 ſit Dei gloria & ædificatio conſcientiarum. Con¬

517 330 868 58 templatio autem nuda & mera imperfectus a¬

518 380 864 52 ctus & humanę imbecillitatis indicium potius eſt

517 426 865 57 quàm laus potentiæ, ſi deſit ſcilicet iſtius con¬

519 479 860 61 templationis aliquis effectus & fructus qui cog¬

519 526 621 61 nitionem noſtram conſequi poſſit.

564 571 818 61 Aiunt iſti Dixit Chriſtus Luc. 1o. meliorem

518 620 863 66 partem elegit Maria ſibi. Reſpond. Verſabatur

517 667 865 64 in actione, non in nuda diſputatione, cuius exer¬

518 718 797 60 cendæ gratiâ mundo ipſi renuntiabat Maria.

569 770 813 57 Aiunt Tertiæ præſtantiſſimæ hominis partis

519 815 863 52 actio eſt præſtantiſſima. Animus autẽ, cuius pro¬

519 863 865 59 pria eſt contemplatio, eſt corpore excellentior.

519 912 863 58 Ergo & cõtemplatio eſt nobilior actione. Reſp.

529 959 854 58 Vera eſſet concluſio, ſi actio, de qua loquimur,

518 1007 867 57 ſolius corporis viribus fieret, non autem præci¬

522 1055 863 62 puè operatione, id eſt, intellectu & voluntate i¬

523 1105 863 60 pſius animi noſtri, ad cuius obſequium poſtea

519 1155 867 60 for mantur corporis membra. Ergo quum dici¬

521 1202 867 60 mus actionem eſſe finem veræ Theologiæ &

522 1248 863 60 Chriſtianæ, nomine Actionis vel Operis non in¬

522 1296 863 62 telligimus ſeruile & mechanicum aliquod opus,

522 1347 867 57 ſed actionem intellectus & voluntatis noſtræ ad

521 1392 869 62 Deum tendentis nobiliſſimã. Nam ipſi illi Scho¬

522 1446 868 57 laſtici etiam conſtituunt int ell ectum practicum

521 1487 865 57 eſſe facultatem animi humani præſtantiſſimam.

573 1540 815 51 Aiunt quartò, oculus eſt præſtantior manu.

523 1585 867 56 Reſp. Κατάτι. Neque etiam hîc operis nomine

523 1635 869 57 intelligimus tantùm manuales actiones, ſed cul¬

526 1683 867 65 tum Dei, reformationem vitæ quæ ſunt actiones

524 1730 233 67 nobiliſsimæ

1239 1778 154 82 Charitas
