1482 2195
497 144 59 54 1O

652 133 571 58 AD I. PAVL. AD TIM.

494 188 861 68 pretatio & ſententia qui volunt nomine genea¬

494 239 859 66 Iogiæ hîc intelligi, vel Mathematicas deſcriptio¬

492 289 859 62 nes natiuitatum, quas tamẽ damnatas eſſe agnoſ¬

494 336 859 63 cimus. vel longas illas ſeries & diſputationes de

494 384 857 66 Æonibus, quas Valentinus ipſiúſque diſcipuli e¬

492 435 860 60 tiam poſt Pauli mortem, nimirum circa annum

494 484 858 61 à Chriſto paſſo cx. inuexerunt in Eccleſiam, tan¬

494 532 630 60 quam fidei doctrinam neceſſariam.

541 580 809 64 Quod ad horoſcoporum inſpectionem & na¬

494 629 859 57 tiuitates quæ ab Aſtrologis fiunt, illæ non γενεα¬

494 675 857 64 λογίαι appellantur, ſed γενέσεις & γενεθλιαλογίαι, &

492 727 863 57 qui eas tractant & docent, non γενεαλόγοι, ſed

492 772 859 62 γενεθλιακοί nominantur. Hanc tamen interpreta¬

489 820 863 61 tionem videtur amplexus Chriſoſtom. quæ huic

490 870 426 60 loco minimè conuenit.

539 914 816 66 Quanquam autem inter Epheſios, qui Iudæi

490 964 863 61 non erant, verſabatur Timotheus, tamen inter

490 1009 863 67 Iudæos maximè huiuſmodi quæſtiones, quas hîc

491 1060 862 60 damnat Paulus, fiebãt, vti etiam Tit. I.verſ.14 eas

494 1107 859 65 Iudaicas fabulas vocat Paulus. Sed vel iam huiuſ¬

492 1158 863 65 modi fermentum in Eccleſiam Dei irrepſerat,

492 1210 860 56 vel ex ea communicatione, quæ fidelibus cum

494 1255 859 56 Iudæis conuerſis intercedebat hoc periculũ iam

494 1298 859 67 Eccleſiæ imminere potuit, & præuideri à Paulo.

534 1348 822 61 Fuerunt autem huiuſmodi de Genealogijs

491 1396 864 65 diſputationes. Quis ex qua familia ortus eſſet, ſi¬

491 1443 866 65 ue de ſe Iudæi agerent: ſiue de gentibus. Id quod

492 1495 863 66 partim oſtentationis plenum eſt, partim inanis

492 1552 233 48 cognitionis.

517 1588 834 60 Μύθους, igitur vocat huiuſmodi quæſtiones,

494 1636 867 62 quòd etſi ſæpe non ſint prorſus res falſæ & fictæ

494 1685 868 66 pro animi libito:tamen ſunt inutiles, vti fabulæ

494 1731 865 82 & ficte narrationes Μύθος autem vnde noſtri Gal¬

1322 1779 34 67 Ii
