1482 2195
406 158 273 63 CAPVT II.

932 175 43 53 55

126 213 466 67 quàm ſatur & cibi plenus.

180 259 800 65 Videndum iam eſt de loco, vbi orandum ſit.

126 309 856 71 Reſp. verò vbique poſſe. Conuenit enim Paulo

123 359 861 65 cum Chriſto Ioan.4. verſ. 21. Quemadmodum e¬

121 413 861 64 nim Deus non eſt acceptor perſonarum, ita nec

121 458 860 65 locorum. Nam Domini eſt terra, & plenitudo e¬

121 504 860 65 ius. Pſal. 24. Videturque abſurdum, vt Deus, cu¬

121 552 856 66 ius latiſſimè per vniuerſum orbem diffunditur

121 601 858 66 maieſtas & potentia, vbique agnoſci inuocari &

121 649 682 58 coli non poſsit, vt eſt Malach. 1.verſ.11.

169 697 810 60 Obſtat tamen quod eſt ſcriptum Deuter.12.v.

121 746 859 62 5, & 2. Chronic.7.verſ.12. templum Dei à Solo¬

116 795 861 61 mone conſtructum eum fuiſſe locum, quem Do¬

116 842 861 62 minus ſpecialiter elegerat, vt ibi inuocaretur. I¬

116 886 858 63 taque verſus illud templum conuerſus etiam in

118 936 857 66 media Babylone precabatur Daniel, vt ipſe ſcri¬

116 986 859 66 bit cap.6.verſ.1o. Reſpond. verò pro tempore

113 1032 859 68 ita conſtitutũ à Deo fuiſſe, vt quanquam vbique

113 1082 861 62 inuocari poſſet nomen ipſius, ſacrificari tamen

111 1130 859 62 ſolùm in templo Hieroſolymitano tunc tempo¬

112 1178 859 63 ris fas eſſet, quia & cæremoniæ tunc locum ha¬

111 1224 861 66 bebant, & gratia Dei nondum diffuſa erat in o¬

111 1275 857 65 mnes Gentes. Denique hac pædagogia Domi¬

109 1322 863 64 nus tunc volebat ſuos ad vnionem fidei & do¬

107 1370 863 63 ctrinæ exhortari, prouocare, & adducere, & futu¬

104 1417 866 69 ram libertatem ſub Chriſto maioremn oſtendere,

109 1465 299 61 qualis etiam eſt.

151 1507 816 66 Ergo ſublatum eſt illud locorumh vetus diſcri¬

107 1558 858 70 men, vti nec iam cultus Dei in ſacrificiis hoſtia¬

109 1610 855 66 rum conſiſtit. Quò fit vt vbique piè colatur & a¬

108 1657 856 69 doretur Deus, & vt illa ſacrificia, quæ hodie exi¬

109 1706 855 70 git, quæ ſunt gratiarum actiones, vbique terra¬

107 1755 855 78 rum illi offerri poſsint. Atque eò præcipuè per¬

730 1810 76 74 e.ij.
