1482 2195
362 153 361 60 EPISTOLA.

131 207 854 82 certè quidẽ illi nullo iure poſſunt. Ac, vti

131 266 854 75 dixi nec Eccleſia quidem ipſa vniuerſa &

130 326 854 71 collecta in Oecumeniis, quæ vocãt, cõci¬

128 381 854 72 liis hoc quoque poteſt, adeo vt mera fue¬

126 439 854 73 rit tyrãnis, & in ius ipſum Dei inuaſio im¬

129 494 858 75 probiſſima quicquid Synodi illæ Oecume¬

128 556 859 69 nicæ contra præſcriptam verbo Dei diſci¬

128 609 856 68 plinæ Eccleſiaſticæ οὐσίαν induxerũt, & ſan¬

125 667 859 68 ciuerunt: quanquam ſe aliquid melius &

125 722 856 70 ſanctius moliri exiſtimarẽt. Quod verum

126 777 853 71 eſſe, vel ipſa Eccleſiæ confuſio, ruináque,

129 835 851 64 quæ inde con ſecuta eſt, manifeſtè decla¬

125 889 854 73 rat. Nam ſi illa Apoſtolicis ſcriptis præ¬

125 945 854 68 ſcripta diſciplina retenta fuiſſet, nũquam

125 1000 859 73 in eam perturbationem Eccleſia incidiſ¬

129 1057 853 75 ſet, à qua miſerrimè tandem peſſundata

126 1114 853 72 eſt. Quid igitur, damnamûsne omnes eas

124 1170 855 71 Euãgelicas Eccleſias in quibus vel nulla

124 1225 855 71 diſciplina Eccleſiaſtica omnino obſerua¬

123 1284 854 71 tur, vel Apoſtolica nõ retinetur: ſed in qui

123 1341 852 72 bus ea vel corruptaeſt: vel etiam alia, pro

128 1395 839 73 vera ſubſtituta ? Ad hanc odioſam qui

123 1451 849 74 dem quæſtionem, & quæ tamen ſæpe no¬

123 1506 852 75 bis obiicitur, ingenuè quidem, ſed tamen

125 1563 842 75 placidè & modeſtè reſpondemus. Nos

124 1622 849 71 propter carentiam & εἰπουσίαν? diſciplinæ

121 1678 852 71 Eccleſiaſticæ minimè damnare Eccleſias

121 1731 844 84 & cœtus illos hominũ, in quibus vera pu¬

693 1809 70 75 ¶¶.

822 1811 35 66 j.
