1482 2195
390 146 300 51 CAPVT II.

892 149 83 68 53

175 202 797 74 8 Velim igitur viros precari in quouis

112 254 855 80 loco, puras manus attollentes abſque ira &

109 316 283 71 diſceptatione.

146 389 821 75 Hic verſiculus varia capita complectitur, quà

108 447 859 66 ad orationem pertinent, quæque breuiter quidẽ

107 494 858 62 ſed commodè Paulus hîc tradit. Tria enim com¬

108 541 859 71 prehenſa ſunt. 1 Quo animi affectu ſeu præpa¬

107 591 860 67 ratione orandum ſit. 2 In quo loco. 3 Quo

109 635 116 64 geſtu.

153 676 813 75 Sunt autem hæc præ cepta non Pauli, fed Dei.

102 735 863 65 Itaque vox βούλομαι non priuatum quoddam hu¬

104 782 861 65 manæ mentis commentum ſignificat, vti nec 1.

104 830 860 65 Corinth. 1o. verſ.1. ſed praxin horum præcepto¬

102 877 863 65 rum à ſe ſeriò requiri docet his verbis Paulus, ſi¬

102 930 861 67 ne qua non poteſt probari, & Deo grata eſſe no¬

101 975 208 50 ſtra oratio.

149 1019 809 70 Ac quod ad præparationem (nec enim illotis

99 1069 859 65 manibus & impræmeditati àd Deum orandum

103 1117 857 71 debemus accedere) duo imprimis requirit à no¬

99 1163 859 72 bis, Sanctitatem ſiue puritarem vitæ, & Fidem.

144 1218 813 66 Sanctitatem autem illam vitæ deſignat & de¬

95 1263 860 67 ſcribit ab enumeratione partium, nempe à Ma¬

93 1314 864 66 nuum ſanctitarte & puritate, & à cordis charita¬

95 1360 872 70 te. Vult enim & manus noſtras (id eſt, opera ex¬

96 1408 861 66 terna) eſſe ſanctas, vt eſt Iſai.1.verſ.13.& corda ab

96 1458 862 66 omni in proximum ira & irritatione vacua, vt eſt

93 1500 861 72 Matth.6. verſ.15.5. verſ.24. Vera enim ſanctitas

95 1553 856 66 tum externis, tum etiam internis operibus con¬

93 1597 859 72 ſtat, & definienda eſt: & impiũ eſt, ſi quis vel ani¬

97 1646 854 72 mo vel opere ipſo ſceleratus & profanus ad Deũ

98 1698 855 65 orandum accedat, ſine animi pœnitentia & re¬

93 1742 858 79 Iipiſcentia Pſal.5.verſ.6. Id quod etiam homines

724 1802 70 63 e.j.
