1482 2195
384 164 269 53 CAPVT II.

913 171 58 57 68

118 214 854 64 vt mulieres ipſæ in cœtu mulierũ docerent, non

116 268 854 60 autẽ cum viris ad preces & cõciones cõuenirent.

162 314 808 62 Denique quod de Pepuzianorum hæreticorũ

114 362 856 59 ſecta, & ſententia dici poſſe videtur habet fa¬

114 406 853 63 cilem reſponſionem. Voluerunt illi quidem,

112 457 859 61 ſed hæretici, mulieres eſſe poſſe? & presbyte¬

111 504 856 54 ridas in Eccleſia, & docere, & Sacramenta quo¬

116 554 854 61 que adminiſtrare (id quod hodie Papiſtę ex Mar¬

111 601 857 60 cionitarum dogmate obſtetricibus in caſu neceſ¬

109 647 851 61 ſitatis concedunt, vt nimirũ paruulos baptizarẽt)

116 696 850 60 Verùm propterea ab omnibus orthodoxis ſunt

111 742 854 65 Pepuziani damnati, atque etiam Synodo Char¬

108 796 759 48 taginenſi a. vt diximus, & meritiſsimò.

123 841 847 61 Hoc autem præceptum Pauli locum habet, dũ

108 887 854 62 ſunt in cœtu publico mulieres: non autem cùm

103 935 859 62 ſunt domi ſuæ, quia familiã ſuam inſtituere poſ¬

104 982 855 66 funt priuatim, maximè ſi deſit paterfamiliâs, &

104 1037 854 60 ſint viduæ. Nam tunc precari Deum, & docere

107 1082 821 61 ſuos liberos Dei metum, & poſſunt & debent.

114 1128 845 65 Requirit autem Paulus & ſilentium, ne vices

103 1174 852 69 loquendi ſibi dandas eſſe putent mulieres, quan¬

104 1224 850 64 quam fortaſſe, modeſtiæ cauſa primæ, in Eccle¬

99 1275 858 62 ſia loqui nollent. Deinde ab iiſdem ſubiectionẽ

102 1323 855 62 poſtulat, ne putent æquum, vt propter maritorũ

97 1373 858 58 ſuorum dignitatem & opes:vel propter etiam fa¬

96 1417 859 57 miliam ſuam ipſæ ſaltem ſecundum Paſtores &

97 1463 855 57 Miniſtros verbi Dei aliquod munus Eccleſiaſti¬

97 1515 852 60 cum gerant. Hoc enim illis prorſus interdictum

95 1560 854 58 eſt à Spiritu ſancto. Huius autem prohibitionis

99 1606 847 70 variæ ſunt rationes, quas affert Paulus ſequentib.

96 1655 195 56 verſiculis.

157 1747 797 80 12 Mulieri enim docere non permitto,

722 1808 73 72 f.ij.
