1482 2195
544 121 70 50 oo

699 123 556 67 AD I. PAVL. AD TIM.

537 169 851 80 diationis & interceſsionis Chriſti pro nobis fun¬

535 224 854 75 damẽtum explicat. Eſt autem ipſius ſacrificium

531 278 854 69 pro nobis, quod hîc πεεεγρασν quadam deſcribi¬

534 323 851 71 tur. Sunt enim res inter ſe connexæ, ſacrificium

534 371 852 71 & interceſsio apud Deum: atque etiam ita inter

534 418 854 73 ſe comparatæ, vt vna alterius cauſa ſit. Id quod

530 464 855 75 his Epiſtolæ ad Hebræos locis confirmatur cap.

527 516 859 71 4.verf.14. 5verſ.1. 7. verſ. 15. 8.verſ.3. 9. verſ.24. at¬

530 563 855 66 que etiam hac ratione. Quòd cùm hic ſit inter¬

526 612 859 70 ceſsionis finis, vt Deum nobis propitium & be¬

526 662 856 67 neuolentem reddat, is demum apud Deum pro

522 706 861 75 nobis intercedere poteſt, qui eum nobis placare

526 754 854 75 poteſt. Placatur autem Deus, non alia ratione,

524 801 855 75 quã plena pœnæ peccatis noſtris debitæ perſolu¬

522 851 856 71 tione. Id autem ſolũ Chriſti ſacrificium & mors

522 897 855 75 potuit. Ergo illa mors Chriſti interceſsionis pro

517 946 861 71 nobis eſt fulcimentum & fundamentum. Vnde

518 994 857 66 perperam Scholaſtici, qui ſalutis & interceſsio¬

517 1044 861 73 nis mediat ores diuerſos faciunt. Quod eſſe non

517 1092 761 67 poſſe ſatis ex ſuperiore argumento apparet.

554 1139 823 69 Definitur autem & ornatur hoc Chriſti ſacri¬

513 1187 863 71 ficium magna laude & encomio, quod ductũ eſt

512 1234 858 71 ab ipſius effecto. Id autem eſt Redemptio noſtra,

512 1282 860 70 cuius illud ſacrificium fuit pretium integrum,

513 1332 857 69 plena merces, & iuſta ſatisfactio ſiue perſolutio.

513 1378 861 72 Dicitur autem Chriſtus non tantùm Seipſum de¬

511 1423 857 75 diſſe: ſed etiam Ipſe ſe dediſſe. Nã neq; aliud pro

517 1477 853 66 peccatis noitris, quàm ſeipſum dedit: neque cùm

511 1524 859 71 dedit, inuitus aut ignorãs id fecit, ſed volens. In

511 1572 856 71 quo ipſo com mẽdatur impenſe Chriſti erga nos

507 1620 853 68 bencficium & charitas. Similis locus. Tit 2.V.14.

554 1665 812 72 Nec caret ἐμρέσι, quòd ſanguis Chriſti illo ſa¬

502 1715 861 80 crificio effuſus appellatur ἀν τιλvreςν, quia ſanguis

1291 1775 74 83 ille
