1482 2195
130 185 849 84 ILLVSTRISSIMO ET PO¬

163 271 764 83 TENTISSIMO PRINCIPI

149 330 777 80 ac domino D. Gulielmo Principi

207 394 673 73 Auracio Comiti Naſſauao &c·

244 449 626 78 Chriſti gloriæ aſſertori in Hol¬

304 506 480 74 landia & Zelandia for¬

356 562 350 67 tiſsimo, Gratiam

390 618 305 69 & pacem à Do¬

482 672 134 75 mino.

144 936 170 95 V

373 795 602 79 Etus eſt illud, Princeps Illu¬

373 850 602 70 ſtriſsime, etiam ab Ariſtotele

376 910 600 74 vſurpatum, Nihil eſſe in ipſa

375 975 590 66 rerum vniuerſitate pulchrius

116 1022 859 75 ordine. Quid enim vel oculis iucũdũ, vel

114 1082 855 71 menti etiam ipſi & animo hominis gra¬

113 1135 854 73 tum obuerſari poteſt, quod ſit confuſum,

112 1189 854 76 & nulla partium apta separatione diſtin¬

112 1246 855 75 ctum? Certè quocunque nõ tantum ocu¬

109 1303 853 70 los, ſed omnes animiſenſus cõuerterimus,

109 1360 859 72 ſi quæ in eos incurrunt, neque ordine di¬

112 1417 846 73 geſta, neque apto ſiru inter ſe cohęrẽtia,

108 1479 856 57 neque conuenienti loco & modo collo¬

108 1530 852 70 cata à nobis apparebũt: ea neque vtilita¬

108 1591 854 65 tem, neque venuſtatem aliquam habere

107 1642 855 70 ſtatim pronuntiabimus, tantûmque ab il¬

108 1700 850 76 lis oculorum, animique intuitum auer¬

709 1815 105 2 ¶ ij.
