1482 2195
526 130 67 57 61

687 116 565 57 AD I. PAVL. AD TIM.

516 171 859 67 tras imitari, qui præciſè ad Orientem orandum

517 221 863 70 eſſe docent, tantum abeſt, vt ſit hæc traditio A¬

518 273 854 66 poſtolica. Quod item idem Baſil.ſermo.2. de Ba¬

518 323 859 64 tiſ. cap.8. in loco non ſacrato myſteria non pu¬

518 369 859 59 tat poſſe celebrari, fallitur & non videt vbi ver¬

521 418 854 64 bum Dei prædicatur, ibi locum eſſe ſacrum 1.

526 468 334 61 Timoth.4.verſ.4.

575 514 808 65 Tertio loco ex ipſo verſu quæritur. Quo ge¬

521 559 863 67 ſtu ſit orandum. De quo quia nihil eſt hoc loco

524 612 859 62 diſertè præſcriptum, ſed nec in toto Dei verbo,

522 659 859 56 intelligitur habere ea res liberas obſeruationes,

522 704 860 62 modò ne quod offendiculum aliis nimia affecta¬

524 754 858 61 tione vel diſſenſione præbeamus. Chriſtus ipſe

523 801 859 66 & ſtans & flexis genibus orauit, publicanus ſtãs

521 851 859 61 in templo precatus eſt, Luc.18.verſ. 13.22 verſ.41.

523 897 861 66 In Actis videmus poſitis genibus Chriſtianos

522 947 863 62 veteres ſæpe oraſſe Actor.7.9. & 2o.Stantes orãt,

523 991 859 71 qui ſpe promiſſionum Dei erigantur. Flexis au¬

522 1042 863 66 tem genibus id faciunt qui, propter peccatorum

522 1089 860 63 ſuorum ſenſum deiecti coram Deo humiliantur

522 1137 863 67 & proſternuntur. Quidam etiam proſtrati ora¬

523 1187 862 62 runt, vt Elias 1.Reg.18.Nec in eo ſynodorum de¬

522 1232 863 69 creta magni eſſe momenti ad ſtabiliendam pie¬

524 1285 860 62 tatem exiſtimemus, ſed morem potius regionis,

524 1332 863 64 in qua ſumus, ſequamur, modò ne ſit in eo more

526 1377 859 68 & ritu aliqua idololatria apparens. De manibus

526 1424 867 64 etiam quæſitum eſt, quo earum ſitu, & geſtu ſit

527 1469 866 71 orandum. Reſp. Alii iunctis, alii ſupinis, alii ſub¬

527 1519 865 69 latis orarunt, vt docet Clemens Alexandr.lib.7.

529 1568 862 63 Stroma. Itaque totum hoc genus obſeruationũ

530 1615 861 68 & cæremoniarum liberum eſt. Et quod ait hoc

529 1665 876 68 loco Paulus, Attollentes manus, metonymicò

530 1712 860 80 dictum eſt. Nam ſignum pro re ſignata poſitum

1315 1761 75 75 eſt,
