1482 2195
371 157 253 48 CAPVT I.

896 155 43 53 22

75 211 862 65 Hinc autem quidam colligunt definitionem

78 261 854 67 peccati in Spiritum ſanctum: ſed non ſatis apté.

128 356 804 70 I4 Superabundauit autem gratia Do¬

73 412 861 88 mini nostri cum fide & dilectione in Chriſto

75 476 111 71 Ieſu

116 539 819 63 Αὔξησις Dei gratiæ, quæ vice confirmationis

71 591 865 58 addita eſt, & cx verbis ipſis Pauli apparet, vt o¬

74 640 859 60 mnis ſuperioris vitæ labes deleta eſie doceatur.

73 687 861 57 Probat autem hoc ipſom etiam ex effectis con¬

71 734 863 63 trarijs ſuperiori illi vitæ, nempe ex fide, quæ op¬

74 786 860 57 ponitur blaſphemiæ priori: & ex Charitate in

73 832 859 54 Chriſto, quæ opponitur Perſecutionibus, &

73 877 856 65 Contumelijs prioribus in Dei Eccleſiam factis.

125 972 807 70 15 Fidus eſt hic ſermo, & modis omni¬

69 1027 863 73 bus dignus quem amplectamur, Chriſtum Ie¬

69 1091 860 73 ſum veniſſe in mundum vt peccatores ſerua¬

71 1155 559 62 ret, quorum primus ſum ego.

79 1205 849 62 16 Verum ideo miſertus est mei, vt in

68 1262 859 66 me primo oſtenderet Ieſus Chriſtus omnem

69 1313 856 72 clementiam: vt eſſem exemplo credituris i¬

76 1370 435 66 pſi in vitam æternam.

108 1462 813 73 Αʹνάκλασις eáque ſummo illuſtrandæ Dei glo¬

69 1520 854 57 riæ ſtudio inducta, vt quod contra miniſterium

69 1565 854 60 Pauli maximè videbatur antea obiici poſſe, hoc

64 1617 856 61 totum ad pios conſolandos confirmandóſque iã

66 1668 853 57 valeat, quum in Paulo, tanquam pulcherrimo

64 1715 858 61 quodam ſpeculo, inſigne & ſingulare Dei miſe¬

59 1765 863 71 ricordiæ exemplum etiam maximi quoque pec¬

772 1820 149 58 catores
