1482 2195
341 162 294 52 EPISTOLA.

71 204 861 80 dicebatur) non ſolo conſenſu populi, aut

73 259 859 78 ſolo vocis ſuffragio, ſanè iſta omnia ſunt

71 314 858 82 accidentaria, non eſſentialia in electio¬

73 369 863 84 ne. Sic igitur ſtatuimus, quæ verbo Dei

74 426 863 86 fieri & obſeruari ad regendam Eccleſiam

75 482 859 82 iubentur, ſiue illa de perſonis eligendis,

76 539 859 81 ſiue de iam electarum munere, ſiue de re¬

78 596 861 84 Iiquis diſciplinæ Eccleſiaſticæ capitibus

80 652 861 88 agant, illa, inquam, eſſe οὐσιώδη. Quæ au¬

81 708 863 81 tem in quaque vel prouincia, vel Eccleſia

83 762 861 88 ad hæc ipſa præſtanda, & ad praxin dedu¬

83 822 859 80 cenda commodiora iudicantur, & conſti¬

84 872 856 82 tuuntur, ea eſſe συμβεβηκότα quædã, velu¬

85 936 859 78 ti vt hoc potius quàm illo tẽpore fiat ver

85 987 859 84 bi Dei concio: hoc potius quàm illo preſ¬

86 1049 859 79 byterorum vel diaconorum numero con¬

89 1100 856 82 tenta ſit hæc Eccleſia, hoc eſt συμβεβηκòς

89 1158 858 81 miniméque οὐσιῶδες. Iam igitur ad quæ¬

88 1214 862 81 ſtionem propoſitam ex hac diſtinctione

90 1272 857 76 ſic reſpondemus, vt quæ ſunt diſciplinæ

90 1325 859 84 Eccleſiaſticæ οὐσιώδη augeri minuíue no¬

91 1383 858 82 uis præceptionibus, vel conſtitutionibus

95 1437 859 80 hominum poſſe negemus: quæ ſunt autẽ

96 1495 854 81 σομβεβηκότα, & augeri & minui & tempe¬

96 1548 861 84 rari à quaque non tantùm prouincia, ſed

98 1608 856 80 etiam cœtu & Eccleſia pro ſua vel com¬

97 1665 859 75 moditate vel incommoditate poſſe: pro

102 1720 852 88 varia denique locorum, rerum, temporũ,
