1482 2195
552 116 61 83 52

704 128 536 64 AD I. PAVL. AD TIM

584 176 809 68 Iureiurando etiam ſuam vocationem confir¬

536 230 857 66 mat, quod vocatio Gentium tunc res noua pror¬

535 279 856 68 ſus & aliena à Dei conſilio cenſeretur, qui tanto

536 329 859 65 tempore ſolos Iudæos pro ſuo populo agnouerat

537 376 856 62 & res iſta eſſet magni momenti. Quamobrem

539 421 854 61 non videtur temerè & de re nihili ſumptum à

539 472 857 58 Paulo Dei nomen. Similis autem iuramenti for¬

537 521 856 66 mula eſt etiam apud eundem Paulum Romano.

541 572 161 59 9.verſ.1.

584 612 813 71 Εν χρίστῳ dupliciter vel in Chriſto, id eſt, Chri¬

536 667 859 58 ſto linguam meam & mentem dirigẽte, & cõmo¬

537 714 861 62 uente: vel per Chriſtum, id eſt, teſte Chriſto i¬

537 763 860 63 pſo, quem huius rei & meæ vocationis & mune¬

536 809 863 66 ris teſtem produco. In qua poſtrema ſententia

535 859 865 62 conueniunt docti interpretes. Quæritur autem

536 908 859 60 Num verò tunc per creaturas iuretur, quum per

537 954 860 61 Chriſtum iuratur. Sed reſponſio facilis eſt. Non

536 1002 859 62 iurari, quia Chriſtus non tantùm eſt homo &

536 1049 863 64 creatura: ſed etiam Deus. Deinde hîc videtur

540 1096 860 66 Chriſtus potius teſtis, quàm iudex produci. Te¬

537 1146 860 66 ſtes verò poſſunt à nobis, vt à Prophetis, appel¬

537 1197 770 53 lari etiam mutæ creaturæ, nedum Chriſtus.

585 1240 813 63 Addit denique in Fide, & Veritate. Quibus

539 1295 861 57 verbis & eam doctrinam confirmat, quam Gen¬

539 1340 862 61 tes docebat cùm fidem appellat: & animi ſui ſyn¬

540 1390 859 58 ceritatem, cùm huic fidei veritatem coniungit.

539 1436 864 59 His autem verbis breuiter comprehenſa eſt veri

537 1480 863 65 paſtoris definitio. Eſt enim is, qui in Eccleſia

537 1533 865 55 Dei legitimè vocatus docet fidem, id eſt, ſa¬

536 1580 863 62 nam doctrinam in veritate.i.ſana coſciẽtia & re¬

539 1628 869 73 cto fine. Quam definitionem confirmat Petrus 1.

542 1678 280 77 Pet.5.verſ.2.3.4.

1219 1717 185 81 8 Velim
