1482 2195
530 129 54 63 36

699 118 576 66 AD I. PAVL. AD TIM.

516 171 866 71 & apud Socratem Scholaſt. lib, 2. Hiſtor. cap.11.

514 224 868 67 etiam præſente Epiſcopo, quanquam eodẽ præ¬

514 276 868 61 ſente ſacramenta adminiſtrare Diaconus non

518 321 864 67 potuit, vt eſt in cano. Peruenit diſtinct 93.niſi ab

519 376 397 52 Epiſcopo iuſſus eſſet.

544 419 838 61 Quod autem obiici poteſt de Solomone, qui,

513 464 871 67 adſtante ſummo ſacrificator, etamẽ preces publi

517 514 866 60 cas pro populo fudit, vt eſt 1. Regum 8. verſ.14.

521 561 863 63 nõ obſtat. Hoc enim ſemel tantùm factum eſt, &

519 613 866 54 quidem extraordinarié. Nam Azarias rex & ſuc¬

516 656 870 66 ceſſor Solomonis, qui in Sacerdotij munus irrue¬

514 706 870 66 re voluit à Deo lepra percuſſus eſt, & ſegrex fa¬

513 751 421 62 ctus 2. Reg. 26. verſ.18.

518 802 872 66 Cap.3. Quæritur pro quibus fieri debeant preces

516 851 864 64 Reſp. pro omnibus, id eſt, quouis hominum ge¬

517 900 871 57 nere, religione, ſexu, ætate, conditione. Sic enim

519 946 872 56 vox πάντες hoc loco ſumitur, vti & poſtea quem¬

518 991 872 59 admodum doctiſſimus Beza obſeruauit. Ratio

517 1041 869 59 eſt, Quòd homines quoſuis pro Dei creaturis, &

518 1089 870 68 pro proximis noſtris agnoſcero debeamus. Ergo

519 1137 869 61 omnium vita, ſalus, & conditio nobis curæ de¬

521 1187 872 64 bet eſſe, nec quiſquam negligendus, quantunuis

525 1231 498 73 pauper, humilis & abiectus.

529 1282 862 66 Excipiunt tamen quoſdam Scholaſtici, impri¬

519 1334 876 61 mis inimicos noſtros, pro quibus non putant ſpe¬

521 1379 870 64 cialiter orandum eſſe. Communia enim humani¬

522 1428 867 61 tatis officia tantùm illis tribui oportere: non au¬

519 1475 872 65 tem hæc tam egregia, quæ ſolis amicis debemus,

523 1524 870 61 qualis eſt oratio. Durand. in lib.3. Sentent. diſtin.

524 1572 871 61 3o. quæſt. 1.& Thomas in 2. 2æ quæſt. 25. Quæ

523 1617 870 59 ſentẽtia quàm ſit falſa docet Chriſtus ipſe Matt.

526 1665 867 71 5,verſ. 44. Precamini pro ijs, ait, qui vos infeſtãt.

526 1715 867 73 item docet hîc Paulus qui iubet nos precari pro.

1241 1770 148 62 regibus
