1482 2195
506 116 69 56 15

641 116 581 65 AD I. PAVL. AD TIM.

501 173 866 69 bi Marth.23. verſ.7. 4 Temerarij, aſſertores &

496 226 871 61 habere ſe clauem ſcientiæ iactant. Matth. 23. Ex

499 276 866 60 quibus omnibus intelligitur, quàm graphicè &

499 321 866 63 verè hîc nobis à Paulo propoſita ſit Scholaſtica

502 371 863 61 Theologia & Mag ſtrorum noſtrorum mores &

497 421 868 61 ingenia deſcripta, ne non facilè hodie agnoſci

499 467 866 66 poſſent, niſi planè vel in ipſo Meridie cæcutire

499 517 866 60 velimus. Denique cùm totam fidei doctrinam

494 572 868 57 corrũpant, nulli tamen & doctiores & ſanctiores

499 612 864 66 videri volunt, quàm furfures iſti & Midæ por¬

499 662 440 67 tantes auriculas aſini.

519 757 840 75 8 Scimus autem bonam eſſe Legem, ſi¬

496 818 484 69 quis ea legitimè vtatur.

527 887 832 75 Hypophora, per quam occurrit calumniæ, qua

494 947 863 62 & ipſe, & doctrina Euangelij grauabatur, quaſi

494 994 865 63 Dei Legem, quæ ſacroſancta eſt, & Prophetarũ

494 1044 871 61 teſtimonijs confirmata, ſperneret & damnaret

494 1090 863 63 Paulus tanquam vanam doctrinam, quia Genea¬

494 1141 865 54 logias, & huiuſmodi quæſtiones ſuperius re¬

494 1187 863 55 prehenderat. Nec verò vno tantùm loco Paulus

494 1235 864 58 cogitur ſe ab ea graui accuſatione defẽdere, quaſi

494 1280 859 61 Dei Legem damnaret: ſed ſrpius, vti Rom. 7.v.

494 1327 859 64 12. & Oalat.3.verſ.24. Ex quo facilè int elligitur,

494 1378 856 61 quàm validè & aſtutè oppugnata ſit Euangelij

494 1425 859 60 doctrina ab iſtis nebulonibus & aërẽ ipſum ſub¬

492 1470 861 66 tilitate ſuarum quęſtionum fatigantibus homini¬

494 1517 863 63 bus: quaſi manifeſto Dei verbo eſſet contraria

491 1568 864 66 Euangelii puri prædicatio. Quod idem nobis à

491 1618 866 63 Doctoribus Papiſtarum obiicitur. Sed ex hoc i¬

492 1667 863 61 pſo loco apparet eos qui tunc temporis tam ſan¬

494 1713 863 92 ctis admonitionibus repugnarent maximè fuiſſe

1210 1769 145 62 Iudæos
