1482 2195
769 118 368 53 EPISTOLA.

524 168 848 75 cipit Deus, Denique modo ſit Eccleſia &

524 230 853 68 Dei domus εὔτακτος, nõ autẽ ſentina im¬

522 283 853 73 proborũ, ſed rectè adminiſtrata familia.

521 341 852 71 Subſtantia igitur diſciplinæ vbique in

519 394 851 72 Eccleſijs Dei eadem eſſe debet: accidens

519 453 853 70 autem illius mutari poteſt. Ergo diligen¬

517 511 853 66 ter quid eſſentiale, quid accidentale ſit,

512 568 855 69 diſtinguendum eſſe reſpondemus. Porro

514 625 851 67 nemini, ac ne quidem ipſi ſummo magi¬

514 676 851 67 ſtratui, vel Eccleſiæ toti cõcedendũ arbi¬

513 736 852 68 tramur, vt illa, quę ſunt οὐσιώδη diſciplinæ

514 790 851 67 Eccleſiaſticæ, tollere, vel immutare poſ¬

511 842 854 67 ſit. Etſi enim in rebus politicis Rex, ſum¬

509 904 855 68 múſque magiſtratus nouas leges fer¬

508 958 856 70 re, & veteres abrogare iure poteſtatis ſi¬

506 1010 854 74 bi à Deo conceſſæ poteſt, in diſci plinæ ta¬

504 1070 855 62 men Eccleſiaſticæ fundamento vel vete¬

506 1127 852 68 ri, & à Deo iam poſito tollendo: vel nouo

503 1182 851 71 reperiendo conſtit uendóque idem ius

502 1240 855 63 non habet. Cuius rei hæc ratio eſt, & qui¬

502 1292 853 65 dem manifeſtiſsima, quòd cùm diſciplinę

501 1348 852 70 Eccleſiaſticæ ſcopus & finis hic ſit, pri¬

501 1405 850 71 mùm vt Paſtores, & qui Eccleſiæ Dei prę

501 1460 850 65 eſſe debent legitimam vocationem ha¬

499 1517 854 66 beant. Poſtea vt hominum conſcientiæ

501 1580 852 66 gubernentur, & ad pœnitentiam conuer¬

499 1630 854 66 ſionémque ad Deum adducãtur, ad ſolum

499 1683 850 85 Deum diſciplinæ Eccleſiaſticæ definitio

1237 1743 107 78 legis
