1482 2195
543 148 66 48 51

689 133 583 61 AD I. PAVL. AD TIM.

540 190 863 66 nim ad ſequentem verſiculum referunt: alij huic

537 246 863 56 coniungunt: alij mutandam cenſent vocem μαρτύ¬

537 291 863 62 ριον in vocem μυςτήριον. Mihi verò videtur planus

539 339 861 57 & facilis horum verborũ ſenſus, ſi ab initio quin¬

541 387 857 64 ti verſiculi ad hunc vſque locum parẽtheſin pro¬

537 436 861 60 duci intelligamus. Itaque continua orationis ſe¬

537 486 861 60 rie hæc, quæ iam ſequuntur, coniungantur, cum

535 531 863 66 illa ſuperiore Pauli ſententia. Qui quoſuis homi¬

534 584 861 60 nes vult ſaluos fieri, & ad agnitionem veritatis perue¬

535 630 861 61 nire. (Vnus enim Deus & c. iuxta teſtimonium pro¬

535 677 861 66 prijs temporibus patefactum, ad quod ipſum implen¬

532 730 865 59 dum & exequendum, ego conſtitutus ſum, &c. At

532 774 861 63 ſupplendam eſſe poſt hæc verba τὸ μαρτύριον καιροῖς

532 825 863 60 ἰδίοις vocem φανερωθὲν apparet ex Tit. 1. verſ.2. &

531 870 862 62 Coloſſ.1.verſ.26. Vocat autem hîc teſtimonium

531 918 861 65 Paulus, antiqua Prophetarum vaticinia de voca¬

530 968 863 61 tione quorumuis hominum & gẽtium, ne id fru¬

530 1013 861 62 ſtra & temerè Eccleſiæ polliceri ipſe videatur

530 1062 863 60 Paulus nullóque in eo niti ſacræ ſcripturæ teſti¬

529 1113 866 59 monio & fundamento, qualia tamen multa ſupra

529 1160 863 61 cap. q.annotauimus & ipſe Paulus obſeruauit &

530 1210 856 55 affert in Epiſt. ad Romanos cap.15. verſ 9.1o.11.12.

529 1257 859 60 Ergo vocem μαρτύριον non refero ad Chriſtum:

529 1305 859 59 ſed ad totum complexũ ſuperius Vult Deus quoſ¬

527 1353 863 59 uis homines ſaluos fieri. Hoc teſtimonium & illa

527 1401 860 60 vaticinia antiqua ignota aut etiam obſcura iis i¬

527 1448 860 62 pſis, quibus antea annuntiabantur, ſuis, id eſt, E¬

526 1497 862 61 uangelij temporibus patefacta ſunt, & illuſtrata

526 1546 861 61 atque impleta. Nouit enim ſolus Dominus tem¬

526 1595 862 62 porum articulos, & rerum opportunas maturita¬

526 1640 862 60 tes, quas ipſe decernit & conſtituit. Itaque huius

526 1688 862 66 rei perficiende gratia Paulus cæteriq; Apoſtoli à

527 1735 860 77 Chriſto & vocati & miſſi ſunt. Id quod ipſe ſe¬

1262 1786 131 69 quenti
