1482 2195
489 143 75 51 16

632 130 576 60 AD I. PAVL. AE TIM.

486 183 863 74 ipſam legem per ſe bonam ſemper eſſe. Qui enim

484 239 863 61 eam in maiorem peccandi occaſionem trahunt,

484 289 869 61 ea legitimè non vtuntur, non deſinit tamen Lex

487 335 863 69 propterea eſſe bona. Simile quiddam de Sacra¬

486 386 862 62 mentis afferri poteſt, quæ ſemper ſunt ſigna ſa¬

485 432 863 66 lutis per ſe, quanquam impii vtantur ijs ad hy¬

487 484 858 60 pocriſin ſuam fucandam & tegendam. Reſpon.

487 531 856 53 Hoc verum eſſe, ſed à Paulo demonſtratur hoc

484 579 862 62 loco non tantùm quid res ſit ipſa, id eſt, Lex ſit

484 625 862 64 in ſeſe: ſed quid in nobis, & qualis eius fructus

484 675 864 54 eſſe & produci debeat, ne ea abutamur. Erit autẽ

486 724 862 58 tum demum fructuoſa, ſi ad quem finem data eſt,

486 772 862 61 cogitemus, id eſt, vt fidem cum charitate ex ea

487 822 470 63 diſcamus & exerceamus.

525 925 819 68 9 Nempe ſciens Legem iusto poſitam

481 977 863 75 non eſſe, ſed Legis contemptoribus, & ijs qui

485 1035 863 75 ſubijci neſciunt: impijs & peccatoribus, nefa¬

485 1095 865 70 rijs & profanis, patricidis & matricidis, ho¬

494 1143 175 71 micidis.

541 1202 807 67 Io Scortatoribus, maſeulorum concubi¬

484 1255 861 72 toribus, plagiarijs, & mendacibus, periuris,

486 1315 861 82 & ſiquid aliud eſt quod ſanæ doctrinæ ſit

464 1378 249 67 oppoſitum:

532 1433 816 69 E’ξήγησις. Explicat enim quis ſit is legitimus

487 1486 863 65 Legis finis, de quo dixit. Eſt autem vt per Legem

486 1538 863 60 hominum mores & vitia corrigantur, & emen¬

485 1588 865 52 dentut: non autem vt in vanis quæſtionibus oc¬

484 1633 862 56 cupemur. Poſita enim eſt, vt ſcelera hominum,

485 1680 863 60 veluti homicidia, adulteria, mendacia coercean¬

484 1730 866 70 tur: non autem ad bonos, & qui iam ſancti ſunt,

1144 1784 202 62 reforman¬
