1482 2195
508 136 66 65 57

657 124 572 61 AD I. PAVL. AD TIM.

499 176 868 72 quæ concurrebant, tanquam auguſtiora quædam

494 226 874 71 loca, quòd illîc Martyrũ, quorũ fides Deo accepta

497 273 871 73 fuerat, oſſa iacerent. Sic Monica mater Auguſtini

496 323 871 71 ex Affrica Mediolanum quotannis pergebat ad

503 369 859 72 Geruaſij & Protaſij Martyrum ſepulchra, quę tẽ¬

499 421 864 69 pore Ambroſii Epiſcopi eruta fuerant. Nec ta¬

499 468 863 68 men oſſibus & cadaueri ipſorum Martyrum

497 514 868 75 hic honos tribuebatur primùm, ſed ipſi defun¬

501 566 859 71 ctorum tantùm fidei: peccatum eſt in eo tamen,

502 612 860 72 quia extra verbũ Dei id fiebat. Quod ipſum etiã

499 659 864 71 iam quibuſdam in Eccleſia bonis viris diſplicuit,

501 708 862 71 & Ærius extitit Cõſtantini Magni ſeculo, qui o¬

499 758 861 68 mnia illa & meritò quidem damnauit, quanquã

501 809 862 68 ipſe, quòd iam communi errore hæc recepta erãt,

499 857 865 66 tanquã hæreticus propterea habitus eſt. Facit e¬

501 912 861 58 nim communis & receptus iam inter omnes er¬

499 947 868 70 ror ius & confirmationẽ vt ſcribunt Iuriſconſulti

499 995 867 75 in L Barbarius D. de off. Prætor. Item Vigilan¬

499 1049 863 66 tius tempore Hieronymi extitit, qui hoc totum

499 1092 863 72 ſuperſtitioſi cultus genus in reliquijs ſanctorum

502 1140 861 70 colendis apertè idololatricum eſſe probauit. Er¬

497 1193 860 69 ror tamen obtinuit tum negligentiâ paſtorum,

501 1241 867 67 tum quia homines ſuis commentis potius, quàm

499 1285 863 66 ex verbo cœleſti Deũ adorare cupiunt. Inde fu¬

501 1336 861 67 rioſa ædificatio templorum conſequuta, quæ in

502 1386 858 65 diuorum honorem facta ſunt, poſt annum præ¬

501 1430 859 65 ſertim 6oo. à Chriſto paſſo ſub luſtiniano impe¬

499 1478 862 70 ratore Conſtantinopol. homine ijs ſuperſtitio¬

499 1524 863 71 nibus inſanè addicto, vt apparet ex Procopij lib.

499 1573 858 62 de ædificiis Iuſtinia. Et poſt eorum ædificationẽ,

497 1622 863 68 eámque etiam ſumptuoſam & magnificam reli¬

499 1670 863 71 gio & veneratio iis addita eſt, poſt deinde ipſe

494 1718 865 89 cultus Dei ijs concluſus, aut alligatus, vt nolla

1255 1761 105 75 ſacra
