<?xml version="1.0" encoding="UTF-8"?>
<alto xmlns:xsi="http://www.w3.org/2001/XMLSchema-instance"
      xmlns="http://www.loc.gov/standards/alto/ns-v4#"
      xsi:schemaLocation="http://www.loc.gov/standards/alto/ns-v4# http://www.loc.gov/standards/alto/v4/alto-4-2.xsd">
  <Description>
    <MeasurementUnit>pixel</MeasurementUnit>
    <sourceImageInformation>
      <fileName>2012913.png</fileName>
    </sourceImageInformation>
  </Description>
  <Tags>
    <OtherTag ID="BT10" LABEL="DropCapitalZone" DESCRIPTION="block type DropCapitalZone"/><OtherTag ID="BT11" LABEL="GraphicZone" DESCRIPTION="block type GraphicZone"/><OtherTag ID="BT12" LABEL="MainZone" DESCRIPTION="block type MainZone"/><OtherTag ID="BT13" LABEL="MarginTextZone" DESCRIPTION="block type MarginTextZone"/><OtherTag ID="BT15" LABEL="NumberingZone" DESCRIPTION="block type NumberingZone"/><OtherTag ID="BT17" LABEL="QuireMarksZone" DESCRIPTION="block type QuireMarksZone"/><OtherTag ID="BT18" LABEL="RunningTitleZone" DESCRIPTION="block type RunningTitleZone"/><OtherTag ID="BT22" LABEL="TitlePageZone" DESCRIPTION="block type TitlePageZone"/><OtherTag ID="BT3206" LABEL="MainZone-Head" DESCRIPTION="block type MainZone-Head"/><OtherTag ID="BT3207" LABEL="MainZone-P" DESCRIPTION="block type MainZone-P"/><OtherTag ID="BT3208" LABEL="MainZone-Continued" DESCRIPTION="block type MainZone-Continued"/><OtherTag ID="BT3209" LABEL="MarginTextZone-ManuscriptAddendum" DESCRIPTION="block type MarginTextZone-ManuscriptAddendum"/><OtherTag ID="BT3210" LABEL="MainZone-Entry" DESCRIPTION="block type MainZone-Entry"/>
    <OtherTag ID="LT7" LABEL="CustomLine" DESCRIPTION="line type CustomLine"/><OtherTag ID="LT8" LABEL="DefaultLine" DESCRIPTION="line type DefaultLine"/><OtherTag ID="LT9" LABEL="DropCapitalLine" DESCRIPTION="line type DropCapitalLine"/><OtherTag ID="LT10" LABEL="HeadingLine" DESCRIPTION="line type HeadingLine"/><OtherTag ID="LT62" LABEL="CustomLine : BiblicalText" DESCRIPTION="line type CustomLine : BiblicalText"/>
  </Tags>
  <Layout>
    <Page WIDTH="1482"
          HEIGHT="2195"
          PHYSICAL_IMG_NR="27"
          ID="eSc_dummypage_">
      <PrintSpace HPOS="0"
                  VPOS="0"
                  WIDTH="1482"
                  HEIGHT="2195">
        <TextBlock HPOS="92"
                   VPOS="441"
                   WIDTH="886"
                   HEIGHT="287"
                   ID="block_4"
                   TAGREFS="BT3206">
          <Shape><Polygon POINTS="978 441 960 728 95 715 92 446"/></Shape>
          <TextLine ID="eSc_line_93483b3b"
                    TAGREFS="LT10"
                    BASELINE="123 521 130 521 144 521 180 521 227 528 285 531" 
                    HPOS="121"
                    VPOS="451"
                    WIDTH="162"
                    HEIGHT="92">
            <Shape><Polygon POINTS="143 456 122 495 122 519 121 535 280 543 283 530 279 454 140 495 176 451"/></Shape>
            <String CONTENT="IN"
                    HPOS="121"
                    VPOS="451"
                    WIDTH="162"
                    HEIGHT="92"
                    ></String>
          </TextLine>
          <TextLine ID="eSc_line_57090f8a"
                    TAGREFS="LT10"
                    BASELINE="387 502 946 502" 
                    HPOS="385"
                    VPOS="435"
                    WIDTH="560"
                    HEIGHT="83">
            <Shape><Polygon POINTS="385 517 945 513 945 501 940 435 910 461 868 435 867 435 865 435 863 435 861 435 859 435 827 452 804 435 803 435 801 435 799 435 790 435 724 444 690 435 687 435 686 435 684 435 682 435 680 435 680 437 654 461 604 461 561 435 559 435 558 435 556 435 554 435 552 435 552 437 525 462 458 462 431 437 431 435 430 435 428 435 385 435 385 501"/></Shape>
            <String CONTENT="D. PAVLI"
                    HPOS="385"
                    VPOS="435"
                    WIDTH="560"
                    HEIGHT="83"
                    WC="0.998043283820152"></String>
          </TextLine>
          <TextLine ID="eSc_line_7ef643ec"
                    TAGREFS="LT10"
                    BASELINE="339 575 772 572" 
                    HPOS="337"
                    VPOS="522"
                    WIDTH="435"
                    HEIGHT="67">
            <Shape><Polygon POINTS="339 589 772 589 772 572 772 531 751 524 749 524 749 524 704 530 697 525 697 524 696 524 695 524 694 524 692 524 674 530 661 522 659 522 658 522 657 522 618 530 607 522 606 522 604 522 558 522 557 522 556 522 554 522 554 523 546 531 426 523 426 523 384 531 358 524 357 524 356 524 354 524 337 531 339 575"/></Shape>
            <String CONTENT="APOSTOLI"
                    HPOS="337"
                    VPOS="522"
                    WIDTH="435"
                    HEIGHT="67"
                    WC="0.998341269791126"></String>
          </TextLine>
          <TextLine ID="eSc_line_63406831"
                    TAGREFS="LT10"
                    BASELINE="308 649 809 644" 
                    HPOS="307"
                    VPOS="594"
                    WIDTH="502"
                    HEIGHT="80">
            <Shape><Polygon POINTS="308 649 308 674 368 674 368 672 369 672 373 670 382 666 387 670 389 672 390 672 391 672 392 672 461 672 461 672 462 672 474 667 480 664 485 667 497 672 499 672 499 672 501 672 502 672 509 666 513 663 516 666 521 669 522 669 523 669 524 669 526 669 526 669 526 667 530 664 536 658 607 657 622 661 642 667 644 667 645 667 646 667 663 659 669 656 756 656 757 656 772 662 772 662 774 662 809 654 809 644 806 607 741 606 709 594 708 594 707 594 706 594 668 607 608 594 607 594 606 594 604 594 594 601 526 596 524 596 523 596 522 596 499 611 413 611 344 599 342 599 341 599 308 611 307 616"/></Shape>
            <String CONTENT="priorem ad Timotheum"
                    HPOS="307"
                    VPOS="594"
                    WIDTH="502"
                    HEIGHT="80"
                    WC="0.997738635540009"></String>
          </TextLine>
          <TextLine ID="eSc_line_f1808307"
                    TAGREFS="LT10"
                    BASELINE="418 718 672 715" 
                    HPOS="417"
                    VPOS="661"
                    WIDTH="255"
                    HEIGHT="83">
            <Shape><Polygon POINTS="418 732 441 732 442 734 453 742 453 744 454 744 456 744 457 744 542 742 544 742 559 735 566 731 582 735 616 741 617 742 640 742 640 741 641 741 642 741 649 735 656 731 669 735 672 715 669 682 596 676 581 662 581 661 580 661 579 661 544 661 542 661 541 661 540 661 506 682 444 662 444 662 442 662 441 662 440 662 417 681 418 718"/></Shape>
            <String CONTENT="E pistolam."
                    HPOS="417"
                    VPOS="661"
                    WIDTH="255"
                    HEIGHT="83"
                    WC="0.983083800836043"></String>
          </TextLine>
        </TextBlock>
        <TextBlock HPOS="293"
                   VPOS="777"
                   WIDTH="490"
                   HEIGHT="112"
                   ID="eSc_textblock_4987cf4b"
                   TAGREFS="BT3206">
          <Shape><Polygon POINTS="776 777 783 883 293 889 293 782"/></Shape>
          <TextLine ID="eSc_line_9e3a843e"
                    TAGREFS="LT10"
                    BASELINE="302 814 780 809" 
                    HPOS="301"
                    VPOS="767"
                    WIDTH="479"
                    HEIGHT="58">
            <Shape><Polygon POINTS="734 767 684 774 676 775 669 774 640 769 639 769 594 774 572 777 559 774 526 767 524 767 492 774 491 774 489 774 467 768 466 768 464 768 301 772 302 814 302 825 780 824 780 809 777 775 742 768 740 768"/></Shape>
            <String CONTENT="L. Danæi Commentarius."
                    HPOS="301"
                    VPOS="767"
                    WIDTH="479"
                    HEIGHT="58"
                    WC="0.995315158909017"></String>
          </TextLine>
          <TextLine ID="eSc_line_3f5109bd"
                    TAGREFS="LT10"
                    BASELINE="321 870 777 868" 
                    HPOS="319"
                    VPOS="822"
                    WIDTH="458"
                    HEIGHT="63">
            <Shape><Polygon POINTS="321 885 435 884 436 884 451 877 496 877 509 884 512 885 513 885 514 885 516 885 521 884 536 879 774 879 777 868 775 839 724 822 722 822 722 822 720 822 694 830 684 822 682 822 681 822 680 822 646 829 594 822 594 822 592 822 591 822 577 832 552 827 551 827 549 827 541 831 532 836 526 831 517 824 516 824 514 824 513 824 512 824 511 824 503 831 492 840 447 840 435 829 432 827 431 827 430 827 429 827 428 827 421 829 394 839 371 827 362 822 361 822 359 822 319 825 321 870"/></Shape>
            <String CONTENT="CAP. PRIMVM."
                    HPOS="319"
                    VPOS="822"
                    WIDTH="458"
                    HEIGHT="63"
                    WC="0.998883982499441"></String>
          </TextLine>
        </TextBlock>
        <TextBlock HPOS="104"
                   VPOS="891"
                   WIDTH="256"
                   HEIGHT="256"
                   ID="eSc_textblock_d3fcff67"
                   TAGREFS="BT10">
          <Shape><Polygon POINTS="104 891 104 1146 360 1146 360 891"/></Shape>
          <TextLine ID="eSc_line_5716a754"
                    TAGREFS="LT9"
                    BASELINE="131 1105 312 1103" 
                    HPOS="128"
                    VPOS="1041"
                    WIDTH="183"
                    HEIGHT="98">
            <Shape><Polygon POINTS="130 1105 130 1139 311 1139 311 1100 307 1059 254 1050 252 1050 250 1050 234 1059 221 1050 219 1050 217 1050 216 1050 214 1050 194 1060 170 1041 168 1041 166 1041 128 1041 130 1105"/></Shape>
            <String CONTENT="P"
                    HPOS="128"
                    VPOS="1041"
                    WIDTH="183"
                    HEIGHT="98"
                    ></String>
          </TextLine>
        </TextBlock>
        <TextBlock HPOS="365"
                   VPOS="900"
                   WIDTH="616"
                   HEIGHT="239"
                   ID="eSc_textblock_5c4be026"
                   TAGREFS="BT3206">
          <Shape><Polygon POINTS="981 900 981 1139 365 1139 365 900"/></Shape>
          <TextLine ID="eSc_line_97a112aa"
                    TAGREFS="LT8"
                    BASELINE="368 948 973 935" 
                    HPOS="351"
                    VPOS="884"
                    WIDTH="622"
                    HEIGHT="76">
            <Shape><Polygon POINTS="949 886 936 885 932 884 863 896 859 896 859 896 845 885 844 885 842 885 817 884 815 884 770 891 764 886 764 885 763 885 762 885 704 885 704 885 702 885 662 899 659 900 604 900 604 899 579 890 577 890 576 890 575 890 574 890 574 891 567 899 511 899 499 890 499 890 497 890 466 887 464 887 431 890 430 890 429 890 429 891 419 900 394 889 392 889 391 889 390 889 351 901 352 940 353 960 401 947 428 954 429 954 430 954 431 954 447 946 559 946 586 954 587 954 589 954 590 954 591 954 604 946 635 946 649 954 654 954 654 954 756 957 757 957 758 957 759 957 769 950 775 946 792 950 827 955 829 955 830 955 863 947 872 945 875 947 880 952 882 952 882 952 957 955 958 955 959 955 960 955 973 945 973 935 972 899 965 892"/></Shape>
            <String CONTENT="AVLUS Apoſtolus Ieſu"
                    HPOS="351"
                    VPOS="884"
                    WIDTH="622"
                    HEIGHT="76"
                    ></String>
          </TextLine>
          <TextLine ID="eSc_line_b72ab61a"
                    TAGREFS="LT8"
                    BASELINE="376 1000 974 987" 
                    HPOS="335"
                    VPOS="946"
                    WIDTH="640"
                    HEIGHT="71">
            <Shape><Polygon POINTS="336 1015 424 1010 451 1014 469 1017 471 1017 472 1017 479 1013 504 1002 602 1002 637 1009 647 1010 649 1010 649 1010 654 1009 669 1001 699 1001 707 1007 707 1008 708 1008 709 1008 711 1008 727 1007 792 1000 802 1004 817 1013 818 1013 819 1013 820 1013 822 1013 835 1004 836 1003 842 1003 906 1012 907 1012 908 1012 936 1001 941 1000 973 1000 974 987 972 959 932 959 906 946 904 946 904 946 872 950 870 950 869 950 869 951 859 959 859 960 840 960 840 959 831 952 831 951 830 951 829 951 827 951 827 951 800 960 749 960 722 950 720 950 719 950 718 950 691 960 691 962 657 962 657 960 644 950 644 949 642 949 641 949 619 949 618 949 617 949 616 949 601 962 599 962 592 962 557 959 549 951 549 950 547 950 546 950 544 950 544 950 522 959 508 950 507 950 506 950 469 950 468 950 467 950 428 962 417 952 417 951 416 951 414 951 376 951 374 951 373 951 371 951 371 952 359 963 335 963 336 997"/></Shape>
            <String CONTENT=" Chriſti ex ordinatione Dei ſer¬"
                    HPOS="335"
                    VPOS="946"
                    WIDTH="640"
                    HEIGHT="71"
                    WC="0.978866916149855"></String>
          </TextLine>
          <TextLine ID="eSc_line_6ed91143"
                    TAGREFS="LT8"
                    BASELINE="373 1055 975 1047" 
                    HPOS="369"
                    VPOS="999"
                    WIDTH="604"
                    HEIGHT="78">
            <Shape><Polygon POINTS="371 1053 373 1077 408 1066 466 1073 468 1073 523 1064 552 1077 554 1077 556 1077 558 1077 577 1068 629 1077 631 1077 675 1068 782 1073 785 1073 786 1073 825 1063 880 1073 882 1073 973 1066 973 1046 971 1009 940 999 938 999 936 999 934 999 932 999 922 1008 669 1000 667 1000 666 1000 663 1000 649 1011 550 1002 549 1002 547 1002 510 1013 369 1013 371 1053"/></Shape>
            <String CONTENT="uatoris noſtri, &amp; Domini Ieſu"
                    HPOS="369"
                    VPOS="999"
                    WIDTH="604"
                    HEIGHT="78"
                    WC="0.977966573731653"></String>
          </TextLine>
          <TextLine ID="eSc_line_75512faa"
                    TAGREFS="LT8"
                    BASELINE="379 1108 746 1105" 
                    HPOS="378"
                    VPOS="1059"
                    WIDTH="368"
                    HEIGHT="72">
            <Shape><Polygon POINTS="379 1119 426 1122 440 1132 441 1132 442 1132 444 1132 487 1124 497 1132 499 1132 499 1132 501 1132 542 1130 544 1130 544 1130 563 1119 654 1129 654 1129 656 1129 657 1129 669 1119 722 1125 722 1125 724 1125 746 1115 746 1105 744 1070 712 1063 711 1063 685 1068 672 1059 670 1059 669 1059 668 1059 667 1059 640 1069 627 1063 626 1063 625 1063 624 1063 601 1069 597 1070 596 1069 586 1062 585 1062 584 1062 582 1062 581 1062 566 1069 563 1070 561 1069 542 1060 541 1060 540 1060 539 1060 537 1060 527 1069 526 1072 503 1072 501 1069 492 1062 491 1062 490 1062 489 1062 378 1068 379 1108"/></Shape>
            <String CONTENT="Chriſti, ſpei noſtræ."
                    HPOS="378"
                    VPOS="1059"
                    WIDTH="368"
                    HEIGHT="72"
                    WC="0.976354897022247"></String>
          </TextLine>
        </TextBlock>
        <TextBlock HPOS="99"
                   VPOS="1164"
                   WIDTH="887"
                   HEIGHT="639"
                   ID="block_5"
                   TAGREFS="BT3207">
          <Shape><Polygon POINTS="986 1164 986 1802 99 1802 99 1164"/></Shape>
          <TextLine ID="eSc_line_f05e5b7d"
                    TAGREFS="LT8"
                    BASELINE="168 1205 974 1200" 
                    HPOS="166"
                    VPOS="1159"
                    WIDTH="808"
                    HEIGHT="65">
            <Shape><Polygon POINTS="168 1205 168 1220 348 1217 353 1219 364 1224 366 1224 367 1224 368 1224 369 1224 369 1223 376 1219 378 1215 387 1218 402 1223 403 1223 404 1223 516 1217 554 1215 581 1217 689 1222 690 1222 691 1222 704 1215 706 1214 714 1214 754 1219 754 1219 756 1219 774 1214 780 1213 789 1214 827 1220 827 1222 954 1222 954 1220 955 1220 974 1212 974 1200 970 1170 887 1172 882 1169 868 1159 867 1159 865 1159 772 1159 770 1159 769 1159 749 1168 736 1174 540 1174 526 1167 516 1162 514 1162 513 1162 512 1162 499 1167 490 1170 484 1167 477 1162 476 1162 476 1162 394 1162 392 1162 391 1162 390 1162 385 1165 369 1175 297 1175 271 1164 266 1163 266 1163 264 1163 252 1164 202 1172 166 1164 168 1205"/></Shape>
            <String CONTENT="Paulinarum Epiſtolarum genus eſt duplex, v¬"
                    HPOS="166"
                    VPOS="1159"
                    WIDTH="808"
                    HEIGHT="65"
                    WC="0.988338520360547"></String>
          </TextLine>
          <TextLine ID="eSc_line_bf047d16"
                    TAGREFS="LT8"
                    BASELINE="118 1255 977 1250" 
                    HPOS="116"
                    VPOS="1213"
                    WIDTH="860"
                    HEIGHT="57">
            <Shape><Polygon POINTS="118 1255 118 1269 975 1262 977 1250 974 1223 887 1213 886 1213 885 1213 868 1223 830 1223 817 1213 815 1213 814 1213 762 1213 761 1213 759 1213 727 1223 725 1224 634 1224 634 1223 612 1214 611 1214 609 1214 566 1222 549 1214 547 1214 546 1214 544 1214 544 1214 532 1224 531 1224 509 1215 508 1215 452 1215 451 1215 449 1215 449 1215 436 1224 435 1224 428 1224 359 1218 358 1218 357 1218 335 1224 329 1225 121 1225 116 1228"/></Shape>
            <String CONTENT="num earum, quæ ad Eccleſias totas ſcriptæ ſunt."
                    HPOS="116"
                    VPOS="1213"
                    WIDTH="860"
                    HEIGHT="57"
                    WC="0.991270383621784"></String>
          </TextLine>
          <TextLine ID="eSc_line_6fe84cac"
                    TAGREFS="LT8"
                    BASELINE="116 1303 977 1298" 
                    HPOS="116"
                    VPOS="1260"
                    WIDTH="861"
                    HEIGHT="62">
            <Shape><Polygon POINTS="116 1303 116 1314 156 1314 158 1314 181 1323 183 1323 184 1323 185 1323 204 1314 206 1314 208 1314 257 1323 258 1323 259 1323 291 1314 294 1314 449 1322 451 1322 503 1313 504 1312 702 1312 704 1312 759 1320 761 1320 818 1313 830 1319 831 1319 832 1320 927 1320 927 1319 975 1310 977 1298 974 1269 813 1260 812 1260 811 1260 809 1260 795 1270 781 1270 729 1272 727 1270 717 1262 716 1262 714 1262 713 1262 712 1262 685 1268 637 1262 636 1262 568 1272 547 1262 546 1262 544 1262 485 1263 484 1263 482 1263 472 1272 437 1267 436 1267 435 1267 421 1274 330 1274 312 1267 311 1267 309 1267 308 1267 283 1274 139 1264 138 1264 136 1264 116 1274 116 1303"/></Shape>
            <String CONTENT="Alterum, earũ quę ad Particulares quaſdam per"
                    HPOS="116"
                    VPOS="1260"
                    WIDTH="861"
                    HEIGHT="62"
                    ></String>
          </TextLine>
          <TextLine ID="eSc_line_d666c901"
                    TAGREFS="LT8"
                    BASELINE="116 1351 979 1345" 
                    HPOS="114"
                    VPOS="1308"
                    WIDTH="865"
                    HEIGHT="61">
            <Shape><Polygon POINTS="116 1351 116 1364 285 1369 286 1369 287 1369 303 1363 307 1362 311 1363 324 1368 326 1368 326 1368 363 1362 371 1362 376 1362 421 1368 423 1368 527 1360 537 1360 544 1360 612 1367 613 1367 614 1367 626 1360 690 1365 691 1365 727 1360 736 1365 737 1365 739 1365 740 1367 804 1367 804 1365 806 1365 807 1365 815 1360 884 1364 885 1364 979 1355 979 1345 975 1312 694 1317 658 1312 632 1308 631 1308 630 1308 622 1312 616 1314 599 1312 584 1310 582 1310 581 1310 580 1310 576 1312 567 1318 552 1312 544 1310 544 1310 542 1310 541 1310 535 1312 521 1318 508 1312 503 1310 502 1310 461 1310 459 1310 458 1310 457 1310 453 1312 442 1320 391 1320 358 1312 349 1310 348 1310 347 1310 346 1310 344 1312 334 1319 286 1320 114 1313 116 1351"/></Shape>
            <String CONTENT="ſonas quæ erant, vel Eccleſiaſticæ, vti vtraque ad"
                    HPOS="114"
                    VPOS="1308"
                    WIDTH="865"
                    HEIGHT="61"
                    WC="0.969340155124664"></String>
          </TextLine>
          <TextLine ID="eSc_line_54ca788c"
                    TAGREFS="LT8"
                    BASELINE="124 1398 979 1393" 
                    HPOS="123"
                    VPOS="1355"
                    WIDTH="856"
                    HEIGHT="60">
            <Shape><Polygon POINTS="124 1398 124 1414 351 1410 359 1413 368 1415 369 1415 371 1415 390 1412 407 1410 424 1412 449 1415 451 1415 452 1415 462 1412 468 1410 494 1410 549 1415 551 1415 574 1410 580 1410 591 1410 629 1414 630 1414 631 1414 632 1414 637 1410 641 1408 670 1410 763 1414 764 1414 807 1408 818 1407 837 1408 927 1413 929 1413 977 1405 979 1393 977 1365 918 1358 917 1358 915 1358 904 1364 902 1365 815 1365 809 1364 764 1357 763 1357 734 1363 722 1365 718 1363 707 1355 706 1355 704 1355 629 1355 627 1355 626 1355 625 1355 616 1362 608 1367 571 1367 563 1362 554 1355 552 1355 551 1355 549 1355 442 1357 441 1357 440 1357 435 1360 428 1367 394 1360 384 1360 382 1360 373 1360 336 1367 312 1360 308 1360 307 1360 306 1360 304 1360 302 1360 281 1368 261 1360 256 1358 254 1358 253 1358 252 1358 248 1360 234 1368 123 1360 124 1398"/></Shape>
            <String CONTENT="Timoth. &amp; vna ad Titũ. vel Priuatæ, vt ea quæ"
                    HPOS="123"
                    VPOS="1355"
                    WIDTH="856"
                    HEIGHT="60"
                    WC="0.993914562722911"></String>
          </TextLine>
          <TextLine ID="eSc_line_7f1f39e8"
                    TAGREFS="LT8"
                    BASELINE="119 1447 977 1440" 
                    HPOS="118"
                    VPOS="1403"
                    WIDTH="859"
                    HEIGHT="62">
            <Shape><Polygon POINTS="119 1447 119 1458 239 1458 242 1460 257 1465 258 1465 259 1465 297 1460 313 1457 330 1460 371 1465 373 1465 417 1460 447 1456 456 1460 464 1465 466 1465 467 1465 516 1465 516 1465 535 1460 557 1455 569 1460 574 1462 575 1462 654 1463 656 1463 669 1460 697 1453 707 1460 708 1462 709 1462 711 1462 712 1462 749 1460 859 1456 974 1460 977 1440 973 1412 857 1412 834 1403 832 1403 831 1403 830 1403 809 1413 806 1413 799 1413 722 1405 720 1405 719 1405 691 1414 687 1414 668 1414 503 1407 502 1407 501 1407 499 1407 490 1415 489 1415 481 1415 392 1410 391 1410 339 1417 337 1417 326 1408 324 1408 323 1408 262 1408 261 1408 259 1408 233 1414 147 1410 146 1410 144 1410 118 1418 119 1447"/></Shape>
            <String CONTENT="eſt ad Philemonem. Nam quæ circunferuntur"
                    HPOS="118"
                    VPOS="1403"
                    WIDTH="859"
                    HEIGHT="62"
                    WC="0.992337244312938"></String>
          </TextLine>
          <TextLine ID="eSc_line_736bb70b"
                    TAGREFS="LT8"
                    BASELINE="121 1496 980 1488" 
                    HPOS="119"
                    VPOS="1448"
                    WIDTH="861"
                    HEIGHT="66">
            <Shape><Polygon POINTS="121 1496 121 1508 261 1515 262 1515 390 1507 399 1513 401 1513 402 1513 403 1513 490 1506 547 1512 549 1512 549 1512 573 1505 574 1505 581 1505 729 1510 730 1510 731 1510 745 1503 754 1510 754 1510 756 1510 757 1510 835 1510 835 1510 980 1500 980 1488 977 1460 917 1448 915 1448 864 1458 862 1458 860 1458 804 1450 804 1450 802 1450 801 1450 801 1451 792 1458 790 1460 785 1458 757 1451 756 1451 754 1451 711 1458 690 1462 626 1462 619 1457 611 1453 609 1453 608 1453 580 1457 547 1463 508 1463 499 1457 496 1455 494 1455 494 1455 492 1455 491 1455 485 1457 473 1462 467 1457 462 1452 461 1452 459 1452 424 1452 423 1452 421 1452 421 1452 414 1457 403 1463 329 1456 296 1453 294 1453 294 1453 287 1456 273 1462 258 1456 254 1455 253 1455 190 1455 189 1455 188 1455 184 1456 159 1463 151 1456 151 1455 149 1455 148 1455 147 1455 119 1455 121 1496"/></Shape>
            <String CONTENT="Pauli Epiſtolæ ad Senecam &amp; contrà, ſunt fictæ"
                    HPOS="119"
                    VPOS="1448"
                    WIDTH="861"
                    HEIGHT="66"
                    WC="0.982204647774392"></String>
          </TextLine>
          <TextLine ID="eSc_line_f66a9624"
                    TAGREFS="LT8"
                    BASELINE="119 1543 977 1536" 
                    HPOS="118"
                    VPOS="1498"
                    WIDTH="859"
                    HEIGHT="64">
            <Shape><Polygon POINTS="119 1543 119 1562 164 1556 274 1560 303 1560 304 1560 306 1560 309 1560 323 1555 353 1558 378 1562 379 1562 439 1557 464 1556 473 1557 496 1560 497 1560 499 1560 499 1560 504 1557 509 1553 551 1556 616 1560 617 1560 618 1560 639 1555 649 1552 656 1555 674 1560 675 1560 676 1560 731 1553 741 1552 746 1552 772 1558 774 1558 775 1558 792 1552 795 1551 797 1552 811 1558 812 1558 813 1558 882 1551 882 1551 907 1557 908 1557 909 1557 975 1548 977 1536 974 1508 942 1508 932 1500 932 1498 932 1498 930 1498 929 1498 895 1506 872 1498 872 1498 870 1498 869 1498 851 1508 764 1508 754 1501 754 1501 752 1501 751 1501 749 1501 730 1508 690 1500 689 1500 687 1500 666 1510 646 1501 645 1501 644 1501 607 1510 572 1501 571 1501 569 1501 568 1501 530 1510 469 1502 468 1502 404 1512 394 1503 392 1503 391 1503 390 1503 308 1510 285 1503 284 1503 283 1503 281 1503 259 1515 221 1515 208 1506 207 1506 206 1506 204 1506 164 1513 134 1505 133 1505 131 1505 130 1505 129 1505 118 1512 119 1543"/></Shape>
            <String CONTENT="&amp; ementitæ. Quantò verò eſt dignior, qui Ec¬"
                    HPOS="118"
                    VPOS="1498"
                    WIDTH="859"
                    HEIGHT="64"
                    WC="0.972182372341985"></String>
          </TextLine>
          <TextLine ID="eSc_line_bc16769b"
                    TAGREFS="LT8"
                    BASELINE="119 1591 977 1583" 
                    HPOS="118"
                    VPOS="1546"
                    WIDTH="859"
                    HEIGHT="66">
            <Shape><Polygon POINTS="119 1591 119 1608 188 1605 209 1607 239 1612 241 1612 299 1606 333 1603 342 1606 361 1610 362 1610 363 1610 364 1610 386 1605 399 1602 419 1605 456 1610 457 1610 458 1610 476 1603 486 1601 541 1601 547 1602 562 1608 563 1608 564 1608 596 1602 608 1600 614 1602 624 1606 625 1606 626 1606 627 1606 640 1601 646 1600 651 1601 666 1606 667 1606 668 1606 692 1601 699 1600 704 1601 727 1607 729 1607 730 1607 782 1601 851 1606 852 1606 975 1596 977 1583 974 1556 940 1556 927 1546 927 1546 925 1546 924 1546 922 1546 907 1553 889 1548 887 1548 886 1548 885 1548 867 1555 859 1548 859 1548 857 1548 856 1548 854 1548 854 1548 842 1557 786 1557 740 1547 739 1547 737 1547 718 1558 641 1558 630 1548 629 1548 627 1548 626 1548 562 1556 499 1550 497 1550 463 1557 447 1551 446 1551 444 1551 444 1551 442 1551 431 1560 396 1553 394 1553 257 1560 141 1553 140 1553 139 1553 118 1562 119 1591"/></Shape>
            <String CONTENT="cleſiæ præeſt priuato homini, ita vberiora &amp; lo¬"
                    HPOS="118"
                    VPOS="1546"
                    WIDTH="859"
                    HEIGHT="66"
                    WC="0.97929534688592"></String>
          </TextLine>
          <TextLine ID="eSc_line_8d955e79"
                    TAGREFS="LT8"
                    BASELINE="119 1638 977 1633" 
                    HPOS="118"
                    VPOS="1596"
                    WIDTH="859"
                    HEIGHT="64">
            <Shape><Polygon POINTS="119 1638 119 1655 183 1660 184 1660 226 1655 244 1652 258 1653 289 1658 289 1658 291 1658 301 1653 307 1651 373 1651 384 1652 416 1658 417 1658 502 1651 527 1650 544 1651 604 1657 606 1657 607 1657 622 1650 624 1650 627 1650 654 1655 656 1655 681 1650 687 1648 690 1650 702 1656 704 1656 704 1656 706 1656 707 1656 716 1650 804 1656 804 1656 977 1646 977 1633 974 1603 851 1603 847 1602 829 1596 827 1596 827 1596 825 1596 811 1602 804 1606 746 1602 699 1600 697 1600 684 1602 669 1606 661 1602 649 1597 649 1597 647 1597 646 1597 632 1602 627 1603 602 1602 536 1598 535 1598 534 1598 526 1602 517 1607 482 1602 479 1602 477 1602 476 1602 459 1610 348 1610 326 1602 319 1600 318 1600 317 1600 316 1600 314 1600 312 1602 304 1608 281 1602 280 1602 279 1602 278 1602 230 1610 209 1602 207 1601 206 1601 204 1601 118 1601 119 1638"/></Shape>
            <String CONTENT="cupletiora ſunt earum Epiſtolarum argumenta,"
                    HPOS="118"
                    VPOS="1596"
                    WIDTH="859"
                    HEIGHT="64"
                    WC="0.991188736124472"></String>
          </TextLine>
          <TextLine ID="eSc_line_e57432d1"
                    TAGREFS="LT8"
                    BASELINE="121 1685 979 1680" 
                    HPOS="121"
                    VPOS="1645"
                    WIDTH="859"
                    HEIGHT="57">
            <Shape><Polygon POINTS="121 1685 121 1702 977 1697 979 1680 977 1652 850 1645 849 1645 791 1651 765 1645 764 1645 763 1645 762 1645 761 1645 749 1652 607 1646 606 1646 567 1652 551 1646 549 1646 549 1646 356 1653 336 1647 335 1647 334 1647 284 1655 239 1648 239 1648 238 1648 236 1648 229 1656 121 1656 121 1685"/></Shape>
            <String CONTENT="quæ ad præfectos Eccleſiæ ſcriptæ ſunt (quales"
                    HPOS="121"
                    VPOS="1645"
                    WIDTH="859"
                    HEIGHT="57"
                    WC="0.982182878514995"></String>
          </TextLine>
          <TextLine ID="eSc_line_6675e686"
                    TAGREFS="LT8"
                    BASELINE="118 1736 979 1730" 
                    HPOS="116"
                    VPOS="1693"
                    WIDTH="863"
                    HEIGHT="60">
            <Shape><Polygon POINTS="118 1736 118 1751 323 1753 324 1753 326 1753 326 1753 330 1750 334 1747 373 1748 461 1753 462 1753 463 1753 486 1747 494 1746 530 1747 632 1752 634 1752 719 1746 734 1745 762 1745 950 1750 951 1750 952 1750 979 1742 979 1730 977 1702 954 1693 952 1693 951 1693 879 1701 867 1702 862 1701 837 1693 836 1693 835 1693 799 1700 785 1693 784 1693 704 1693 702 1693 701 1693 699 1693 691 1700 686 1703 662 1700 640 1697 639 1697 622 1700 594 1705 581 1700 569 1695 568 1695 567 1695 566 1695 564 1695 558 1700 549 1706 511 1706 481 1698 461 1695 459 1695 413 1696 412 1696 411 1696 408 1698 399 1707 286 1707 251 1697 249 1697 248 1697 192 1697 191 1697 190 1697 163 1707 152 1697 151 1697 149 1697 116 1697 118 1736"/></Shape>
            <String CONTENT="ſunt illæ quæ ad Timotheum, &amp; Titum, quæ"
                    HPOS="116"
                    VPOS="1693"
                    WIDTH="863"
                    HEIGHT="60"
                    WC="0.978535369038582"></String>
          </TextLine>
          <TextLine ID="eSc_line_e9f1d5ed"
                    TAGREFS="LT8"
                    BASELINE="121 1785 980 1778" 
                    HPOS="119"
                    VPOS="1742"
                    WIDTH="861"
                    HEIGHT="70">
            <Shape><Polygon POINTS="121 1785 121 1812 151 1800 229 1807 230 1807 289 1798 303 1808 304 1808 306 1808 307 1808 308 1808 324 1803 356 1808 367 1810 368 1810 369 1810 374 1808 407 1797 426 1807 428 1808 429 1808 430 1810 457 1810 457 1808 458 1808 459 1808 459 1807 461 1807 472 1797 501 1802 502 1802 563 1796 580 1805 585 1807 586 1807 587 1808 644 1808 644 1807 645 1807 646 1807 649 1803 659 1795 692 1795 708 1802 716 1806 717 1806 718 1806 719 1806 720 1806 727 1802 739 1795 763 1801 775 1805 777 1805 777 1805 779 1805 780 1805 785 1801 792 1796 815 1801 837 1805 839 1805 980 1797 980 1778 977 1742 934 1751 889 1745 887 1745 814 1752 796 1746 791 1743 790 1743 789 1743 777 1746 751 1752 692 1747 654 1745 654 1745 652 1745 639 1748 622 1753 614 1748 608 1745 607 1745 606 1745 576 1745 575 1745 574 1745 559 1750 547 1756 404 1756 394 1753 374 1747 373 1747 371 1747 371 1747 348 1755 342 1756 335 1755 297 1747 296 1747 259 1756 248 1748 247 1748 246 1748 192 1748 191 1748 190 1748 171 1758 119 1758 121 1785"/></Shape>
            <String CONTENT="penè ſunt paris argumenti) quàm earum, quæ ad"
                    HPOS="119"
                    VPOS="1742"
                    WIDTH="861"
                    HEIGHT="70"
                    WC="0.984259412643757"></String>
          </TextLine>
        </TextBlock>
        <TextBlock HPOS="740"
                   VPOS="1799"
                   WIDTH="89"
                   HEIGHT="51"
                   ID="block_0"
                   TAGREFS="BT17">
          <Shape><Polygon POINTS="828 1799 828 1850 740 1850 740 1799"/></Shape>
          <TextLine ID="eSc_line_117c863e"
                    TAGREFS="LT8"
                    BASELINE="747 1833 818 1830" 
                    HPOS="745"
                    VPOS="1802"
                    WIDTH="73"
                    HEIGHT="55">
            <Shape><Polygon POINTS="747 1833 747 1847 779 1857 780 1857 781 1857 782 1857 818 1845 818 1830 814 1802 745 1805 747 1833"/></Shape>
            <String CONTENT="A.j"
                    HPOS="745"
                    VPOS="1802"
                    WIDTH="73"
                    HEIGHT="55"
                    WC="0.874959588050842"></String>
          </TextLine>
        </TextBlock>
        <TextBlock HPOS="86"
                   VPOS="212"
                   WIDTH="923"
                   HEIGHT="222"
                   ID="eSc_textblock_7cf107b9"
                   TAGREFS="BT11">
          <Shape><Polygon POINTS="86 212 86 435 1009 435 1009 212"/></Shape>
        </TextBlock>
      </PrintSpace>
    </Page>
  </Layout>
</alto>
