1482 2195
359 123 288 57 CAPVT II.

908 121 34 64 47

98 173 856 71 3.Verſ. 16. Secunda, Quod ad vnum & eundem

96 224 856 63 nos reuocat tota veteris & noui teſtamenti ſcri¬

97 269 854 68 ptura. Veteris enim Legis cæremoniæ & ſacrifi¬

96 321 858 64 cia nos ad eundem Chriſtum deducunt, ad quem

95 366 856 66 etiam Euangelium. Itaque Chriſtus is, qui per

93 414 856 70 Euangelium prædicatur, dicitur eſſe finis legis.

102 463 843 64 Tertia, Quemadmodum Deus non habet duos

95 512 851 62 filios natorales: ita neque duos mediatores con¬

95 556 862 63 ſtituit, ſed de vno tantùm illa Dei vox eſt, Ille eſt

96 604 858 71 Filius meus dilectus, in quo mihi complacui

93 659 168 62 Matth.3.

95 699 857 71 Conſentit cum hoc dogmate, & quidem veriſsi¬

96 749 859 66 mo Auguſtinus qui lib.2. contra Epiſtolam Par¬

99 797 854 63 menia. cap. 8. negat plures eſſe mediatores ho¬

97 846 788 61 minum: ſed vnum tantùm Ieſum Chriſtum.

143 892 812 67 Similis eſt locus in Epiſtola ad Hebræos cap.

101 940 853 70 7.verſ. 26. Non enim potuit quilibet Pontifex a¬

96 990 858 70 pud deum munere mediatoris pro nobis & offi¬

93 1039 856 66 cio fungi: ſed is ſolus, qui pius, innocens, ſegrega¬

93 1086 860 61 tus à peccatoribus, & ſublimior cœlis factus eſt.

95 1139 494 57 Is autem eſt Chriſtus ſolus.

143 1180 809 65 Obſtare verò multa videntur quæ afferri poſ¬

93 1234 322 61 ſunt. Ac primum.

133 1277 821 66 Prima ratio, Quod alii pro aliis orare iube¬

93 1329 861 64 mur. Iac.5. Reſponſio eſt, quòd noſtræ illæ preces

90 1375 859 67 nõ propter nos gratæ ſunt Deo: ſed vnius Chri¬

89 1423 861 65 ſti merito & interceſsione. Eatenus enim De o

93 1472 859 66 placent, quatenus & fidei & mutuæ inter nos

91 1522 856 64 charitatis ſunt effecta atque fructus, quæ vtraq;

86 1569 318 59 innititur Chriſto.

119 1612 836 64 2 Moſes & Sacerdotes Leuitici dicuntur fuiſſe

86 1665 866 63 interceſſores & mediatores inter Deum & po¬

85 1710 859 88 pulum Exod.32.Reſp. Puerilem eſſe obiectionẽ.
