1482 2195
523 133 57 66 38

664 123 572 62 AD I. PAVL. AD TIM.

521 174 863 75 cis libris diſsimilem contineat cap.15v.39. Affe¬

518 234 866 63 runtur igitur teſtimonia veterum, imprimis au¬

519 279 863 65 tem Auguſtini lib. de Cura pro mortuis cap. 18.

521 328 862 64 quod canonizatur (vt vocant) cano. Non æſtime¬

518 374 864 66 mus 13 quęſt.2. item aliud eiuſdem Auguſtini di¬

518 426 866 61 ctum cap. 11o. in Enchirid. Sed etiam Arnobius

522 472 861 65 vetus ſcriptor Eccleſiaſticus idem confirmat lib.

519 522 863 62 4. Aduerſ. gentes ſub finem libri nempe pro viuis

521 567 863 63 & mortuis in Dei Eccleſia precatos eſſe Chri¬

517 618 868 56 ſtianos. Reſp. Nullo verbi diuini fundamento

514 664 870 65 niti Auguſt. vel Arnobium, ſed ſola quadam er¬

518 714 867 60 ga mortuos beneuolentia & humanitate, ſoliſque

519 761 865 59 cõiecturis. Id quod nec Auguſtinus ipſe diſsimu¬

516 809 868 66 lat. Præterea poſſunt adduci alij eiuſdem Auguſt.

517 857 868 63 loci, ex quibus quàm varius in ea re fuerit intel¬

516 904 868 66 ligetur, quemadmodum in Enchir. pridem

514 955 868 61 annotauimus. Denique opponuntur Auguſtino

513 1004 872 61 ſcriptores, patréſque Eccleſiaſtici, & ii quidem

517 1052 866 60 pij, & Orthodoxi, quemadmodum Ambroſius in

514 1096 870 64 lib. qui inſcribitur Abraham cap.9. vbi id tantùm

516 1146 869 62 mortuis à viuis præſtandum docet, vt eos ſepe¬

517 1196 866 61 liant: non vt pro iis orent, id quod etiam videtur

518 1242 872 60 confirmari poſſe reſpõſo Chriſti quod eſt Matt.

518 1293 864 57 8. verſ. 22. Obiicitur etiam Hieronymus, cuius

514 1338 870 65 hæc eſt apertiſsima ſententia. In præſenti ſeculo

512 1388 872 59 ſiue orationibus ſiue conſilijs inuicem poſſe nos

514 1436 871 61 iuuari. Cùm autem ante tribunal Chriſti veneri¬

516 1485 869 62 mus, nec Iob, nec Noe, nec Daniel, rogare poſſe

516 1533 870 62 pro quoquam. Quam ſententiam Papiſtæ ipſi in

517 1585 871 57 ſuos canones retulerũt cano. in præſenti 13 diſt.2.

559 1630 828 61 Origo autem huius mali ex paruis initiis cepit.

514 1679 873 62 Primùm ex eo quod cepit piorum, qui pro nomi¬

513 1725 875 73 ne Chriſti paſsi erant, & mortui, in Eccleſia &

1203 1776 183 65 imprimis
