1482 2195
529 107 65 61 74

689 106 562 63 AD I. PAVL. AD TIM.

522 166 855 64 pergẽdum & progrediendũ. In quo peccant Pa¬

521 216 856 63 piſtæ & Pelagiani, omnéſque Operiſtæ, & quidẽ

521 266 857 59 grauiter, qui ſalutis noſtræ cauſas in noſtris ope¬

516 312 862 64 ribus quærunt & conſtituunt. Quid enim de vi¬

518 361 857 62 duis, quæ nullos liberos vnquam ſuſceperunt: de

519 408 855 63 virginibus, & iis etiam quæ cùm ſint coniuges,

514 457 859 60 nullos liberos tamen pepererunt, futurum eſſet

522 508 850 55 (vt rectè hoc loco Chryſoſtom. animaduertit) ſi

514 551 860 62 ſalus mulierum ἑκ τεκνογονίας tota pendet? Certè

516 599 859 61 ſaluæ non fierent. Sed & Thomas Aquinas hîc

514 649 855 60 delirat, dum laudes virginitatis & celibatus cum

513 694 857 60 hoc Pauli dicto conciliare, & placare nititur,

514 742 855 65 quod cum illis apertè & perpiſcuè pugnat. Ergo

511 792 857 57 hîc vocatio & munus mulierum deſcribitur etiã

512 839 859 62 in eo ipſo, in quo pœnam ſui peccati ſentiunt. Eſt

509 886 855 63 autem, vt liberos non tantùm ſuſcipiant & gig¬

508 937 861 57 nant: ſed vt educent, curent, & onera illa primæ

509 986 861 55 liberorum nutricationi, scertè quidem moleſtiſ¬

507 1032 863 61 ſima, lubentes volentéſque deuorent & ſuſcipiãt.

516 1082 854 57 Tεκνογονίας enim hoc loco non tantùm parturitio¬

507 1127 865 66 nem ipſam mulierum ſignificat: ſed quicquid illi

507 1180 863 57 adiunctum eſt, & imminet iuſtæ matrum curæ, vt

507 1224 863 61 liberi editi educãtur. Vnde merito matres puer¬

508 1274 863 60 peræ damnantur, quæ filios, ſi poſſunt, ſuos non

506 1322 862 60 alunt, de quo Plutarchus in lib. de Liberorum E¬

508 1368 862 62 ducatio. & dictum Gregorij in canon. Ad eius

507 1417 863 62 diſtinct.5. Mille quidẽ ſunt tædia, quæ contra Io¬

507 1467 861 55 uinia. enumerat Hieronym.tam minutim, vt ipſe

507 1513 865 62 puerpera fuiſſe aliquando videatur, qui tamen

509 1562 858 58 perpetuo vixit celebs. Mille etiam dolores & mo¬

509 1608 863 61 leſtiæ nõ tantùm leuiter deguſtandæ: ſed diutiſſi¬

508 1660 859 57 mè deuorandæ, tum in partu, tum poſt partum.

512 1707 858 73 Quæ tamen omnia ſi libenti & grato animo de¬

1248 1762 122 61 uorat,
