1482 2195
376 126 249 59 CAPVT I.

900 131 49 66 75

93 179 860 70 uorat, atque ſuſcipit mater, Deo grata eſt, & in

95 233 859 61 ſua vocatione incedit: ad trimatum autem vſque

96 279 854 65 lex Ciuilis iubet vt mater ipſa alat liberos ſuos,

95 330 428 59 eóſque præcipuè curet.

136 376 815 58 Sed addit Paulus alias quoque virtutes, quas

91 424 858 56 eſſe neceſſarias oſtendit, vt mulier Deo placeat,

93 474 853 58 quarũ aliæ communes illis ſunt etiam cum viris,

90 518 856 59 nẽpe Fides, & Charitas: aliæ illarum proprię, Sã¬

93 567 857 57 ctificatio, & Modeſtia. Quę enim virtus nos Deo

90 617 861 55 commendat eſt fides. Illa enim nos & deducit

90 662 862 65 ad Chriſtum, & cum eo coniungit. Illa charitatẽ

93 714 856 61 quoque gignit, extra quam nihil à matribus ipſis

90 759 859 66 fieri Deo gratum poteſt, quia ſi inuitæ, repugnã¬

93 811 859 61 tes, & coactæ potius officium faciunt, quàm ex

91 859 462 56 charitate, diſplicent Deo.

138 906 807 59 Sanctificatio, quam requirit à mulieribus, nõ

89 951 863 61 eſt tantùm generalis omnium vitæ actionum ad

88 999 862 63 Dei voluntatem conformatio 1.Theſſ. 4. verſ. 4.

86 1049 860 61 ſed maximè ſanctimonia quædam corporis, qua

86 1097 860 60 ſe vxores & mulieres ab omni turpitudine, im¬

88 1142 856 65 munditia, & laſciuia puras conſeruant, quæ impu¬

88 1191 859 61 dicitie opponitur: & alio nomine dicitur caſtitas.

85 1239 857 63 Modeſtia, luxui & ſumptuoſo illi cultui, de quo

85 1290 462 65 ſuperius dixit, opponitur.

366 1478 286 60 CAP. III.

93 1536 135 202 F

257 1527 684 84 IDVS eſt hic ſermo, Si quis Epi¬

257 1591 684 84 ſcopatum apperit, præclarum opus

257 1646 223 86 deſiderat.

133 1715 811 80 Tranſitio eſt. Poſt quam enim de paſtorum of¬
