1482 2195
349 136 276 55 CAPVT II.

895 128 43 62 73

95 185 854 66 peccatum effeciſſe duriorem & auſteriorẽ. Val¬

96 238 854 66 de autem notandum eſt, quod ex verbo ſedacta

97 284 852 70 colligit Bernard. ſermo. de Duplici Baptiſ. his

98 335 853 60 verbis, Serpens ô Eua decepit te, non impulit,

95 381 856 66 aut coegit, mulier tibi, ô Adam de ligno dedit:

95 429 852 65 ſed offerendo, non vtique violentiam inferendo.

97 477 852 65 Neque enim poteſtate illius, ſed tua voluntate

95 524 854 72 factum eſt, vt eius voci plus obedieris, quàm di¬

96 585 115 48 uinæ.

148 630 801 76 15 Seruabitur tamen liberos gignendo,

93 689 858 83 ſi manſerit in fide, ac charitate, & ſanctifica¬

93 754 406 57 tione cum modestia.

143 809 812 71 Hypophora eſt quæ magnam conſolationem

96 860 856 67 tamen continet, ne ſe prorſus ſpe ſalutis orbatas

93 909 858 65 eſſe mulieres exiſtiment. Id quod illis potuit in

93 959 861 61 animum incidere, vel nobis etiamipſis, dum eas

93 1005 858 60 eſſe nobis tanti cauſas mali audimus. Per eas

96 1055 858 63 enim factum eſt, vt vniuerſum genus humanum

93 1100 856 70 ſiue virile, ſiue etiam muliebre periret. Ergo

93 1150 861 60 prorſus ſalutis exortes videbantur. Sed contrà

93 1198 859 65 Paulus. Hanc ipſam pœnam tranſgreſſionis, &

93 1248 859 61 hanc in coniugio ſubiectionem mulierum docet

93 1296 859 62 in ipſarum commodum & ſalutem cedere mira

93 1343 857 65 Dei ſapientia nimirum, qui è tenebris lucem e¬

93 1390 863 63 duxit, vt eſt 2. Chorinth. 4. verſ. 6. Sic conuertit

93 1440 857 57 hoc ſuum in eas iudicium Dominus in earum i¬

90 1481 862 72 pſarũ conſolationẽ & ſalutis viam, dum hãc ſub¬

90 1538 864 60 iectionem erga maritos vocationem earum pro¬

90 1580 863 70 priam eſſe ſtatuit. In quo illud primum eſt obſer¬

90 1631 863 57 uandum vocem διὰ non denotare hoc loco cau¬

88 1679 864 57 ſam efficientem: ſed mediam tantùm, per quam,

88 1729 866 75 tanquam per iter à Deo demonſtratum, eſt illis
