1000 1547
359.0 117.0 496.0 49.0 COMMENT. IN I. EPIST.

288.0 175.0 666.0 48.0 Ed exprimendum exemplar ijs qui credituri eſſent in

292.0 208.0 665.0 61.0 ipſo in uitam æternam. Quaſi dicat, Hoc inſigni ex¬

292.0 251.0 664.0 60.0 emplo ad ſimilem ſpem ueniæ prouocare uoluit om¬

292.0 296.0 665.0 58.0 nes, quamlibet prioris uitæ maculis inquinatos, modo

292.0 336.0 667.0 61.0 impia uita relicta & diffiſi ſuis uiribus omnem fidu¬

292.0 384.0 665.0 56.0 tiam conſtituant in bonitate Chriſti, quæ nunquam de

292.0 427.0 666.0 56.0 ſtituit nos us ad uitam æternam. In Paulo igitur òro

294.0 470.0 663.0 54.0 τύπωσις id est expreſſa imago & exemplũ uiuum

292.0 512.0 666.0 58.0 omnium hominum oculis expoſita est quid ſibi debe¬

293.0 556.0 667.0 61.0 ant ſperare quicun relictis moribus priſtinis credi¬

293.0 599.0 666.0 60.0 derunt in Chriſtum, gratuitam uidelicet peccatorum

294.0 642.0 662.0 61.0 remißionem & ſpem indubitatam uitæ ſempiternæ.

294.0 688.0 667.0 57.0 Est & in ea uoce quam interpres noſter clementiam

294.0 732.0 665.0 56.0 uertit, Græce uero μακροθυμία dicitur, myſterium.

295.0 774.0 667.0 58.0 Significat enim ad uerbum longanimitatem. Namſcri

296.0 819.0 666.0 57.0 ptura aliãs teſtatur deum ad uindictam lento proce¬

296.0 859.0 665.0 61.0 dere gradu, non quod peccata illi placeant, ſed quod

297.0 905.0 664.0 58.0 uolit mortem peccatoris, quin potius conuerſionẽ e¬

297.0 946.0 666.0 61.0 ius uitam́. Ad exemplum Pauli pertinent exempla

298.0 990.0 662.0 60.0 ſimilia ut ſunt Dauidis, Adæ, Matthæi, Petri, Zachei,

298.0 1033.0 665.0 63.0 Mulieris peccatricis, Latronis, & ſi quæ alia ſunt hu

299.0 1087.0 162.0 49.0 ius generis.

355.0 1129.0 607.0 57.0 Regi autem ſæculorum immorᛘ

300.0 1174.0 662.0 66.0 tali, inuiſibili, ſoli ſapienti Deo, hoᛘ

300.0 1233.0 663.0 72.0 nor, gloria in ſæcula ſæculorum,

304.0 1295.0 158.0 59.0 Amen.

877.0 1290.0 86.0 51.0 Prædi
