1000 1547
52 160 663 50 dicant & non quid dicant cogitent. Qui uero ſapi¬

49 198 663 54 unt omnia ad charitatis regulam collimabunt. Non

47 239 666 58 est quod in ſacris eruditionem oſtentes, gloriam pro¬

48 287 663 52 priam quæras, nouarum rerum & quas nemo ante te

45 326 665 57 uiderit prædiceris author, ſcripturarum interpres o¬

43 370 667 59 culatißimus, legiſperitus́ prudentißimus. Populum

43 415 667 55 Chriſto adducere debes. Hic uero non accedet niſi a¬

41 458 667 58 met Chriſtum. Hunc non amabit niſi cognorit. Pinges

41 501 664 57 ergo hunc ſuis coloribus ut toto in ipſum pectore ex¬

40 545 568 56 ardeat, hunc unum optet, huic ſoli adhæreat.

245 107 334 47 AD TIM. CAP. I.

89 637 606 66 Scimus autẽ quod bona ſit lex,

35 692 666 65 ſi quis ea legitime utatur, ſciens il¬

34 746 661 67 lud quod iuſto lex non ſit poſita,

33 798 669 64 ſed iniuſtis & inobſequẽtibus, im¬

37 856 662 61 pijs & peccatoribus, irreuerenti¬

31 909 667 65 bus & prophanis, patricidis et maᛘ

30 965 657 60 tricidis, homicidis, ſcortatoribus.

28 1019 665 54 maſculorum concubitoribus, pla¬

30 1071 667 65 giarijs, mendacibus, periuris, & ſiᛘ

29 1121 667 65 quid aliud eſt quod ſanæ doctri¬

27 1181 668 60 næ aduerſetur ſecundum euange¬

25 1234 668 71 lium gloriæbeati dei quod concreᛘ

674 148 31 1 99

478 1302 18 46 n

538 1344 22 0 3
