1000 1547
49 152 666 49 is ipſorum cordibus ſenſerunt. At hic uſus legis ue¬

47 190 667 56 rus est. Sic inquam lex bona est, ſic iuſto non est poſi¬

47 233 665 61 ta, ita lex nemini grauis eſt, ſed ſuauis potius, quouis

45 278 668 58 lapide pretioſo gratior, melle & fauis dulcior. De

46 323 668 56 qua re copioſius multis in locis diſputauimus, iſta ue¬

43 365 671 56 ro ad præſentia ſatis eſſe putaui. Cæterum qui ſub hac

44 407 667 59 Chriſti & euangelica gratia non ſunt, adhuc ſub lege

43 451 663 56 ſunt. Nihil ergo ad hos pertinent ſermones de liberta

40 492 661 59 te Chriſtiana & abrogatione legis, iuſto tantũ nulla

43 537 652 59 lex poſita est. Commodum uero hoc in loco ubi de ſo

38 581 662 59 na doctrina agit diſputat de genuino legis uſu. Aduer

42 626 667 56 ſarij enim leuitatis uanitatis́ inſimulabant prædica¬

39 670 669 57 tionem euangelicam, quaſi hac feneſtra aperiretur om

40 714 665 58 nibus criminibus rumperentur́ ſancta legis uincula.

39 760 670 54 Monet ergo quatenus & quibus lex abrogata ſit. Ne¬

39 801 668 56 minem ſcilicet illa eximi niſi qui ſua ſponte quod lex

41 845 666 57 præſcribit facit. Facere autem ea qui iuxta euangeli¬

36 892 664 53 cam doctrinam Deum & proximum amet ex animo,

36 934 669 54 id quod doceat euãgelium, proinde lege teneri adhuc

37 978 668 53 quotquot charitatis ſenſu & igne carent, imò ipſum

38 1020 667 56 ſanctum dei euangeliũ illa ipſa damnare ſcelera quæ

36 1064 677 53 lege ſint olim damnata. Ita enim concludit hanc peri¬

38 1106 667 55 odum, Et ſi quid aliud est quod ſanæ doctrinæ aduer¬

38 1151 667 53 ſetur ſecundũ euangelium gloriæ beati Dei quod con¬

36 1192 669 56 creditum est mihi. Explicat autem quæ ſit doctrina ſa

36 1238 666 69 na, nimirũ quæ est ſecundum euangelium glorioſum

196 101 344 44 AD TIM, CAP. I.

662 113 64 34 100

710 487 115 39 Buangelij

712 513 128 34 prædicatio

709 544 132 33 non aperit

705 569 134 37 feneſtram

708 594 132 51 ſceleribus.

493 1296 73 43 n 4
