<?xml version='1.0' encoding='UTF-8'?>
<alto xmlns:xsi="http://www.w3.org/2001/XMLSchema-instance" xmlns="http://www.loc.gov/standards/alto/ns-v4#" xsi:schemaLocation="http://www.loc.gov/standards/alto/ns-v4# http://www.loc.gov/standards/alto/v4/alto-4-2.xsd">
  <Description>
    <MeasurementUnit>pixel</MeasurementUnit>
    <sourceImageInformation>
      <fileName>7325959.jpeg</fileName>
    </sourceImageInformation>
  </Description>
  <Tags>
    <OtherTag ID="BT7" LABEL="CustomZone" DESCRIPTION="block type CustomZone"/><OtherTag ID="BT8" LABEL="DamageZone" DESCRIPTION="block type DamageZone"/><OtherTag ID="BT9" LABEL="DigitizationArtefactZone" DESCRIPTION="block type DigitizationArtefactZone"/><OtherTag ID="BT10" LABEL="DropCapitalZone" DESCRIPTION="block type DropCapitalZone"/><OtherTag ID="BT11" LABEL="GraphicZone" DESCRIPTION="block type GraphicZone"/><OtherTag ID="BT12" LABEL="MainZone" DESCRIPTION="block type MainZone"/><OtherTag ID="BT13" LABEL="MarginTextZone" DESCRIPTION="block type MarginTextZone"/><OtherTag ID="BT14" LABEL="MusicZone" DESCRIPTION="block type MusicZone"/><OtherTag ID="BT15" LABEL="NumberingZone" DESCRIPTION="block type NumberingZone"/><OtherTag ID="BT17" LABEL="QuireMarksZone" DESCRIPTION="block type QuireMarksZone"/><OtherTag ID="BT18" LABEL="RunningTitleZone" DESCRIPTION="block type RunningTitleZone"/><OtherTag ID="BT19" LABEL="SealZone" DESCRIPTION="block type SealZone"/><OtherTag ID="BT20" LABEL="StampZone" DESCRIPTION="block type StampZone"/><OtherTag ID="BT21" LABEL="TableZone" DESCRIPTION="block type TableZone"/><OtherTag ID="BT22" LABEL="TitlePageZone" DESCRIPTION="block type TitlePageZone"/><OtherTag ID="BT3803" LABEL="MainZone-Continued" DESCRIPTION="block type MainZone-Continued"/><OtherTag ID="BT3804" LABEL="MainZone-P" DESCRIPTION="block type MainZone-P"/><OtherTag ID="BT3805" LABEL="MainZone-Head" DESCRIPTION="block type MainZone-Head"/><OtherTag ID="BT3806" LABEL="MarginTextZone-Notes" DESCRIPTION="block type MarginTextZone-Notes"/><OtherTag ID="BT3811" LABEL="MarginTextZone:ManuscriptAddendum" DESCRIPTION="block type MarginTextZone:ManuscriptAddendum"/>
    <OtherTag ID="LT7" LABEL="CustomLine" DESCRIPTION="line type CustomLine"/><OtherTag ID="LT8" LABEL="DefaultLine" DESCRIPTION="line type DefaultLine"/><OtherTag ID="LT9" LABEL="DropCapitalLine" DESCRIPTION="line type DropCapitalLine"/><OtherTag ID="LT10" LABEL="HeadingLine" DESCRIPTION="line type HeadingLine"/><OtherTag ID="LT11" LABEL="InterlinearLine" DESCRIPTION="line type InterlinearLine"/><OtherTag ID="LT12" LABEL="MusicLine" DESCRIPTION="line type MusicLine"/>
  </Tags>
  <Layout>
    <Page WIDTH="1000" HEIGHT="1547" PHYSICAL_IMG_NR="24" ID="eSc_dummypage_">
      <PrintSpace HPOS="0" VPOS="0" WIDTH="1000" HEIGHT="1547">
        <TextBlock HPOS="206.0" VPOS="118.0" WIDTH="348.0" HEIGHT="44.0" ID="block_1" TAGREFS="BT18">
          <Shape><Polygon POINTS="206 118 554 118 554 162 206 162 206 118"/></Shape>
          <TextLine ID="line_1" TAGREFS="LT8" BASELINE="209 152 562 150" HPOS="208.0" VPOS="115.0" WIDTH="354.0" HEIGHT="50.0">
            <Shape><Polygon POINTS="484 118 475 118 466 118 458 118 449 118 441 118 432 118 423 118 415 118 414 118 411 121 378 121 374 118 372 118 363 118 355 118 346 118 337 118 329 118 320 118 312 118 303 118 299 118 293 122 272 122 265 118 260 118 251 118 243 118 240 118 239 119 233 118 226 118 217 118 208 118 209 152 209 165 258 165 259 165 260 165 274 159 380 165 381 165 382 165 383 165 392 158 407 165 408 165 409 165 457 160 472 164 473 164 474 164 475 164 476 164 484 158 560 164 562 150 558 115 551 120 492 120 490 118 484 118"/></Shape>
            <String CONTENT="AD TIM. CAP. I." HPOS="208.0" VPOS="115.0" WIDTH="354.0" HEIGHT="50.0" WC="0.990438191095988"/>
          </TextLine>
        </TextBlock>
        <TextBlock HPOS="634.0" VPOS="120.0" WIDTH="86.0" HEIGHT="50.0" ID="block_2" TAGREFS="BT15">
          <Shape><Polygon POINTS="634 120 720 120 720 170 634 170 634 120"/></Shape>
          <TextLine ID="line_2" TAGREFS="LT8" BASELINE="638 152 715 151" HPOS="638.0" VPOS="120.0" WIDTH="77.0" HEIGHT="53.0">
            <Shape><Polygon POINTS="689 120 680 120 672 120 663 120 655 120 646 120 640 120 638 122 638 152 638 166 672 164 690 172 691 172 692 173 715 173 715 151 713 121 691 120 689 120"/></Shape>
            <String CONTENT="104" HPOS="638.0" VPOS="120.0" WIDTH="77.0" HEIGHT="53.0" WC="0.9999827146530151"/>
          </TextLine>
        </TextBlock>
        <TextBlock HPOS="33.0" VPOS="175.0" WIDTH="678.0" HEIGHT="1135.0" ID="block_3" TAGREFS="BT3803">
          <Shape><Polygon POINTS="33 175 711 175 711 1310 33 1310 33 175"/></Shape>
          <TextLine ID="line_3" TAGREFS="LT8" BASELINE="43 206 711 203" HPOS="42.0" VPOS="175.0" WIDTH="669.0" HEIGHT="45.0">
            <Shape><Polygon POINTS="679 175 670 175 666 175 659 177 592 177 552 175 550 175 541 175 533 175 524 175 515 175 507 175 498 175 490 175 484 177 475 175 472 175 464 175 455 175 447 175 431 178 386 178 379 175 378 175 369 175 361 175 359 175 346 177 334 175 326 175 318 175 309 175 300 175 298 175 288 177 276 175 275 175 266 175 257 175 249 175 244 175 237 178 229 175 223 175 214 175 206 175 205 175 196 177 188 175 180 175 171 175 165 175 161 177 156 175 154 175 146 175 139 175 134 178 123 175 120 175 111 175 103 175 94 175 85 175 77 175 68 175 60 175 51 175 42 175 43 206 43 214 52 220 53 220 54 220 55 220 55 220 74 214 101 220 102 220 137 220 137 220 138 220 152 214 168 220 169 220 170 220 254 220 254 220 255 220 256 220 267 213 360 213 368 219 369 219 370 219 371 219 435 213 497 216 498 216 499 216 500 216 505 212 573 212 582 218 583 218 584 218 585 218 711 214 711 203 705 177 686 177 682 175 679 175"/></Shape>
            <String CONTENT="ln Chriſto? qui ut hominem peccatis ablueret de cœlẽ¬" HPOS="42.0" VPOS="175.0" WIDTH="669.0" HEIGHT="45.0" WC="0.9893806278705597"/>
          </TextLine>
          <TextLine ID="line_4" TAGREFS="LT8" BASELINE="44 246 704 248" HPOS="44.0" VPOS="214.0" WIDTH="660.0" HEIGHT="49.0">
            <Shape><Polygon POINTS="44 246 44 262 80 256 122 256 137 262 138 262 139 262 140 262 141 262 147 257 173 262 174 262 175 262 197 256 264 261 265 261 266 261 267 261 272 256 279 262 280 262 281 262 282 262 282 262 300 257 414 262 415 262 453 257 482 263 483 263 592 257 702 262 704 248 704 222 679 214 678 214 662 214 662 214 661 214 660 214 650 223 631 223 615 214 614 214 574 214 573 214 572 214 548 222 499 217 498 217 497 217 486 222 435 218 435 218 396 222 372 216 371 216 370 216 369 216 368 216 363 220 355 214 354 214 353 214 352 214 351 214 334 220 315 214 314 214 266 214 265 214 264 214 245 221 199 217 198 217 170 221 149 214 148 214 147 214 44 218 44 246"/></Shape>
            <String CONTENT="ſtibus ad terrena deſcendens carnem peccati accepit," HPOS="44.0" VPOS="214.0" WIDTH="660.0" HEIGHT="49.0" WC="0.9966641721817163"/>
          </TextLine>
          <TextLine ID="line_5" TAGREFS="LT8" BASELINE="42 292 710 290" HPOS="41.0" VPOS="256.0" WIDTH="669.0" HEIGHT="51.0">
            <Shape><Polygon POINTS="42 292 42 299 73 299 81 305 82 305 83 305 84 305 117 299 141 306 142 306 143 306 199 299 220 306 221 306 222 307 245 307 245 306 246 306 260 299 314 299 325 305 325 305 326 305 327 305 375 299 389 305 390 305 391 305 392 305 411 299 438 305 439 306 476 306 476 305 477 305 478 305 484 299 514 305 515 306 541 306 541 305 542 305 557 299 617 303 618 303 636 299 643 305 644 305 644 305 645 305 646 305 659 300 678 305 679 305 680 305 709 301 710 290 706 256 687 263 598 259 597 259 558 263 547 256 546 256 546 256 527 256 526 256 525 256 524 256 514 264 496 264 470 256 469 256 435 256 434 256 433 256 418 263 374 265 335 265 327 258 326 258 325 258 325 258 296 262 289 257 288 257 288 257 287 257 286 257 273 263 257 256 257 256 202 256 201 256 200 256 189 262 151 256 150 256 149 256 148 256 141 262 129 256 128 256 128 256 127 256 105 264 87 256 86 256 85 256 41 265 42 292"/></Shape>
            <String CONTENT="terrenis ſe admiſcuit ut eum cœleſtem efficeret. Mori" HPOS="41.0" VPOS="256.0" WIDTH="669.0" HEIGHT="51.0" WC="0.9757774460990474"/>
          </TextLine>
          <TextLine ID="line_6" TAGREFS="LT8" BASELINE="46 335 709 332" HPOS="45.0" VPOS="298.0" WIDTH="664.0" HEIGHT="55.0">
            <Shape><Polygon POINTS="46 335 47 353 60 346 77 352 78 352 79 353 122 353 122 352 122 352 123 352 132 346 138 350 139 350 140 350 141 350 176 346 212 350 213 350 412 344 426 349 427 349 428 349 429 349 442 344 455 351 456 351 457 352 487 352 487 351 541 343 569 350 570 350 570 350 609 344 623 350 624 350 625 351 655 351 655 350 656 350 656 350 665 344 708 342 709 332 707 305 675 298 674 298 644 299 644 299 643 299 636 305 616 305 605 298 604 298 603 298 602 298 486 305 467 301 466 301 466 301 465 301 452 306 293 306 272 299 271 299 270 299 212 305 183 299 182 299 181 299 166 305 143 299 142 299 114 299 113 299 112 299 94 306 76 299 75 299 74 299 45 301 46 335"/></Shape>
            <String CONTENT="ſe paſſus est, ut illum morte erutum paradyſo redde¬" HPOS="45.0" VPOS="298.0" WIDTH="664.0" HEIGHT="55.0" WC="0.9964886250404211"/>
          </TextLine>
          <TextLine ID="line_7" TAGREFS="LT8" BASELINE="41 379 708 376" HPOS="40.0" VPOS="345.0" WIDTH="668.0" HEIGHT="46.0">
            <Shape><Polygon POINTS="41 379 41 387 182 391 183 391 346 386 382 391 383 391 414 386 436 391 437 391 470 386 550 390 551 390 552 390 562 385 706 390 708 376 705 351 666 351 650 346 650 346 649 346 648 346 633 351 616 345 615 345 614 345 613 345 613 345 605 352 577 352 544 345 543 345 542 345 526 351 423 346 423 346 422 346 406 352 369 346 368 346 368 346 343 352 337 346 336 346 335 346 298 346 297 346 296 346 295 346 286 352 269 347 269 347 268 347 267 347 245 353 193 347 192 347 191 347 179 354 141 354 85 347 85 347 84 347 71 353 60 348 59 348 58 348 57 348 40 353 41 379"/></Shape>
            <String CONTENT="ret immortalem. Quis hæc benefitia non in infinitum" HPOS="40.0" VPOS="345.0" WIDTH="668.0" HEIGHT="46.0" WC="0.9963706544801301"/>
          </TextLine>
          <TextLine ID="line_8" TAGREFS="LT8" BASELINE="41 422 709 421" HPOS="40.0" VPOS="386.0" WIDTH="669.0" HEIGHT="53.0">
            <Shape><Polygon POINTS="41 422 41 431 128 433 138 438 139 438 140 438 233 432 248 438 249 438 250 439 327 439 327 438 374 431 423 431 439 437 440 437 441 438 501 438 501 437 502 437 503 437 512 431 530 436 531 436 598 437 599 437 600 437 619 431 635 437 636 437 637 438 686 438 686 437 687 437 709 429 709 421 705 396 656 396 646 391 645 391 644 391 616 395 602 386 601 386 601 386 600 386 599 386 584 394 553 394 533 387 533 387 532 387 531 387 507 395 490 386 490 386 489 386 488 386 469 391 415 388 414 388 413 388 412 388 404 393 389 386 388 386 387 386 386 386 368 391 316 387 315 387 314 387 313 387 300 396 275 397 242 397 230 387 229 387 228 387 227 387 170 397 153 397 135 387 134 387 134 387 87 393 49 387 48 387 47 387 46 387 40 391 41 422"/></Shape>
            <String CONTENT="extollat quæ deus præſtitit homini, dominus ſeruo, cõ" HPOS="40.0" VPOS="386.0" WIDTH="669.0" HEIGHT="53.0" WC="0.9966646256270232"/>
          </TextLine>
          <TextLine ID="line_9" TAGREFS="LT8" BASELINE="41 465 707 464" HPOS="40.0" VPOS="433.0" WIDTH="667.0" HEIGHT="46.0">
            <Shape><Polygon POINTS="41 465 42 479 57 474 67 478 67 478 68 478 69 478 70 478 77 474 216 478 217 478 261 474 362 478 363 478 390 474 441 477 441 477 442 477 443 477 450 473 495 477 496 477 706 475 707 464 705 436 674 433 673 433 638 439 631 434 630 434 629 434 574 433 573 433 572 433 571 433 561 440 509 440 488 433 487 433 486 433 485 433 484 433 477 440 445 440 432 433 431 433 430 433 399 437 374 433 373 433 297 440 286 434 285 434 251 434 251 434 250 434 249 434 242 440 237 435 236 435 235 435 234 435 213 440 174 434 173 434 172 434 160 440 90 440 77 434 76 434 52 434 51 434 50 434 40 437 41 465"/></Shape>
            <String CONTENT="ditor creaturæ? Hæc Ambroſius. Peccant igitur in" HPOS="40.0" VPOS="433.0" WIDTH="667.0" HEIGHT="46.0" WC="0.9942280563215414"/>
          </TextLine>
          <TextLine ID="line_10" TAGREFS="LT8" BASELINE="41 510 708 508" HPOS="40.0" VPOS="475.0" WIDTH="668.0" HEIGHT="51.0">
            <Shape><Polygon POINTS="41 510 41 526 73 520 147 525 148 525 149 525 159 519 220 525 220 525 221 525 222 525 233 519 264 519 276 525 277 525 278 525 304 521 346 525 347 525 348 525 349 525 358 518 385 518 425 518 436 523 437 523 438 523 501 518 527 525 527 525 528 525 612 518 632 525 633 525 634 525 672 525 672 525 673 525 674 525 685 518 707 518 708 508 707 482 687 475 687 475 686 475 647 479 634 475 633 475 632 475 631 475 617 481 600 475 599 475 598 475 597 475 574 481 550 475 549 475 548 475 547 475 546 475 536 482 459 482 452 476 451 476 450 476 449 476 412 481 374 475 374 475 325 482 233 476 232 476 231 476 215 483 129 483 103 476 102 476 101 476 87 482 64 477 63 477 40 482 41 510"/></Shape>
            <String CONTENT="gratiam euangelicam qui ideo auertuntur à Chriſto" HPOS="40.0" VPOS="475.0" WIDTH="668.0" HEIGHT="51.0" WC="0.9824503862857819"/>
          </TextLine>
          <TextLine ID="line_11" TAGREFS="LT8" BASELINE="40 551 708 553" HPOS="39.0" VPOS="519.0" WIDTH="669.0" HEIGHT="50.0">
            <Shape><Polygon POINTS="40 551 39 562 117 568 118 568 119 568 129 562 147 568 148 568 149 569 178 569 178 568 179 568 180 568 187 562 200 568 201 568 202 569 227 569 227 568 228 568 229 568 239 562 270 568 271 568 299 562 351 567 352 567 463 564 470 569 471 569 472 569 472 569 473 569 495 563 513 569 514 569 515 569 515 569 530 563 584 563 596 569 597 569 598 569 707 564 708 553 707 528 662 521 661 521 660 521 650 526 635 520 634 520 633 520 599 527 588 520 587 520 586 520 565 520 564 520 564 520 563 520 553 528 510 528 501 520 500 520 499 520 476 520 475 520 474 520 473 520 464 527 455 520 454 520 453 520 426 520 425 520 424 520 411 528 386 528 371 519 370 519 369 519 321 526 298 519 297 519 296 519 295 519 278 527 253 527 244 519 243 519 242 519 241 519 207 520 206 520 205 520 195 527 116 527 106 519 105 519 104 519 104 519 40 525 40 551"/></Shape>
            <String CONTENT="ad diuos quod ſint peccatores. Chriſtus enim qui pec" HPOS="39.0" VPOS="519.0" WIDTH="669.0" HEIGHT="50.0" WC="0.9981576467935855"/>
          </TextLine>
          <TextLine ID="line_12" TAGREFS="LT8" BASELINE="40 597 707 595" HPOS="39.0" VPOS="564.0" WIDTH="668.0" HEIGHT="50.0">
            <Shape><Polygon POINTS="40 597 40 607 120 607 154 612 155 612 156 612 157 612 165 607 214 613 215 613 241 607 249 613 250 613 251 613 251 614 276 614 276 613 277 613 278 613 285 607 315 607 347 613 348 613 349 613 374 606 390 612 391 612 392 612 392 612 406 606 435 606 444 612 445 612 446 612 447 613 504 613 504 612 505 612 521 606 531 612 532 612 533 612 533 613 681 613 681 612 682 612 707 605 707 595 705 571 680 571 671 565 670 565 669 565 668 565 668 565 656 569 642 566 641 566 640 566 639 566 638 566 631 571 541 571 521 564 520 564 519 564 518 564 498 570 472 564 471 564 449 568 409 564 408 564 407 564 406 564 398 570 298 565 297 565 296 565 286 570 256 565 255 565 254 565 253 565 245 571 225 566 224 566 223 566 159 571 114 565 113 565 112 565 111 565 104 570 99 566 98 566 98 566 97 566 55 567 54 567 39 572 40 597"/></Shape>
            <String CONTENT="catoribus natus est dicit, Venite ad me omnes qui la¬" HPOS="39.0" VPOS="564.0" WIDTH="668.0" HEIGHT="50.0" WC="0.9892889643615147"/>
          </TextLine>
          <TextLine ID="line_13" TAGREFS="LT8" BASELINE="40 641 708 641" HPOS="40.0" VPOS="610.0" WIDTH="668.0" HEIGHT="46.0">
            <Shape><Polygon POINTS="40 641 40 649 62 654 63 654 87 650 104 655 105 655 106 656 154 656 154 655 155 655 167 650 211 654 212 654 251 650 277 655 278 655 324 650 341 655 342 655 343 655 535 651 590 655 591 655 625 651 655 655 656 655 708 649 708 641 708 611 683 610 682 610 681 610 668 616 607 610 606 610 605 610 593 616 567 610 566 610 565 610 552 617 525 617 516 611 515 611 515 611 514 611 513 611 506 614 463 610 462 610 461 610 445 617 343 617 335 610 334 610 333 610 297 610 296 610 295 610 294 610 286 615 265 610 264 610 263 610 263 610 251 617 136 617 110 610 109 610 71 616 62 610 61 610 61 610 40 610 40 641"/></Shape>
            <String CONTENT="boratis &amp; onerati eſtis &amp; ego reficiam uos. Nec est" HPOS="40.0" VPOS="610.0" WIDTH="668.0" HEIGHT="46.0" WC="0.9958242306522295"/>
          </TextLine>
          <TextLine ID="line_14" TAGREFS="LT8" BASELINE="41 684 707 684" HPOS="41.0" VPOS="651.0" WIDTH="666.0" HEIGHT="52.0">
            <Shape><Polygon POINTS="41 684 41 703 65 703 65 702 66 702 88 694 110 695 119 702 120 702 121 702 122 703 195 703 195 702 196 702 218 694 232 699 233 699 233 700 233 699 234 699 248 694 330 694 353 702 354 702 355 702 395 694 463 702 464 702 507 701 508 701 522 694 544 694 553 701 554 701 555 701 556 701 557 701 582 694 609 702 610 702 611 703 641 703 641 702 707 693 707 684 707 659 675 658 666 651 665 651 664 651 663 651 619 659 570 659 564 654 564 654 563 654 562 654 538 658 487 651 486 651 485 651 484 651 476 658 450 654 449 654 423 658 404 653 403 653 402 653 401 653 387 658 379 651 378 651 377 651 355 651 354 651 290 658 280 651 279 651 278 651 257 651 256 651 255 651 254 651 243 659 172 659 154 651 153 651 104 651 104 651 103 651 102 651 98 655 84 652 83 652 82 652 41 658 41 684"/></Shape>
            <String CONTENT="quod quisquam obtendat ſcelerum ſuorum magnitu¬" HPOS="41.0" VPOS="651.0" WIDTH="666.0" HEIGHT="52.0" WC="0.9913517959574436"/>
          </TextLine>
          <TextLine ID="line_15" TAGREFS="LT8" BASELINE="39 727 709 727" HPOS="39.0" VPOS="697.0" WIDTH="670.0" HEIGHT="48.0">
            <Shape><Polygon POINTS="39 727 39 738 96 739 105 744 106 744 107 745 145 745 145 744 146 744 147 744 153 739 216 744 217 744 246 739 297 744 298 745 351 745 351 744 352 744 361 739 426 744 427 744 485 739 502 744 503 744 503 744 564 739 645 744 646 744 709 739 709 727 704 703 689 697 688 697 627 697 626 697 625 697 625 697 615 704 588 704 580 697 579 697 578 697 577 697 545 703 532 697 531 697 530 697 498 703 482 697 481 697 480 697 441 698 415 703 400 697 399 697 398 697 398 697 385 704 206 704 191 699 190 699 190 699 119 703 108 698 107 698 39 698 39 727"/></Shape>
            <String CONTENT="dinem &amp; numerum: expendat potius Pauli uerba cõ¬" HPOS="39.0" VPOS="697.0" WIDTH="670.0" HEIGHT="48.0" WC="0.9902585221796619"/>
          </TextLine>
          <TextLine ID="line_16" TAGREFS="LT8" BASELINE="42 771 709 771" HPOS="42.0" VPOS="738.0" WIDTH="667.0" HEIGHT="50.0">
            <Shape><Polygon POINTS="42 771 42 787 65 781 109 781 114 785 115 785 116 785 116 785 155 782 163 787 164 787 165 787 165 787 201 781 216 787 217 787 218 788 239 788 239 787 240 787 241 787 251 781 304 785 305 785 353 781 367 787 368 787 368 788 467 788 467 787 468 787 469 787 477 781 509 786 509 786 510 786 511 786 520 781 541 785 542 785 543 785 544 785 550 781 558 787 558 787 559 787 560 787 608 781 708 781 709 771 705 744 685 738 684 738 643 738 642 738 641 738 625 745 601 738 600 738 599 738 564 742 552 738 552 738 551 738 550 738 549 738 538 745 424 745 414 738 413 738 412 738 411 738 411 738 395 745 373 745 363 738 362 738 361 738 361 738 360 738 335 745 267 745 253 738 252 738 251 738 251 738 224 745 198 738 197 738 196 738 196 738 179 745 159 738 158 738 157 738 156 738 141 745 116 738 115 738 114 738 113 738 99 744 82 738 81 738 80 738 42 741 42 771"/></Shape>
            <String CONTENT="ſolationis plenißima. Vbi enim pronuntiaſſet Chri¬" HPOS="42.0" VPOS="738.0" WIDTH="667.0" HEIGHT="50.0" WC="0.988993204832077"/>
          </TextLine>
          <TextLine ID="line_17" TAGREFS="LT8" BASELINE="42 813 705 816" HPOS="42.0" VPOS="781.0" WIDTH="663.0" HEIGHT="51.0">
            <Shape><Polygon POINTS="42 813 42 830 61 825 120 825 125 830 126 830 127 830 128 830 148 826 159 831 159 831 160 831 199 825 245 831 246 831 247 831 261 825 311 831 312 831 340 826 352 831 353 831 354 831 375 827 413 831 414 831 415 831 433 826 500 826 516 832 517 832 518 832 549 827 588 832 588 832 616 827 662 832 662 832 705 828 705 816 705 788 685 782 684 782 683 782 682 782 664 791 647 791 633 783 632 783 599 782 598 782 597 782 596 782 582 791 563 782 562 782 530 782 529 782 528 782 527 782 516 791 475 791 464 785 463 785 462 785 461 785 448 791 398 791 368 782 367 782 366 782 365 782 349 791 325 791 306 782 306 782 305 782 304 782 280 790 274 785 273 785 272 785 271 785 240 789 181 781 180 781 128 789 115 783 114 783 113 783 112 783 95 788 78 781 77 781 55 781 54 781 53 781 52 781 42 787 42 813"/></Shape>
            <String CONTENT="ſtum ueniſſe in mundum ut peccatores ſaluos faceret," HPOS="42.0" VPOS="781.0" WIDTH="663.0" HEIGHT="51.0" WC="0.988747415634302"/>
          </TextLine>
          <TextLine ID="line_18" TAGREFS="LT8" BASELINE="42 858 708 860" HPOS="41.0" VPOS="826.0" WIDTH="667.0" HEIGHT="50.0">
            <Shape><Polygon POINTS="42 858 41 874 73 874 73 874 104 868 185 874 186 874 187 874 199 868 239 868 249 874 250 874 251 874 251 875 274 875 274 874 275 874 276 874 282 868 308 874 309 874 310 874 328 868 386 873 387 873 431 868 446 874 447 874 447 874 448 874 459 868 488 874 489 874 490 874 500 868 509 875 510 875 511 875 512 876 559 876 559 875 560 875 578 868 626 875 627 875 628 875 642 868 707 868 708 860 706 831 623 833 605 828 604 828 603 828 602 828 587 834 532 834 501 827 475 827 474 827 473 827 472 827 466 832 460 827 459 827 458 827 394 827 393 827 392 827 375 833 357 826 356 826 355 826 318 832 276 826 275 826 274 826 263 832 191 832 166 826 165 826 165 826 164 826 152 833 130 833 104 826 103 826 102 826 88 832 42 832 42 858"/></Shape>
            <String CONTENT="protinus ſe exempli gratia adiecit dicens, Quorum" HPOS="41.0" VPOS="826.0" WIDTH="667.0" HEIGHT="50.0" WC="0.9995167231073185"/>
          </TextLine>
          <TextLine ID="line_19" TAGREFS="LT8" BASELINE="42 904 709 904" HPOS="42.0" VPOS="871.0" WIDTH="667.0" HEIGHT="50.0">
            <Shape><Polygon POINTS="42 904 42 920 94 914 110 920 111 920 112 920 113 920 128 914 151 920 152 920 153 920 239 914 278 918 279 918 348 914 356 920 357 920 358 920 359 920 395 914 413 920 414 920 415 920 475 914 489 920 490 920 490 920 563 915 588 920 589 921 684 921 684 920 685 920 709 913 709 904 705 878 664 871 642 871 641 871 640 871 639 871 630 878 598 873 597 873 577 877 560 871 559 871 558 871 558 871 530 879 506 879 496 872 495 872 494 872 493 872 492 872 482 877 469 872 468 872 467 872 466 872 454 878 438 871 437 871 436 871 435 871 411 879 336 879 324 872 323 872 322 872 321 872 303 878 262 871 261 871 260 871 244 878 229 871 228 871 179 871 178 871 177 871 165 878 139 878 119 871 118 871 85 871 85 871 42 878 42 904"/></Shape>
            <String CONTENT="primus ego ſum. Cæterum uocula Primus in præſenti" HPOS="42.0" VPOS="871.0" WIDTH="667.0" HEIGHT="50.0" WC="0.9973932674952916"/>
          </TextLine>
          <TextLine ID="line_20" TAGREFS="LT8" BASELINE="41 947 708 947" HPOS="41.0" VPOS="914.0" WIDTH="667.0" HEIGHT="47.0">
            <Shape><Polygon POINTS="41 947 41 954 69 959 70 959 91 955 166 955 176 960 177 960 177 960 200 956 207 960 208 960 208 960 209 961 255 961 255 960 256 960 269 955 310 960 311 960 374 955 452 960 453 960 453 960 467 955 562 955 578 959 579 959 580 959 605 956 619 960 620 960 621 961 707 961 708 947 707 921 619 916 618 916 588 920 574 914 573 914 572 914 571 914 556 921 527 921 519 914 518 914 517 914 516 914 422 920 411 914 410 914 409 914 376 919 337 914 337 914 336 914 335 914 326 921 294 921 276 914 275 914 274 914 141 918 119 914 118 914 117 914 116 914 109 921 41 921 41 947"/></Shape>
            <String CONTENT="non est ordinis ſed excellentiæ perinde ualens ac præ" HPOS="41.0" VPOS="914.0" WIDTH="667.0" HEIGHT="47.0" WC="0.9965607411456558"/>
          </TextLine>
          <TextLine ID="line_21" TAGREFS="LT8" BASELINE="41 990 709 990" HPOS="41.0" VPOS="957.0" WIDTH="668.0" HEIGHT="51.0">
            <Shape><Polygon POINTS="41 990 41 1001 56 1007 57 1007 58 1007 157 1002 201 1002 215 1007 216 1007 217 1007 265 1002 347 1007 348 1007 377 1002 399 1007 400 1007 401 1008 557 1008 557 1007 586 1002 668 1007 669 1007 670 1007 671 1007 680 1002 709 1002 709 990 705 965 692 965 681 957 680 957 680 957 679 957 678 957 656 964 451 957 450 957 449 957 427 965 347 965 320 959 319 959 319 959 303 964 268 959 267 959 251 962 239 958 238 958 237 958 196 964 143 957 142 957 141 957 141 957 134 961 100 957 99 957 98 957 84 961 41 957 41 990"/></Shape>
            <String CONTENT="cipuus &amp; maximus. Fuerat enim blaſphemus perſe¬" HPOS="41.0" VPOS="957.0" WIDTH="668.0" HEIGHT="51.0" WC="0.9976842061002203"/>
          </TextLine>
          <TextLine ID="line_22" TAGREFS="LT8" BASELINE="41 1034 710 1033" HPOS="40.0" VPOS="1001.0" WIDTH="670.0" HEIGHT="50.0">
            <Shape><Polygon POINTS="41 1034 41 1051 66 1050 67 1050 67 1050 76 1043 203 1043 210 1047 211 1047 212 1047 213 1047 237 1043 272 1050 273 1050 274 1050 285 1044 328 1043 343 1047 344 1047 345 1047 382 1043 415 1049 416 1049 460 1044 466 1049 467 1049 468 1049 469 1050 554 1050 554 1049 555 1049 578 1042 668 1049 668 1049 669 1049 670 1049 680 1042 709 1042 710 1033 707 1007 515 1008 497 1001 496 1001 453 1001 452 1001 451 1001 435 1009 392 1009 376 1001 375 1001 374 1001 318 1002 317 1002 291 1009 245 1005 244 1005 212 1009 201 1002 200 1002 199 1002 198 1002 122 1006 98 1002 98 1002 40 1010 41 1034"/></Shape>
            <String CONTENT="quutor uiolentus parricida. Quid iſtis poterat exco¬" HPOS="40.0" VPOS="1001.0" WIDTH="670.0" HEIGHT="50.0" WC="0.9913737647808515"/>
          </TextLine>
          <TextLine ID="line_23" TAGREFS="LT8" BASELINE="41 1078 709 1078" HPOS="41.0" VPOS="1044.0" WIDTH="668.0" HEIGHT="48.0">
            <Shape><Polygon POINTS="41 1078 41 1092 709 1090 709 1078 705 1051 684 1051 675 1044 674 1044 674 1044 544 1044 543 1044 542 1044 541 1044 530 1052 481 1052 470 1045 469 1045 468 1045 467 1045 466 1045 441 1052 394 1052 380 1045 379 1045 378 1045 313 1051 286 1044 285 1044 284 1044 283 1044 257 1051 231 1045 230 1045 229 1045 219 1050 193 1045 192 1045 191 1045 169 1051 115 1044 114 1044 41 1047 41 1078"/></Shape>
            <String CONTENT="gitari atrotius? At hæc omnia condonauit illi Chriſtus" HPOS="41.0" VPOS="1044.0" WIDTH="668.0" HEIGHT="48.0" WC="0.9853219952848222"/>
          </TextLine>
          <TextLine ID="line_24" TAGREFS="LT8" BASELINE="41 1118 708 1121" HPOS="40.0" VPOS="1087.0" WIDTH="668.0" HEIGHT="50.0">
            <Shape><Polygon POINTS="41 1118 40 1127 56 1132 57 1132 58 1132 222 1131 263 1136 264 1136 302 1131 355 1136 355 1136 356 1136 369 1130 387 1134 388 1134 389 1134 390 1134 391 1134 398 1130 456 1130 467 1136 468 1136 469 1136 538 1131 547 1137 548 1137 549 1137 550 1137 588 1137 588 1137 588 1137 589 1137 600 1131 706 1131 708 1121 707 1088 682 1088 681 1088 680 1088 663 1095 633 1088 632 1088 596 1094 582 1088 582 1088 543 1088 542 1088 541 1088 526 1095 485 1088 484 1088 484 1088 464 1095 428 1088 427 1088 376 1088 375 1088 374 1088 368 1094 355 1088 355 1088 354 1088 353 1088 352 1088 341 1095 318 1088 317 1088 316 1088 315 1088 300 1095 190 1095 175 1088 174 1088 173 1088 172 1088 155 1095 114 1095 67 1087 66 1087 41 1092 41 1118"/></Shape>
            <String CONTENT="dominus. Nemo ergo in ſceleribus ſuis deſperet. Imò" HPOS="40.0" VPOS="1087.0" WIDTH="668.0" HEIGHT="50.0" WC="0.9855424406436774"/>
          </TextLine>
          <TextLine ID="line_25" TAGREFS="LT8" BASELINE="40 1165 705 1165" HPOS="40.0" VPOS="1132.0" WIDTH="665.0" HEIGHT="52.0">
            <Shape><Polygon POINTS="40 1165 40 1175 78 1183 79 1183 134 1176 156 1176 171 1183 171 1183 172 1183 226 1182 226 1182 227 1182 233 1178 255 1183 256 1183 257 1183 288 1176 323 1176 331 1183 332 1183 333 1183 334 1183 381 1176 404 1183 405 1183 406 1183 407 1183 429 1176 462 1183 463 1183 508 1176 535 1176 554 1183 555 1183 556 1184 631 1184 631 1183 631 1183 632 1183 642 1176 704 1180 705 1165 705 1138 680 1132 679 1132 652 1137 607 1137 601 1132 600 1132 599 1132 598 1132 449 1137 437 1132 436 1132 435 1132 394 1137 352 1132 351 1132 350 1132 336 1138 212 1138 159 1132 159 1132 134 1137 118 1132 117 1132 116 1132 116 1132 115 1132 105 1138 68 1138 54 1132 53 1132 52 1132 51 1132 40 1137 40 1165"/></Shape>
            <String CONTENT="ne quis obijceret, Tametſi Paulo tanta obtigit gratia," HPOS="40.0" VPOS="1132.0" WIDTH="665.0" HEIGHT="52.0" WC="0.9931068166538521"/>
          </TextLine>
          <TextLine ID="line_26" TAGREFS="LT8" BASELINE="42 1206 710 1208" HPOS="42.0" VPOS="1176.0" WIDTH="668.0" HEIGHT="50.0">
            <Shape><Polygon POINTS="42 1206 42 1223 294 1217 331 1224 331 1224 395 1219 410 1224 411 1224 411 1224 468 1220 475 1225 476 1225 477 1225 478 1226 508 1226 508 1225 509 1225 531 1218 579 1218 588 1224 589 1224 590 1224 591 1224 592 1224 607 1218 658 1223 659 1223 660 1223 674 1218 681 1224 682 1224 683 1224 708 1225 710 1208 708 1177 681 1181 650 1177 650 1177 620 1184 603 1184 595 1177 595 1177 594 1177 593 1177 592 1177 576 1184 523 1184 513 1177 512 1177 511 1177 510 1177 509 1177 485 1183 456 1177 455 1177 411 1183 373 1179 372 1179 326 1182 319 1176 318 1176 317 1176 316 1176 269 1177 268 1177 255 1182 42 1180 42 1206"/></Shape>
            <String CONTENT="eadem tamen non obtinget omnibus, præocupat illud" HPOS="42.0" VPOS="1176.0" WIDTH="668.0" HEIGHT="50.0" WC="0.9873022607394627"/>
          </TextLine>
          <TextLine ID="line_27" TAGREFS="LT8" BASELINE="42 1253 708 1250" HPOS="41.0" VPOS="1220.0" WIDTH="667.0" HEIGHT="48.0">
            <Shape><Polygon POINTS="42 1253 42 1267 65 1268 66 1268 67 1268 67 1268 79 1261 110 1261 122 1268 122 1268 123 1268 124 1268 170 1261 261 1261 273 1267 274 1267 275 1268 367 1268 367 1267 400 1261 411 1266 411 1266 412 1266 413 1266 428 1260 448 1267 449 1267 450 1267 534 1266 535 1266 548 1261 610 1266 611 1266 612 1266 625 1259 707 1259 708 1250 707 1227 690 1220 689 1220 688 1220 687 1220 663 1226 580 1220 579 1220 578 1220 566 1225 542 1221 541 1221 540 1221 522 1226 505 1220 504 1220 503 1220 503 1220 476 1227 420 1221 419 1221 391 1228 336 1228 327 1221 326 1221 325 1221 305 1221 304 1221 303 1221 302 1221 293 1227 247 1223 246 1223 214 1228 205 1222 204 1222 203 1222 158 1222 157 1222 131 1228 124 1222 123 1222 122 1222 99 1222 98 1222 41 1229 42 1253"/></Shape>
            <String CONTENT="&amp; ait, Ideo autem miſericordiam adeptus ſumut in" HPOS="41.0" VPOS="1220.0" WIDTH="667.0" HEIGHT="48.0" WC="0.9754162219663461"/>
          </TextLine>
          <TextLine ID="line_28" TAGREFS="LT8" BASELINE="40 1296 703 1298" HPOS="39.0" VPOS="1262.0" WIDTH="664.0" HEIGHT="60.0">
            <Shape><Polygon POINTS="40 1296 39 1308 85 1319 85 1319 86 1319 110 1312 151 1319 152 1319 153 1319 162 1314 172 1320 173 1320 174 1320 175 1321 224 1321 224 1320 225 1320 247 1312 282 1321 282 1321 283 1322 343 1322 343 1321 344 1321 360 1313 398 1310 413 1321 414 1321 415 1321 482 1322 483 1322 484 1322 520 1311 533 1315 534 1315 535 1315 536 1315 553 1311 702 1311 703 1298 702 1271 546 1264 546 1264 545 1264 530 1271 482 1271 459 1270 448 1263 447 1263 447 1263 381 1263 380 1263 380 1263 360 1269 334 1263 333 1263 332 1263 314 1269 300 1263 300 1263 299 1263 264 1269 254 1262 253 1262 252 1262 251 1262 251 1262 229 1268 207 1262 206 1262 205 1262 171 1269 140 1269 128 1262 127 1262 126 1262 125 1262 105 1267 59 1263 58 1263 57 1263 40 1267 40 1296"/></Shape>
            <String CONTENT="me primo oſtenderet Ieſus Chriſtus omnẽ clementiam" HPOS="39.0" VPOS="1262.0" WIDTH="664.0" HEIGHT="60.0" WC="0.9596358198745578"/>
          </TextLine>
        </TextBlock>
      </PrintSpace>
    </Page>
  </Layout>
</alto>
