1000 1547
215 74 352 51 AD TIM. CAP. III.

640 70 74 47 124

39.0 126.0 664.0 59.0 primis & in genere flagitat ut qui cæteris deſtinati

39.0 161.0 663.0 65.0 ſunt cenſores morũ et magiſtri innocentiæ, accuſato

38.0 204.0 663.0 65.0 res ſcelerũ et omnis iniquitatis extirpatores, caueant

38.0 248.0 666.0 65.0 ſibi quàm diligentißime ne in ipſis hæreat tenatius

38.0 296.0 660.0 62.0 quod alijs uolunt ademptum. Iamuero per partes &

36.0 336.0 669.0 62.0 ueluti ſpecies ſubiectas exponit quomodo fiant irre¬

38.0 376.0 661.0 70.0 prehenſibiles epiſcopi, ſi uidelicet ſint unius uxoris

38.0 426.0 668.0 60.0 mariti. Quo membro commendatur pudicitia & ca¬

38.0 464.0 671.0 67.0 ſtitas cõiugalis, damnatur impudicitia, ſcortatio, adul

39.0 508.0 670.0 66.0 terium & impuritas carnis. Quibus ſi epiſcopi pollu

39.0 550.0 671.0 66.0 ti ac contaminati ſint, ſordebit plebi uniuerſa ipſorũ

41.0 597.0 668.0 66.0 inſtitutio, aperietur́ tum fornicationi tum adulterio

42.0 640.0 669.0 67.0 porta patentißima. Nam qua fronte qua authoritate

43.0 683.0 669.0 68.0 quo deni affectu ſcortationem damnabit aut adulte

44.0 731.0 665.0 60.0 ros accuſabit qui omnium maximus & ſcortator &

44.0 770.0 668.0 66.0 adulter est? Cæterum ſi quis pudice uiuit cœlibem́

45.0 816.0 671.0 63.0 uitam agit non cogitur ulla dei lege connubio ſe irre¬

46.0 860.0 671.0 61.0 tire. Bonum enim est mulierem non tangere præcipue

49.0 904.0 670.0 60.0 ob incommoditates uarias quæ uerbi miniſtrum perſe

49.0 945.0 671.0 70.0 quutionis procella ingruente quatiunt at obturbãt.

54.0 990.0 669.0 65.0 Verum ſi ea gratia homini data non estut ſine uxo¬

52.0 1036.0 672.0 60.0 re commode poßit uiuere, melius eſt contrahere ma¬

53.0 1074.0 672.0 69.0 trimonium quàm uri. Ne uero ſacroſanctũ miniſteri

55.0 1117.0 672.0 69.0 um polluit coniugiũ ſanctũ. Nã apoſtolus, Honorabile

56.0 1161.0 673.0 70.0 eſt, inquit, cõnubiũ apud omnes & cubile impollutũ.

62.0 1204.0 670.0 82.0 Son ita ſanctũ domini inſtitutũ polluit ſanctum dei

542.0 1262.0 43.0 46.0 4

601.0 1262.0 24.0 53.0 A

714.0 376.0 124.0 36.0 Vnius uxo

708.0 403.0 127.0 43.0 ris maritus
