1000 1547
343.0 93.0 493.0 44.0 COMMENT. IN I. EPIST.

276.0 146.0 662.0 48.0 ſe dei eſſe non ſua uoluntate, hoc est quod id muneris

275.0 186.0 663.0 52.0 ſibi ob compendium aut gloriam uindicarit, ſed dei

273.0 232.0 664.0 48.0 uocatione & ordinatione. Nam κατ ἐπιταγίμ

274.0 274.0 664.0 50.0 idem pollet ac ſi quis dicat iuxta iniunctionem. ErrIrα

275.0 320.0 662.0 49.0 TIouenim est iniungere, aliquid officij delegare &

272.0 361.0 662.0 52.0 mandare quidpiam. Hoc ipſo parat ſibi authoritatem,

271.0 406.0 662.0 51.0 ut quod paulò poſt propoſiturus est maius grauius́

270.0 449.0 667.0 50.0 habeat põdus. Quaſi diceret, Apoſtolus ſum, proinde

270.0 490.0 674.0 54.0 quæ traditurus ſum nõ meo ſed illius ſpiritu pfectaſũt

270.0 538.0 668.0 48.0 qui me miſit, ut iam horum meorum præceptorũ con

269.0 580.0 668.0 50.0 temptus in illum redundet. Deinde ſummam totius e¬

269.0 622.0 667.0 51.0 uangelij perſtringit. Prædicat enim Deum eſſe ſaluato

269.0 666.0 667.0 51.0 rem beneficum & miſericordem qui dederit nobis fi¬

269.0 711.0 673.0 49.0 Iium ſuum in argumentum concordiæ quam inierit

269.0 754.0 666.0 44.0 nobiſcum & uitæ ſempiternæ, quam nobis omnibus

267.0 797.0 668.0 52.0 conferre uelit. Vnde ipſe dominus Ieſus ſpes & expe¬

266.0 841.0 668.0 48.0 ctatio ſalus & ſummum bonum est omniũ fidelium.

266.0 883.0 662.0 51.0 Maledicti autem ſunt qui confidunt in hominem &

266.0 927.0 668.0 48.0 diuos creaturásue alias ſpes ſuas uocãt. Ierem.17. Ger¬

266.0 971.0 668.0 51.0 manum ſiue yvήσiop filium uocat uerum & ingenu

266.0 1017.0 665.0 51.0 um qui moribus & genio patrem omnino referebat.

266.0 1060.0 668.0 50.0 Nam ad Philippenſes, Neminem, ait Paulus, habeo pa

266.0 1106.0 667.0 44.0 ri mecum animo præditum qui germane res ueſtras cu

265.0 1145.0 667.0 50.0 raturus ſit. Et ne quis carnalem filium eſſe Pauli Timo

265.0 1190.0 669.0 48.0 theum crederet, adiecit, In fide. Nam & de Corinthijs

268.0 1233.0 663.0 66.0 ſcribit apoſtolus, In Chriſto Ieſu per euangelium ego

877.0 1288.0 55.0 48.0 006
