1000 1547
208.0 112.0 328.0 48.0 AD TIM. CAP. I.

654.0 116.0 44.0 48.0 95

30.0 168.0 671.0 51.0 aut non magnifaciunt uel hanc non unice obſeruant

30.0 205.0 669.0 56.0 incidunt in errores uarios. Inde ſequitur in Paulo, Nec

30.0 248.0 671.0 57.0 attendant fabulis & genealogijs nunquam finiendis.

30.0 291.0 671.0 57.0 Fabulas Iudaicas non uocauit ſacras literas aut ſcriptu

30.0 333.0 672.0 59.0 ras propheticas ſub figurarum inuolucro maxima cõ

30.0 378.0 673.0 58.0 tinentes myſteria, ſed cõſtitutiunculas humanas de qui

30.0 425.0 670.0 51.0 bus in euangelio legere est apud Matth.in15. & 23.

30.0 470.0 673.0 52.0 cap.Item Marci 2.Huc pertinere crediderim quæ ma¬

33.0 511.0 670.0 56.0 gno cum ſupercilio tradebant de iuſti ficationibus car£

33.0 554.0 668.0 57.0 nis, de lotione hoc est uarijs baptiſmatum generibus,

32.0 597.0 673.0 57.0 de ciborum delectu, de circumciſione, de obſeruatio¬

34.0 643.0 671.0 57.0 ne dierum, id́ genus alijs nugis. Nam ad Titum, Re¬

35.0 684.0 673.0 59.0 darguito illos ſeueriter ait ut ſani ſint in fide, non at¬

36.0 729.0 670.0 57.0 tendentes ludaicis fabulis & præceptis hominum a¬

36.0 775.0 672.0 55.0 uerſantium ueritatem. Et perplexa erat ſeries genea¬

36.0 817.0 669.0 57.0 logiæ us ab auis ac pauis tritauis́ repetita. Glori¬

39.0 860.0 671.0 56.0 abãtur Iudæi in carne, iactabãt ſe ſemen eße Abrahæ.

40.0 903.0 669.0 60.0 Quilibet ſuos recenſebat maiores, at ita occupaban

39.0 948.0 672.0 55.0 tur rebus nihili. Hæc uero pro ratione illorum tempo

40.0 991.0 672.0 58.0 rum præſcripta ſunt Timotheo, nos obſeruare debe¬

41.0 1037.0 672.0 55.0 mus ſimilia. Similia apud nos ſunt quæ prodiderunt

42.0 1078.0 671.0 59.0 monachi & ſacrifici de delectu ueſtium, ciborum, die

43.0 1125.0 663.0 53.0 rum, de luſtratione, uotis, peregrinationibus, diuis, &

42.0 1167.0 673.0 55.0 id genus ſuperſtitionibus & fabulis innumeris. Hæreti

42.0 1211.0 674.0 56.0 ci quo, ut eſt apud Irenæum & Tertullianum, non

42.0 1253.0 669.0 67.0 modo uerborum monſtra commenti ſunt ſed nexus er
