1000 1547
280.0 171.0 306.0 54.0 ditum eſt mihi.

324 244 619 52 Occupatio est, meminerat enim legis, ſugillauerat

281 281 661 59 matæologos & uanos legis doctores: in loco ergo ſub

282 327 664 58 iungit, Nequaquam uero hæc dicimus quod Moſaicam

282 369 664 56 legem damnemus. Bona est lex. Nam uoluntas dei ma

283 412 664 57 la eſſe non poteſt. At lex dei uoluntas est. Proinde Pau

283 456 664 56 lus legis abuſum damnauit non ipſam legem dei bo¬

283 498 666 58 nam. Abuſus legis quis ſit nemo neſcire poteſt ex ſupe

284 544 665 54 rioribus. Cum enim noſtro uitio Iudæorum more bene

284 585 666 57 dicta legis corrumpimus aut in diuerſam ſententiam

284 631 664 53 trahimus, & aduerſus legislatoris ſententiam inter¬

288 675 663 56 pretamur, lege abutimur. Porrò uſus legis uerus est

288 719 659 56 ſi ſciamus iuſto legem non eſſe poſitam ſed iniuſtis,

288 763 664 55 quæ ſententia propter breuitatem obſcura est. Hæc

288 802 665 53 autem est ratio eius, Lex non in hoc à deo lata est ut

288 847 667 57 iuſtificet, ergo ex lege non est iuſtitia. Cæterum data

288 891 668 54 est ut nos deduceret ad Chriſtum, Galat.3. Iam qui ad

288 937 665 50 Chriſtum uenerunt liberantur à peccatis, mundantur

288 978 669 55 ſanguine Chriſti, & iuſtificantur pura dei gratia. Qui

287 1020 669 56 uero iuſtificati ſunt à lege liberi ſunt, ipſum enim legis

288 1064 670 55 propoſitum & ſcopum Chriſtum tenent. Deinde libe

288 1108 671 53 rati ſunt à legis maledictione & onere per Chriſtum

288 1152 669 53 cuius ſpiritu imbuti & regenerati impulſu charitatis

288 1196 671 55 ultro plus præſtant quàm ipſa lex præſcribat. Amant

289 1237 669 67 igitur hilegem quam bonam imò optimam eſſe inſu¬

378.0 116.0 450.0 45.0 COMMENT. IN I. EPIST.

930.0 1291.0 26.0 53.0 is
