1000 1547
300.0 183.0 661.0 56.0 ptura cor purum ſiue mundum duplicato cordi aul

300.0 220.0 660.0 65.0 lacero aut imperfecto. Ita enim ſæpe in ſacris literis le

300.0 262.0 662.0 67.0 gimus quoſdã toto & perfecto corde ambulaſſe cum

301.0 309.0 662.0 61.0 domino, hoc est uere & recte & ſynceriter uitam ſu

302.0 350.0 664.0 65.0 am ad uoluntatem dei inſtituiſſe, alios autem corde du

306.0 397.0 661.0 64.0 plici & imperfecto. 4.Regum 20. orat Ezechias ad

305.0 437.0 661.0 64.0 dominũ, Obſecro domine memento quæſo quomodo

304.0 480.0 665.0 63.0 ambulauerim coram te in ueritate & in corde perfe¬

306.0 526.0 663.0 63.0 cto & quod placitum est coram te fecerim. Ita 4.Re¬

311.0 566.0 658.0 68.0 gum 10.cap. Iehuh ad Ionadab ait, Nunquid est cor

311.0 612.0 658.0 61.0 tuum rectum cum corde meo ſicut cor meum cum cor

311.0 654.0 662.0 64.0 de tuo? Et apud Germanos uſurpamus iſta uocabula

311.0 697.0 661.0 64.0 Reyn vnò luter hoc modo, ut cum dicimus, Le iſt

312.0 741.0 658.0 59.0 reyn golò ( Luter bũberey (Æuterlich ourch

315.0 779.0 660.0 58.0 Gott ſhoc est ſolius dei nomine, Nil aliud quàm aurũ

316.0 823.0 659.0 63.0 & nequitia est. Ita charitas ex puro corde profici¬

317.0 868.0 659.0 61.0 ſcens ea est quæ uni deo ex integro adhæret & uni¬

318.0 910.0 662.0 60.0 cum complectitur ardentißime, nec quicquam huic in

319.0 954.0 660.0 58.0 orbe antehabet. Id quod tot uerbis propter illos incul

319.0 998.0 661.0 63.0 co qui nihil non tribuunt humanis uiribus, deniq; pu¬

319.0 1042.0 660.0 61.0 ritatem ab homine neſcio quam abſolutam requirunt,

321.0 1085.0 656.0 58.0 non expendentes interim idiomata ſacræ linguæ &

322.0 1131.0 659.0 57.0 quod Solomon dixit Prouer.2o. Quis poteſt dicere

324.0 1172.0 657.0 58.0 mundum est cor meum, purus ſum à peccato? Et Iob

325.0 1216.0 658.0 58.0 25.Quid te eleuat cor tuũ? Quid est homo ut immacu

326.0 1259.0 654.0 69.0 latus ſit & ut iuſtus appareat natus de muliere? Ecce

343.0 134.0 475.0 49.0 COMMENT. IN I. EPIST.

936.0 1309.0 46.0 47.0 in¬
