1000 1547
293.0 171.0 658.0 48.0 beati dei, hoc est ipſum euangelium glorioſum. Glori

294.0 207.0 659.0 55.0 oſum appellat illud ideo quod gloriam dei & lucem

294.0 250.0 660.0 56.0 puram prædicet, ut est 2. Corinth.3.4. Adijcit præte¬

293.0 290.0 660.0 58.0 rea Deo epitheton Beatus ut ſignificet dei perfectio¬

293.0 332.0 662.0 60.0 nem qui ſibi ſatis ſit & noſtris minime indigeat, quin

294.0 380.0 663.0 55.0 potius ſalutem et fœlicitatem ſuam nobiſcum commis

293.0 421.0 664.0 56.0 nicare cupiat. Particula, Quod concreditum est mihi

293.0 467.0 666.0 56.0 appenſa est ut ex ipſa ſubtexantur conſequentia. Ca¬

295.0 508.0 663.0 57.0 talogus uero peccatorum qui à Paulo contextus hic

294.0 554.0 665.0 56.0 legitur, in alijs locis propè expoſitus est, perſtringe¬

297.0 599.0 660.0 52.0 mus tamen ſingula. Aυόμεοισ iniuſtis uertit interpres,

297.0 640.0 665.0 55.0 aduerbum ſignificat ex legibus, exponiturq́; hæc uox

300.0 681.0 660.0 58.0 per conſequentem, ἀνυποτάκτοισ id est inobſequẽ

298.0 727.0 664.0 55.0 tibus, ad uerbũ inordinatis. Intelligit enim pertinacis

298.0 768.0 665.0 57.0 malitiæ nebulones qui nulla lege in ordinem cogi poſ¬

300.0 812.0 663.0 57.0 ſunt. ἀσεβέσι impijs. Hi ſunt anumines qui nullum

298.0 855.0 665.0 54.0 dei cultum nullam religionem curant ſed affectus du¬

301.0 898.0 663.0 57.0 ces ſequuntur. αμαρτωλοῖσ peccatoribus. Intelle¬

301.0 941.0 664.0 55.0 xit autem ſub his elatos, auaros, inuidos, luxurioſos, et

304.0 988.0 662.0 51.0 ſi quid aliud est huius ordinis. ανοσ ιoισ irreuerenti

303.0 1031.0 664.0 51.0 bus hoc est nephandis & atrocibus. Βεꝑήλοισ pro¬

306.0 1072.0 661.0 56.0 phanis ſiue impuris at pollutis. Græci enim &έθη¬

305.0 1118.0 663.0 52.0 Az, uocabant ſacra ad quæ & impuris liber erat ac¬

305.0 1160.0 660.0 56.0 ceſſus Patricidis at Matricidis capitalis quoq; pœ¬

306.0 1204.0 660.0 55.0 na cõſtituta est Leuit.2o. ανδ ροφονοισ homicidis, ut

306.0 1246.0 659.0 65.0 referas tam ad mares quàm fœminas. Ad uerbũ enim

386.0 113.0 468.0 49.0 COMMENT. IN I. EPIST.

922 1294 38 54 ſo¬
