1000 1547
318 149 663 48 præſtolentur, ut́ uocati iam ſanctos & Deo dignos

319 189 664 53 agere poßint epiſcopos. Hæc qui faciunt ſtudioſi bo¬

319 235 663 49 num deo́ gratißimum opus faciunt. At hunc ſco¬

322 277 660 51 pum præfixum ſibi habebunt quotquot hodie ex ec¬

319 320 663 49 cleſiæ ærario ad miniſteria eccleſiaſtica aluntur. De

318 364 664 51 nomenclatura epiſcopi annotauimus quædam in 2o.

315 407 667 45 caput Act. apoſto. & in alia nonnulla Pauli loca. Se¬

316 448 665 54 quitur nunc ſimulachrum ueri epiſcopi, quod apoſto¬

314 492 667 52 lus ſuis attributis hoc est coloribus egregie pinxit. Im

313 533 666 57 primis iubet epiſcopũ eſſe ἀνεπίλντομ irreprehen

315 580 664 50 ſibilem, hoc est qui tam ſit uitæ inculpatæ ut nullo iu¬

313 623 662 51 re reprehendi poßit. Excipimus enim hic iniurias &

313 666 665 54 calumnias, quibus impij uel optime meritos de pietate

314 712 664 49 & bonis omnibus nunquam non grauarunt. Apoſtoli

313 752 664 53 Pauli ſtudiũ reprehẽdebatur ab impijs omnibus, inte

312 795 665 53 rim tamen ipſe irreprehenſibilis erat apud omnes ſan

311 838 666 54 ctos, qui rectius iudicabant de uirtutibus & uitijs. Ex

310 881 666 54 cipimus præterea uitia at peccata. Nam nemo aliâs

312 925 664 52 uiuit qui non aberret & peccet. Chriſtum ſolum ne¬

311 968 664 53 mo peccati arguere poterat. De ſceleribus & impu¬

310 1008 661 57 dentiore conuerſatione intelligo hunc Pauli locum,

309 1053 665 54 ut uidelicet in epiſcopo exigat ſummum innocentiæ

312 1095 662 55 ſtudium, ne quod recte & ſancte docet, praua & im¬

311 1141 662 52 pura uita deſtruat. Quis enim patientibus auribus au

308 1184 664 54 diat impurum aliquem de ſanctimonia interna & ex

308 1226 662 62 terna ſancte licet diſputantem? Proinde apoſtolus im

377 96 479 47 COMMENT. IN I. EPIST.

184 535 112 37 Irreprehe

185 561 81 44 ſibilis.

908 1285 60 45 pri¬
