1000 1547
44 180 668 47 quo́ in nos maximi. Miſericordiam & gratiam pol¬

43 217 667 56 licitus est patribus noſtris, idem in Chriſto fidelißime

43 262 618 56 omnia præſtitit. At huc pertinet quod ſequitur.

201 128 329 45 AD TIM. CAP. I.

110 319 601 57 Certus ſermo & dignus quem

42 372 668 61 modis omnibus amplectamur, qͦd

44 424 663 59 Chriſtus leſus uenit in mundum,

43 479 668 62 ut peccatores ſaluos faceret, quo¬

44 532 668 65 rum primus ſum ego. Verũ ideo

42 585 672 62 miſericordiam ſum adeptus ut in

44 639 669 62 me primo oſtenderet leſus Chri¬

47 695 667 58 ſtus omnem clementiam, ad expriᛘ

46 750 669 58 mendum exemplar ijs qui credituᛘ

47 804 667 57 ri eſſent in ipſo in uitã æternam.

648 130 57 48 103

94 868 613 49 Planioribus & copioſoribus uerbis prædicat graᛘ

51 908 646 55 tiam euangelicam ſui́ exempli fructum oſtendit, hiſ

48 951 666 53 ce omnibus fidem in Chriſtum docens. Præmittit au¬

48 997 669 52 tem exordiolum quo paret auditorum animos ad res

49 1041 665 52 maximas. πιςόσ, ait, ολόγοσ, μαηι πάσησ ἀποδlo¬

56 1083 661 55 χηῖς ἄξιοσ. Id est, hoc uerbũ ſiue hæc ſentẽtia quam

53 1127 663 56 propoſiturus ſum fidelis uera & certißima est, di¬

54 1173 661 53 gnaq́ multis nominibus quam ſummo ſtudio & ob¬

52 1216 665 53 uijs ulnis quod dici ſolet excipiamus amplectamur peᛘ

50 1258 666 62 ctori noſtro aſtringamus arctißime. Iam ſubiungit

726 863 119 48 Iuidens e¬

717 902 97 36 uangelij

717 930 129 42 prædicatio
