1000 1547
77 148 622 51 Vbi uero immiſcet quod ipſis præ cæteris uoluit

34 184 664 60 eſſe commendatißimum, ut cauerent ſibi à quæſtioni¬

34 229 528 59 bus & diſputationibus curioſis ſpinoſis́.

186 94 346 50 AD TIM. CAP. I.

77 285 618 45 Stilus congruit argumento. Inſtitutiones enim fa¬

32 317 670 55 eili & dilucido ſtilo exarandæ ſunt. Et facilia & ex¬

33 360 671 56 poſita in hac ſunt omnia. Aiunt ſcriptam à Laodieea

33 405 670 55 Carica. De qua re annotaui quædam in 4, cap. ad Co¬

32 446 672 59 loß. Verum parũ retulerit unde hanc ſcripſerit ſiue¬

32 489 671 57 è Macedonia ſiue ex Aſia. In hac certè nõ diu hæſiſſe

33 537 672 55 legitur à tumultu Epheſino. Protinus enim ſoluit ie

36 578 669 56 Macedoniam inde transgreſſus in Græciam, à qua ite

35 621 672 57 rum in Macedoniam ueniens breuißimo temporis ſpa

36 666 669 59 cio nauigauit in Syriam, ex hac uero captiuus Ro¬

36 717 180 45 mam ducitur.

657 120 5 27 2

703 272 78 37 Stilus.

712 788 122 55 CAP. I.

61 941 123 9 P

221 794 473 68 AVLVS apoſtolus le¬

220 850 492 67 ſu Chriſti, iuxta delegati¬

224 914 489 57 onem Dei ſeruatoris no¬

41 961 671 66 ſtri, & domini noſtri leſu Chriſti,

43 1015 669 67 qui eſt ſpes noſtra, Timotheo gerᛘ

42 1067 671 64 mano filio in fide, Gratia, miſeri¬

44 1124 673 68 cordia, pax à Deo patre noſtro &

44 1178 667 63 domino leſu Chriſto dño noſtro.

92 1244 628 55 Inſcriptione hac duo inſinuat. Primum apoſtolum

501 1296 36 41 m

556 1328 22 0 5
