1000 1547
353 151 595 59 Et gratiam habeo, qui me po¬

286 198 664 63 tentem reddidit Chriſto Ieſu do¬

286 255 664 60 mino noſtro, quia fidelem me iu¬

285 311 667 61 dicauit ponendo in miniſterium

287 362 662 61 qui prius eram blaſphemus & perᛘ

284 413 666 61 ſequutor & uiolentus, ſed & miſe¬

284 464 664 66 ricordiam adeptus ſum, quod ig¬

284 526 666 56 norãs fecerim per incredulitatem.

285 578 666 60 Exuberauit autem ſupra modum

288 629 664 61 gratia domini noſtri cum fide &

288 681 662 64 dilectione, quæ eſt per Chriſtum

287 737 145 70 leſum.

369 99 488 44 COMMENT. IN I. EPIST.

152 794 126 69 De dei gr.

154 836 48 42 tia.

331 800 619 49 Dixerat ſibi conereditum eſſe euangelium, porrò

285 844 667 52 ne uideretur hoc iactaſſe glorioſius, Deo cui ſolo om¬

286 886 666 55 nis honor debetur omnem gloriam transſcribit. Ei in¬

286 931 666 55 quam gratias ago, inquit, qui imbecillo & huic mune

285 973 667 57 ri longe impari uires ſuffecit, quibus gloriam Chriſti

285 1017 667 55 domini aſſererem, idem iudicauit me fore fidelem per

286 1061 669 54 ſuam gratiam, ideo in miniſteriũ uerbi aſciuit, ut mea

286 1104 668 53 opera in uerbi diſpenſatione uteretur. Ego enim nihil

287 1147 666 55 tale merueram benefitijs meis, qui fueram blaſphemus

288 1191 663 54 &c. Iia multis nũc agit de ſalutifica dei gratia neq

291 1233 662 67 præter occaſionem. Perpetuo enim inſtitutum & ſe¬

895 1283 60 44 ries
