1000 1547
361 159 597 67 Qua repulſa nonnulli circa fi¬

294 214 668 64 dem naufragium fecerunt, quorũ

294 264 668 67 de numero eſt Hymenæus & Ale¬

294 324 670 68 xander, quos tradidi ſathanæ, ut

296 380 481 58 diſcant non maledicere.

386 111 472 48 COMMENT. IN I. EPIST.

337 459 628 52 Contrario exemplo ad finem huius cauſæ appen¬

298 500 667 60 ſo ad fidem & diligentiam deni conſtantiam paſto

297 546 670 53 ralem animat. Congruit autem finis huius capitis cum

298 589 668 58 principio. In principio dixit finem præcepti eſſe cha¬

297 633 671 51 ritatem ex conſcientia bona & fide non ficta, à qui¬

299 677 669 52 bus quod aberrarint quidam deflexerint ad uanilo¬

300 720 663 56 quium adeò turpe ut non amplius intelligant ſeipſos,

300 763 675 54 ne quid aſſerant norint. In fine autem dicit Hymenæ

300 807 662 55 um & Alexandrum cum nonnullis alijs repuliſſe fi¬

300 849 670 51 dem & charitatem & ideo circa fidem id est uera re

301 891 668 58 ligionis capita feciſſe naufragium impegiſſe́ in ſco

303 935 668 56 pulos perfidiæ. Veriſimile autem est Alexandrũ hoc

302 978 669 55 ipſum quod Hymenæum ſenſiſſe, de cuius ſententia in

303 1023 668 56 poſteriori epiſtola ſcribens, Hymenæus inquit & Phi¬

303 1068 669 50 letus circa ueritatem aberrarunt dicentes reſurrectio

302 1111 669 52 nem iam eſſe factam, & ſubuertunt quorundam fi¬

303 1155 670 51 dem. De qua re dicemus ſuo loco. Proprie autem alle

313 1193 657 63 goriam duxit ab ijs qui faciunt naufragium. Tutißi¬

304 1241 668 68 ma enim nauis in uaſto hoc mundi errorum & ſcele¬

175 1206 126 49 Tuta nauis

174 1247 98 46 ueritas.

901 1293 69 58 rum
