1000 1547
201.0 97.0 318.0 45.0 AD TIM. CAP. I.

633.0 101.0 74.0 39.0 102

41.0 155.0 663.0 43.0 ries diſputationis Paulinæ reuocanda est ob oculos,

42.0 189.0 665.0 54.0 nempe quod Timotheum & in hoc omnem epiſco¬

42.0 232.0 669.0 55.0 pum fidelem adhortatur ut reiectis fabulis ſanam do¬

41.0 275.0 669.0 55.0 ctrinam eccleſijs tradant, deinde quod certis quibuſ¬

41.0 321.0 666.0 51.0 dam notis præcipua ſanæ doctrinæ capita adumbrat,

39.0 363.0 670.0 54.0 in quibus primas tenet charitas, interim & deuſu le¬

41.0 409.0 669.0 53.0 gis nonnihil diſputauit, & docuit euangelio quo ea

42.0 452.0 667.0 55.0 proſcribi & damnari peccata at ſcelera quæ dam¬

41.0 496.0 670.0 54.0 nentur per legem quo. Sequitur nunc breuis diſſer¬

40.0 540.0 671.0 53.0 tatio de Gratia dei. Nam hæc non poſtremas partes

41.0 582.0 669.0 54.0 obtinet inter præcipua ſanæ doctrinæ capita. Hic uero

41.0 627.0 670.0 53.0 cum in docendo & demonſtrando exemplis nihil ſit

42.0 672.0 669.0 52.0 euidentius, ipſe non alieno ſed ſuo exemplo propoſito

44.0 716.0 668.0 53.0 docet quanta ſit propenſa illa dei in nos uoluntas hoc

43.0 758.0 667.0 54.0 est gratia & beneficentia. Vt uero omnia eſſent eui¬

45.0 802.0 668.0 54.0 dentißima proprium ſuum peccatum amplificat ut uis

47.0 845.0 667.0 55.0 & opulens gratia ex effectu maximo quàm propri¬

46.0 890.0 670.0 51.0 ißime cognoſceretur. Vocauit inquit me dominus ad

45.0 934.0 666.0 55.0 miniſteriũ uerbi, qui eram blaſphemus, perſequutor

48.0 977.0 660.0 56.0 ηα) ὐ Βρις ήσ id est iniurius oppreſſor uiolentus &

47.0 1023.0 667.0 50.0 confidenter improbus petulans & contumelioſus. Hiſ

47.0 1066.0 668.0 52.0 ce ergo gradibus exaggerat peccatum ſuum. Primus

51.0 1111.0 664.0 50.0 gradus est conuitiari ſuggillare uerbum domini a¬

49.0 1151.0 661.0 52.0 deo́ maledicere & blaſphemare. Secundus à male¬

49.0 1196.0 664.0 49.0 dicis uerbis deſcendere ad malefacta, hoc est ad con¬

50.0 1241.0 662.0 61.0 ſilia praua ad inſidias & perſequutionem, Tertius
