1000 1547
290 163 665 51 didicerunt in quem finem lex à deo nobis per Moſen

290 202 665 53 data ſit: non equidem ut rebus ludicris daremus ope¬

290 246 666 51 ram, ut externis iuſtificationibus purgaremus noſmete

292 288 664 53 ipſos, ut traditiunculis phariſaicis ſeruiremus deo, ut

292 331 663 55 in genealogijs enarrandis & huiuſmodi fabulis alijs

292 379 665 50 occuparemur, ſedut Deum & proximum noſtrum

292 420 665 51 uere & ex animo diligeremus. Hic autem non legis

293 462 664 53 modo Moſaicæ ſed omnium prophetarum quoq; ſco¬

290 507 667 53 pus est. Ideo in euangelio ſecundum Marcum legimus

292 552 664 52 interroganti legiſperito quodnam eſſet præcipuum

293 595 658 52 & primarium omnium præceptorum? reſpondiſſe,

292 636 665 54 Primum omnium præceptum est, Audi Iſrael domi¬

293 680 664 53 nus Deus noſter dominus unus est. Et diliges dominum

294 726 663 51 deum tuum ex toto corde tuo & ex tota anima tua

294 768 664 51 & ex tota mente tua & ex totis uiribus tuis. Hoc est

294 810 665 53 primum præceptum. Et ſecundum ſimile hoc est, Di¬

295 855 663 53 liges proximum tuum ut teipſum. Maius his aliud præ

296 897 661 54 ceptum non est. Additur apud Matthæum, In his duo¬

295 941 663 52 bus mandatis uniuerſa lex & prophetæ pendent. Se¬

296 984 661 54 gtur in Marco, Et dixit legiſperitus, Bene præceptor

294 1027 665 55 in ueritate dixiſti, quod unus ſit Deus & non| fit alius

296 1072 658 53 præter illum quod́ diligere eum ex toto corde &

294 1114 665 53 ex tota intelligentia & ex tota anima & ex totis ui¬

304 1156 656 54 ribus ac diligere proximum ut ſeipſum plus ſit quàm

297 1200 663 55 uniuerſa holocauſtomata & uictimæ. Hinc ergo ſtul¬

299 1245 659 65 tißimos & ſcripturarum prorſus ignaros eſſe appa¬

373 108 489 46 COMMENT. IN I. EPIST.

163 513 106 39 Mar. 12.

163 898 126 50 Matth. 22

166 1184 114 47 1. Reg. 15

913 1290 49 56 ret
