1000 1547
23 160 670 58 bona & fide nõ ſimulata, à quibus

24 214 667 59 quod aberrarunt quidam deflexe¬

22 271 671 54 runt ad uaniloquium, uolentes eſᛘ

22 322 670 57 ſe legis doctores non intelligentes

24 379 667 59 quæ loquuntur, ne de quibus aſᛘ

24 433 195 51 ſeuerant.

200 108 356 47 AD TIM. CAP. I.

65 513 611 53 Ediſſerit nunc quis ſit ſcopus & quæ ſumma pu¬

23 557 657 50 ræ doctrinæ, à qua prohibet nos deflectere, charitas ui

21 601 665 53 delicet. Omnis inquit ſcriptura, et omnia dei inſtituta,

22 646 669 48 omnes deni leges dei in hoc intendunt ut charitatem

24 688 662 52 nobis commendent. Πlαραγγἐλεμ est præcipere,

23 732 669 49 denuntiare interdicere & monere. Inde ταραγγελ

24 777 668 50 Ai&, quo uerbouſus est hic Paulus præceptum ſigni¬

25 819 668 50 ficat ædictum denuntiationem & admonitionem. Id

25 863 668 53 quod non tam legi Moſaicæ quàm uniuerſæ ſcripturæ

24 909 670 49 competit. Et Hebræi legem uocantes nn Thora

24 952 668 50 quaſi quis dicat directorium, frequentius non ipſum

24 993 669 51 decalogum ſed omnem doctrinam & inſtitutionem

23 1038 670 51 intelligunt. Quod ſi quis contendat non omnem ſcri¬

24 1081 669 51 pturam per præceptum ſed legem tantum eſſe intelli¬

26 1126 668 51 gendam, iam hic erit uerborũ Pauli ſenſus, Qui fabu¬

25 1168 666 45 las Iudaicas docent & in umbris ſuam exercent pale¬

25 1210 670 52 ſtram ſubinde quidem legem Moſis iactitant adducũt

24 1254 669 65 adhibent́ demonſtrationibus ſuis, cæterum nondum

648 108 46 57 96

690 506 131 38 Scopus le¬

687 534 135 40 gis & toti¬

688 566 134 37 us ſcriptu¬

689 591 133 37 ræ eſt chas

696 618 60 47 ritas.
