1000 1547
324.0 140.0 491.0 49.0 COMMENT. IN I. EPIST.

286.0 195.0 661.0 50.0 curioſæ, humanæ conſtitutiones, et aliæ his ſimiles nu¬

288.0 228.0 661.0 63.0 gæ tractentur. A quibus inquit quod aberrarunt qui¬

288.0 272.0 663.0 61.0 dam. Id est, ab hoc ſcopo quoniam aberrarũt quidam

290.0 313.0 661.0 63.0 (alluſit autem ad imperitos ſagittandi) ideo deuolu

288.0 358.0 663.0 62.0 ti ſunt in ματαιολογ ίαμ id est in uaniloquiũ, id eſt

290.0 403.0 662.0 58.0 diſſertationem quæ nihil differt ab anicularum nu¬

291.0 446.0 664.0 60.0 gis, quæ tametſi ſatis longæ ſint inanes tamẽ & elum

291.0 489.0 664.0 60.0 bes ſine fructu cadunt, adeo ut tandem ne ipſæ quidem

291.0 532.0 663.0 61.0 quid dixerint norint. Vnde in Paulo ſequitur, Volen¬

292.0 577.0 664.0 60.0 tes eſſe legis doctores non intelligentes quæ loquun¬

292.0 619.0 665.0 60.0 tur aut de quibus aſſeuerant. Idem uſuuenit hodie no¬

294.0 661.0 663.0 64.0 ſtris quo Theologiæ doctoribus. Nam licet ſtrenue

295.0 706.0 664.0 60.0 & ſubtiliter totos dies in ſcholis ſuis diſputent de in¬

295.0 745.0 667.0 63.0 ſtantibus, de formalitatibus, & relationibus, de reali

296.0 792.0 663.0 60.0 tatibus & friuolis argutijs ſuis, nullus ad auditores re

297.0 834.0 665.0 59.0 dit fructus, nec ipſi ſeſe interim intellexerunt. Diſputa

296.0 876.0 665.0 60.0 runt & apud hæreticos quidam plus quàm credi poſ¬

300.0 920.0 661.0 60.0 ſit acute, ſed nullo cum fructu. Inuenias item hodie

299.0 963.0 660.0 61.0 quoſdã & inter eos qui uideri uolunt euangelicißimi,

301.0 1009.0 662.0 61.0 qui prolixe & prorſus ſeraphice pneumaticeq́ com¬

300.0 1051.0 663.0 60.0 mentantur de deo, de religione, de regeneratione, de

303.0 1093.0 659.0 62.0 fide iuſtificante, de ſacramentis & ſanctimonia uitæ,

301.0 1137.0 664.0 57.0 uerum ea ratione ut auditores intellexerint quidem

301.0 1181.0 664.0 60.0 de magnis rebus eſſe diſputatum ſed non probe perce

302.0 1223.0 663.0 63.0 perint quales illæ aut quis eius diſputationis uſus. Nec

303.0 1267.0 661.0 70.0 mirum cum non raro ipſi ſcriptores uel oratores ut

870.0 1314.0 92.0 51.0 dicant
