1000 1547
30 143 667 52 ſuperiora quæ Paulus uoluerit indubitata eſſe, quod

30 179 667 53 uidelicet dixit mulierem ſeruari gignendis et recte in

29 223 669 57 ſtituendis liberis. Videtur autem referenda eſſe ad con

30 268 661 58 ſequentem Epiſcopi deſcriptionem ut ſit occupatio

30 311 669 57 quædam. Ambiebant enim quidam hanc functionem

29 356 671 53 ob dignitatem ac quæſtum & non uocati ſe ingere¬

29 398 671 56 bant, clamantes honeſtum eſſe quod appeterent. Hic

27 442 671 56 uero Apoſtolus Epiſcopi munus ſanè (inquit) nemo ne

28 483 670 60 ſcit honeſtum eſſe munus, & qui hoc concupiſcit ut

28 527 671 60 proſit, honeſto quidem illum deſiderio flagrare. Hic

26 569 675 61 uero addendum quod inabſolutam ſententiam perfi¬

28 615 675 58 ciat, Verum ad hanc functionem non quilibet ſed ſe¬

28 660 673 58 lectißimus quis appoſitus est:ne omnes illã appe¬

27 706 668 54 tunt ut proſint. Quidam enim quæſtum, honores, &

29 747 674 58 tyrannidem ſpectant. At Epiſcopus non tam dignita¬

30 789 671 60 tis quàm officij ac miniſterij beneficij́ nomen eſt.

31 831 673 64 Quæ ſi uera ſunt ut falſa eſſe nequeũt quæ ſpirituſſan

30 876 675 57 ctus prodidit, concidit hic omnis epiſcoporum Ponti

31 920 674 58 ficiorum authoritas, damnati ſunt præterea ambitus

30 966 675 57 quotquot ex doctis hodie quo non uocati ob hono¬

30 1006 679 60 res & opes aſſequendas huic ſancto ſe dei miniſterio

31 1050 678 62 ingerunt. Nec est quod illi nobis quo functionis pre

33 1094 678 60 cium & honeſtatem obijciant, curent illi potius ut iu

32 1140 677 57 ſta uia in hoc miniſterium uocentur & ingrediantur,

32 1182 682 54 ut interim ſancti ſint, ut uni Deo & ueræ pietati con

33 1224 681 71 ſecrati, in́ lege domini exercitati uocationem iuſtam

153 91 434 43 AD TIM. CAP. III.

619 88 71 49 123

701 250 128 39 Contra am

704 278 68 46 bitum.

547 1282 60 50 a 3
