1000 1547
42 175 668 48 ret doctores humanarũ traditionũ ceremoniarũ́ ma

45 209 662 56 giſtros quorũ unicum ſtudiũ estut miſeram plebecu¬

41 251 659 60 lam onerent & implicitam ritibus ſuperſtitioſis in ex

39 298 661 56 terna exerceant diſciplina. Atqui unum erat neceſſa

39 337 667 62 riũ et ſine iſtis per ſe abſolutũ, quo neglecto fruſtra in

40 384 665 54 ſumitur omnis et labor et ſumptus, Charitas uidelicet

37 427 662 59 ea́ gemina. Charitas ergo gemina à nobis exigitur,

36 470 668 60 charitatẽ geminã præcipit ubi dominus, charitatis

41 515 645 59 deni opa reqret à nobis iudicaturus uiuos et mortu,

37 559 666 54 os. Quin ergo deſertis ſtultulis traditionibus ad chari

36 600 667 60 tatẽ conuertimur, deũ́ ipſum in Chriſto diligimus, et

37 648 664 53 proximum noſtrũ nõ modo non lædimus ſed omni mo

36 689 665 54 do beneficentia iuuamus. Ad hæc nitendum omnibus.

34 733 668 56 Hæc inculcanda ſunt omnibus & perpetuo. In his e¬

31 776 670 55 nim id est in fide & charitate conſiſtit uera pietas. Fi

32 819 669 58 dem autem oportet eſſeueram & charitatem ſynce¬

32 862 662 56 ram. Hinc in euangelio dominus non contentus dixiſ¬

34 908 656 58 ſe, Diliges dominum deum tuum & proximũ tuum,

32 951 666 54 inſuper modum & rationem præſcribens addit, Exto

30 996 669 54 to corde tuo & c. Ad eundem modum & Paulus in

32 1039 667 56 præſentiarum non ſolum dixit, Finis & ſcopus præ¬

30 1082 669 55 cepti est charitas, ſed ſubiungit ueræ charitatis condi

29 1125 670 55 tiones attributa & ingenium. Ex corde puro, id est in

30 1170 667 55 tegro et ſyncero adeo́ toto. Tantum enim ualet hæc

30 1213 666 58 loquutio quantum illa in euangelio, Diliges dominum

29 1258 666 62 ex toto corde & ex totis uiribus. Opponit enim ſcri¬

250 118 339 51 AD TIM. CAP. I.

705 269 107 43 Iſaiæ.28.

705 305 113 49 Lucæ, u1.

702 542 129 50 Matth. 25.

706 868 116 45 Charitatls

700 902 119 47 ingeniura,

539 1319 24 46 n
