1000 1547
54.0 160.0 668.0 45.0 Jonat uiricidis. Sed & Hebræi hanc uoculam Vir fre¬

55.0 193.0 662.0 57.0 quentißime uſurpant pro quouis homine. róevoie

55.0 242.0 665.0 48.0 ſcortatoribus. De quibus aliãs ſæpeut & de &̓ρσενο¬

53.0 282.0 662.0 50.0 κoίταισ maſculorum concubitoribus. ανδραποδι

53.0 325.0 669.0 54.0 sαῖσ plagiarijs ſiue furibus mancipiarijs. Vt enim iu

52.0 369.0 671.0 54.0 reconſultis ſacrilegi & abigei dicuntur, qui res uel

55.0 416.0 662.0 53.0 ſacras uel publicas ſuffurantur, qui aliena pecora &

52.0 458.0 669.0 52.0 iumenta abigunt & abducunt, ſic plagiarij dicuntur

53.0 503.0 670.0 51.0 qui aliena mancipia furto ſubducunt. Hoc enim furti

55.0 545.0 666.0 54.0 genus plagium dicitur iureconſultis. Late patet hoc

55.0 589.0 668.0 53.0 crimen, de quo legantur ueterum leges. Huc pertinet

54.0 634.0 669.0 52.0 mendatium. Sequitur ergo Lεύς αις mendacibus, ſub

55.0 678.0 668.0 51.0 quibus omnes compræhendimus artes hypocriticas et

56.0 721.0 663.0 52.0 impoſtorias. Periuri ſunt qui fidem datam frangunt,

55.0 766.0 668.0 50.0 ſacramentum datum polluunt, deni & quouis mo¬

55.0 807.0 670.0 53.0 do fallunt. Colligimus autem ex hiſce Pauli uerbis o¬

56.0 849.0 668.0 55.0 mnibus ad ſanam epiſcopi doctrinam non id tantum

55.0 894.0 669.0 52.0 pertinere ut omnes ad charitatem inuitet, libertatem

55.0 937.0 670.0 55.0 & redemptionem Chriſti prædicet, ſed ut libere quo¬

56.0 984.0 668.0 50.0 que conſtanter & cum authoritate accuſet ſcelera.

58.0 1026.0 669.0 45.0 Nam ubi hæc regnant ibi nullum locum habet uel

57.0 1069.0 666.0 49.0 charitas uel meritum Chriſti uel libertas Chriſtiana,

56.0 1112.0 668.0 54.0 In ſcelera igitur primam impreßionem faciat epiſco¬

61.0 1156.0 660.0 56.0 pus fidelis qui charitatem, meritum Chriſti & liber¬

56.0 1202.0 450.0 57.0 tatem recte fidelibus tradere cupit.

242.0 103.0 330.0 46.0 AD TIM. CAP. I.

693.0 105.0 57.0 51.0 101

510.0 1300.0 18.0 43.0 n
