1000 1547
71 147 551 49 ARGVMENTVM PRIMAE EPI¬

216 190 275 47 ſtolæ ad Timotheum.

24 349 68 45 E

112 272 565 52 X OMNIBVS epiſtolis Paulinis liquet Ti¬

100 313 585 50 motheum hũc abſolutißimæ cũ pietatis tum e¬

100 355 587 60 ruditionis fuiſſe exemplar: unde iam colligi¬

20 403 667 55 mus epiſtolam hanc non tam in ipſius gratiam eſſe

21 446 668 55 ſeriptam, qui uel non admonitus ſapiebat & omnia

20 490 669 57 faciebat recte, quàm in omnium aliorũ epiſcoporum

18 535 674 53 utilitatem qui per ſucceßionem temporum fuerant ee

19 574 661 61 cleſijs præficiendi. Proponit enim in hac abſolutißi¬

21 620 662 57 inum exemplar boni paſtoris & diligentis epiſcopi,

22 666 669 52 orationis filum ſecundum materiarum præſtantiam

24 709 515 57 & epiſcopi officia at attributa ducens.

638 91 41 49 94

690 269 104 49 Occanio.

65 759 634 47 Principio enim cum potißima epiſcopi functio ſit

23 795 670 54 Docere, initio admonet utreiectis omnibus fabulis quæ

24 839 670 55 ſtionibus́ curioſis & humanis traditionibus ea tra¬

24 882 669 58 dat quæ ſint charitatis & fidei ueræ. In his enim duo¬

25 928 533 55 bus capitibus contineri doctrinam ſanam.

692 578 100 60 Scopus.

64 966 627 61 Deinde cum ad epiſcopi quo curam pertineat

28 1014 668 56 præeſſe cœtui eccleſiaſtico, precibus ſacris & eccle¬

27 1057 672 56 ſiaſticis ritibus, ſecundo loco diſſerit de eo quomodo

28 1101 668 56 deprecationes & interpellationes fieri debeant pro

29 1144 669 56 omnibus hominibus, item quid hic deceat uiros quid

29 1195 140 53 mulieres.

724 758 19 52 1

714 972 40 55 4

80 1236 623 60 Quia uero plurimum momenti habet exemplum

504 1286 95 47 m 4

734 1236 15 60 3
