1000 1547
27 140 667 49 uos genui. Et fides ac ſynceritas Pauli in Timotheo ut

30 180 664 52 purißimo ſpeculo relucebat. Theophylactus, Miſeri¬

29 224 667 50 cordiam noue adiectam putat ex nimia amoris uehe¬

28 268 669 49 mentia. Domini uero nomen ideo geminauit, ut intelli

30 311 667 50 geremus diuinitatem & potentiam Chriſti. Vnde Pa¬

27 354 669 51 raphraſtes, Hic ut habet cum patre communia omnia

26 396 668 56 ita non fruſtratur ope ſua qui ſeſe totos ſemel ipſius fi¬

28 443 665 48 dei concrediderunt tanquam ſerui fideles ab optimo

30 485 663 57 ſimul & potentißimo hero modis omnibus pendẽtes.

196 88 330 46 AD TIM. CAP. I.

128 574 460 55 DOCTRINA SANA TRA¬

270 618 211 52 denda eccleſijs.

625 94 54 46 94

93 679 603 60 Quemadmodum rogaui te ut

29 734 668 61 remaneres Epheſi cum proficiſce¬

26 788 673 56 rer in Macedoniam ita facito ut deᛘ

29 840 669 61 nuncies quibuſdam ne diuerſam

30 893 667 60 ſequantur doctrinam, nec atten¬

30 947 671 68 dant fabulis & genealogijs nun¬

30 1007 669 61 quam finiendis, quæ quæſtiones

32 1059 662 62 præbent magis quàm ædificatio¬

30 1112 530 58 nem dei quæ eſt per fidem.

73 1183 618 54 Prima & potißima doctoris eccleſiaſtici ſiue epi¬

35 1222 658 77 ſcopi functio est docere. Ne quicquã eccleſia ha¬

694 1160 135 36 In quem fi¬

700 1186 131 39 nem inſtitu

696 1215 137 33 tum ſit mini

701 1237 133 62 ſteriñ uerbi
