1000 1547
376.0 94.0 482.0 44.0 COMMENT. IN I. EPIST.

277.0 146.0 663.0 46.0 bet maius aut utilius. Et ſathan huic imprimis inſidia¬

276.0 182.0 665.0 56.0 tur ut adulteret uitiet ſubuertat. Prima ergo epiſcopi

276.0 227.0 666.0 54.0 cura ſit doctrinam ſanam conſeruare illibatam. Pau¬

276.0 269.0 664.0 57.0 lus certè de hac primo præcipit & breui expoſitione

278.0 312.0 664.0 60.0 proponit in quem finem & uſum Epheſi reliquerit

279.0 357.0 663.0 55.0 Timotheum, ut ſcilicet doctrinam euangelicam aſſer¬

277.0 400.0 665.0 56.0 tione conſtanti tueretur aduerſus omnium incurſio¬

276.0 446.0 668.0 48.0 nes nebulas & ſubuerſiones. Conſtat enim omnes uer¬

276.0 489.0 668.0 55.0 bi miniſtros in hoc eſſe à Domino in eccleſia inſtitutos

277.0 533.0 665.0 54.0 ut doctrinam tradant ueritatis, errores & ſuperftitio

276.0 574.0 668.0 55.0 nes deſtruant. Ita enim Paulus, In hoc reliqui te Epheſi

276.0 622.0 668.0 52.0 ait, ut denuncies & cum authoritate ac grauitate tra

277.0 663.0 667.0 54.0 das quibuſdam curioſis & malæ fidei hominibus μù

276.0 707.0 666.0 53.0 ετεροδιιδεασκαλο͂ν, id est ne diuerſa doceãt, aut, ne

276.0 752.0 668.0 52.0 diuerſis utantur doctoribus. Est enim ambiguum uer¬

276.0 793.0 668.0 56.0 bum quod refertur ad utrum. Est autem una uera et

277.0 837.0 666.0 59.0 ſancta ueritatis doctrina quæ prodita est ſcripturis

276.0 883.0 668.0 52.0 canonicis. Huius doctores & authores ſunt prophe¬

276.0 925.0 667.0 55.0 tæ & apoſtoli ſpirituſancto inſpirati. Ab his non diſce

277.0 971.0 666.0 52.0 det paſtor bonus uel latum unguem, nec patietur quen

276.0 1012.0 669.0 55.0 quam eccleſiæ ſuæ diuerſos ab his doctores inferre cu¬

278.0 1057.0 666.0 55.0 pientem. Superioris ſæculi paſtores hac in parte pec¬

276.0 1103.0 668.0 49.0 carunt dum diuerſos doctores intromittentes diuer¬

276.0 1146.0 666.0 52.0 ſam quo ab apoſtolica doctrinam receperunt, qua re

276.0 1186.0 666.0 56.0 factum est ut tota eccleſia pluſquàm Iudaicis fabulis

276.0 1231.0 669.0 66.0 ſuerit oppleta. Qui enim ueritatis doctrinam deſerũt

890.0 1282.0 53.0 44.0 aut
