1000 1547
290.0 148.0 661.0 47.0 epiſcopi ſanctum, & prophanum ſiue impurum offi¬

289.0 188.0 663.0 50.0 cit plurimum, ideo epiſcopum cum tota familia depin

292.0 232.0 659.0 53.0 git qualis ſcilicet eſſe debeat & quid eum deceat qui

286.0 273.0 327.0 52.0 domui dei præfectus est.

234 313 27 66 4

381.0 96.0 450.0 43.0 ARGVMENTVM EPIST.

327.0 323.0 624.0 48.0 Veram doctrinam plerum ſequitur falſa ut um¬

288.0 361.0 660.0 53.0 bra corpus. Neſcit enim inimicus homo cõquieſcere,

289.0 406.0 663.0 52.0 ſemper́ malum ſemen agro dominico bono ſemine

289.0 449.0 663.0 53.0 ſe minato inſerere gliſcit: ſpecimen ergo huius exhibet

286.0 493.0 666.0 51.0 apoſtolus, partim ut ab erroribus caueremus, partim

285.0 538.0 667.0 49.0 ut tenacius adhæreremus doctrinæ ſanæ. At huc ma

287.0 579.0 665.0 52.0 xime uocat Timotheum, præſcribens quomodo ſe ge¬

287.0 622.0 664.0 52.0 rat quilibet epiſcopus in rerum diſcrimine. Omnia ue£

287.0 666.0 397.0 53.0 ro maximo ſpiritu proſequitur.

330.0 716.0 623.0 46.0 Hæc autem de doctrina ſana, de precibus ſacris, de

288.0 753.0 658.0 53.0 uita & moribus epiſcoporum, de doctrina falſa, &

286.0 794.0 668.0 53.0 quod aßidue laborandum ſit fideli agricolæ in uinea

288.0 838.0 665.0 54.0 domini, potißima ſunt huius epiſtolæ capita, quæ ſe¬

287.0 883.0 665.0 52.0 quuntur de uarijs rebus præcipiunt. Præſcribit enim

286.0 926.0 666.0 54.0 quomodo ſe gerat erga ſeniores, anus, iuuenes, & pu

285.0 969.0 666.0 53.0 ellas, item erga uiduas grandæuas & adoleſcentiores

284.0 1011.0 666.0 54.0 id est ætatis ſuſpectæ mulierculas, rurſus quomodo er

288.0 1054.0 665.0 58.0 ga epiſcopos ſiue preſbyteros, quid præſcribat ſeruis

281.0 1100.0 669.0 50.0 ac dominis. Ibidem & auaritiam accuſat & ἀυτόρο

285.0 1143.0 667.0 52.0 nβαp laudat, docens quantis cum periculis coniun¬

285.0 1184.0 660.0 62.0 ctum ſit ſtudium pecuniæ, item quis ſit uſus opum, &

286.0 1229.0 397.0 65.0 quæ ſint opulentiorum officia.

234 888 21 68 5

234.0 1101.0 25.0 50.0 5

868.0 1281.0 78.0 56.0 vbi
