1000 1547
39 175 670 47 tres, hæretici hoſtili exercitu in populum dei mouent.

40 207 670 57 Aduerſus horum artes inſidias & incurſiones uigila¬

40 253 669 56 re & populum dei ducere debet epiſcopus armatus

36 296 669 56 tota illa dei panoplia quam deſcripſit apoſtolus ad E¬

38 339 671 58 phe. 6.Et Paulus in præſentiarum adijcit in eandem

38 383 669 56 ſententiam, Habens fidem & bonam conſcientiam.

35 429 673 54 Prius enim monuit finem præcepti eſſe charitatem ex

34 471 673 54 conſcientia bona & fide non ſimulata. Hanc qui de¬

33 513 673 57 bet tradere alijs eius non ſit expers oportet. Hæc ex¬

36 561 669 53 pendant mihi epiſcopi noſtrorum temporum qui ni¬

33 602 672 53 hil aliud quàm prophanæ & maledictæ à Deo mili¬

34 646 671 57 tiæ cruentißimi milites & faces ſunt. Diſcant ſe ſub

32 690 673 52 cœleſtis & eccleſiaſticæ militiæ ſigna uocatos duces

32 735 673 56 uerbi & propugnatores populi dei aduerſus ſatha¬

32 778 672 55 nam ſcelera & hæreſes agere debere. Deſinant ergo

34 821 666 59 facere quod faciunt, & faciant quod dominus iubet,

32 866 671 55 aut horribile propediem expectent iudiciũ. Non igno

32 910 671 54 ro autem hæc Pauli uerba, Commendo tibi hoc præce

34 957 670 51 ptum κατὰ τάσ τροαγούσας ἐπ ί σε προφuτεί¬

32 998 669 55 αe, id est iuxta ad te præcedentes prophetias, aliter

31 1040 672 55 exponi ab alijs, nimirum in hanc ſententiam, Sicuti

36 1084 667 57 ſpiritu prophetiæ admonitus feci te epiſcopum, ita

32 1300 169 51 diem Chriſti.

218 117 342 48 AD TIM. CAP. I.

639 122 71 44 106

505 1322 22 48 o

567 1322 13 42 2

32 1130 670 51 iuxta eandem prophetiam nunc præcipio ut milites

33 1172 670 53 Jecundũ eandem prophetiam & illi reſpondeas. Ve¬

31 1216 672 54 rum iudicent lectores. Teneant autem epiſcopi ſan¬

33 1258 666 66 cti præceptum hoc ſancte & incontaminate uſ in
