1000 1547
80 164 631 44 Prædicationem gratiæ euangelicæ orando cum lau

40 201 671 51 de & gratiarumactione proſequitur, interim poten¬

39 244 673 54 tiam æterni dei prædicans ne quis diffideret pollicitis

38 287 667 55 tantis, quin cogitaret potius qualis ſit qui promiſit &

37 331 672 50 totius euangelicæ doctrinæ negotij́ ſalutis author

37 372 673 52 est:innuit præterea ſoli deo deberi omnem honorem

39 416 672 54 & gloriam, ex hac munificentia nihil ſibi homines

36 461 674 53 uindicare poſſe. Rex ſæculorum dicitur Deus, id est

36 511 678 45 rex æternus omnium ætatum & creaturarum condi¬

37 550 674 48 tor præſes rector & dominus. Idem dicitur immorta¬

36 591 675 53 lis ſiueαφθαρτόσ, id est incorruptibilis, qui ut corrũ

39 638 672 52 pi non poteſt & ſempiternus est, ita nullis affectioni¬

38 679 666 54 bus & infirmitatibus obnoxius. Inuiſibilis appellatur,

39 726 666 51 non quod non ſit, ſed quod immenſus ſit, & maior

38 768 672 52 quàm qui ſenſibus compræhendi poßit. Hic quidem

38 811 668 52 nobis ob imbeeillitatem carnis noſtræ inuiſibilis est,

37 856 672 49 ibi uero uidebimus eum ſicuti est. Solus ſapiens est

39 899 670 52 quemadmodum ſolus Deus bonus est. Omne enim bo¬

39 946 673 49 num à ſolo deo est, & quicquid boni in creaturis re¬

38 989 674 49 peritur, id omne à Deo profectum est. Solomon & Da

40 1033 672 50 niel mortalium ſapientißimi omnem ſapientiam uni

40 1077 671 48 Deo tribuunt. Notus est enim locus Danielis 2. cap.

42 1116 659 55 Theophylactus hunc ipſum Pauli locum enarrans e¬

42 1158 659 60 gregie ſcribit in hæc uerba, Soli autem ſapienti dixit,

41 1207 667 54 non quod pater à filio & ſpiritu ſancto ſeparatus ſit,

42 1251 668 68 ſed cum conſtet & angelos ſapientes dici & homi¬

207 106 335 49 AD TIM. CAP. I.

647 114 47 45 105

710 1104 132 53 Solus deus

712 1150 130 42 ſapiẽs quo

722 1177 71 43 nodos

534 1309 22 45 O
