1000 1547
55 189 665 52 inter ſanctos eius nemo immutabilis, & cœli non ſunt

55 226 662 61 mundi in conſpectu eius: quanto magis abominabilis

53 269 664 62 & inutilis homo, qui bibit quaſi aquam iniquitatem?

49 313 667 59 Sequitur autem in Paulo quod clarius exponit purita¬

47 354 669 61 tem iſtã, Conſcientia bona. Quaſi dicat, Ex puro cor¬

48 399 666 60 de, id eſt integra erit charitas ſi animus amantis bene

47 440 663 63 ſibi ſit conſcius. Id autem non fit meriti & operum

43 485 660 65 noſtrorum beneficio ſed fidei. Qui enim, ait dominus,

42 530 669 59 uenit ad me non eſuriet & qui credit in me non ſitiet

42 576 669 59 unquam. Et Paulus ad Romanos, Nulla igitur nunc est

40 617 671 60 condemnatio ijs qui inſiti ſunt Chriſto Ieſu. Inſiti au¬

39 661 669 59 tem ſunt Chriſto Ieſu qui credunt uere. Hinc in Paulo

40 705 664 60 protinus ſubditur uα) πιςεωσ ἀνυποκριτου & fi¬

36 748 669 59 de hypocriſi carente hoc est uera. Abſoluit ergo cha¬

36 792 668 59 ritatem fides, quæ purificat corda & tranquillat con

37 836 666 57 ſcientias omnem́ pellit ſimulationem. Proinde uera

35 880 666 58 charitas est quæ ex fide enata est, cuius anima & uis

36 923 665 57 fides est, quæ ſolam Deum arctißime complectitur, in

34 968 665 57 ſituta eius magnifacit, & ſuaue putat quicquid dei no

32 1009 664 61 mine uel fugere uel cum labore perſequi iubetur.

32 1056 666 56 Huc ſi reuoces uniuerſam ſcripturam canonicam, ui¬

30 1096 666 59 debis quadrare omnia, nec aliud tot libris tradi à ſa¬

29 1137 660 61 cris ſcriptoribus. His iam fundamentis iactis iterum

30 1182 663 60 inuehitur in falſos doctores, docens quanto cum peri¬

30 1227 663 60 culo coniunctum ſit ſi neglecto ſcopo Charitatis, in

30 1272 662 67 quam perpetuo fidem ueram includimus, quæſtiones

234 136 333 46 AD TIM. CAP. I.

674 144 35 54 96

696 1137 127 56 In Matæo¬

697 1180 79 42 logos.

479 1334 88 36 n 2
