1000 1547
295 152 660 48 gradus est opprimere palàm et manus temerarias con

292 193 664 48 fidenter atrociter́ inijcere in bene meritos. His omni

292 232 662 56 bus ſtuduiſſe Paulum et ſeſe blaſphemijs, perſequuti¬

292 281 664 49 one et innocenti ſanguine polluiſſe teſtis est liber qui

294 321 657 53 ſcriptus est de actibus Apoſtolorũ. Ego uero, inquit,

291 367 664 45 tantus conuitiator, ſanctorum hoſtis & parricida ue¬

292 415 658 46 niam merui & miſericordiam conſequutus ſum, ne

291 455 663 44 uulgariter. Non enim noxam mihi modo condonauit

291 499 664 45 dominus aut in album amicorum recepit tantum, ſed

287 538 668 55 et ſummam in functionem & omniũ honeſtißimam aſ¬

291 587 663 45 ciuit, ut ſcilicet nomen eius portarem coram regibus

292 625 657 54 principibus omnibus́ terræ populis. Addit, Quod ig

291 672 664 49 norans fecerim per incredulitatem: qua ſententia pia

291 717 664 48 culum ſuum ne extenuat ne innocentiæ ſuæ ſuam

289 758 665 49 uocationem tribuit, ſed æquitatem & miſericordiam

291 802 662 48 dei prædicat, quæ miſerta incredulitatis & inſcitiæ

291 846 664 48 peccantem ſed errore potius quàm maleuolentia res

288 889 665 50 uocauit. Vnde protinus gratiæ omnia illa ſignifican¬

290 935 662 47 tius aſcribens & hanc prædicans, Exuberauit autem

290 976 661 50 ſupra modum inquit gratia domini noſtri, condonans

289 1017 662 53 mihi illa peccata multo grauißima, exuberauit ſimul

291 1060 660 48 & fides id est fidelitas ueritas́ eius & dilectio ſiue

291 1105 661 51 ſtudium & amor eius in nos. Quæ Ieſu Chriſto domi¬

290 1149 661 49 no noſtro in carnem miſſo omnium apertißime oculis

289 1192 661 51 ſubiecit & quàm proprijßime exhibuit. In hoc enim

288 1235 663 66 est omnis plenitudo gratiæ fidei & ueritatis amoris

84 340 149 67 LaPR

387 97 465 43 COMMENT. IN I. EPIST.

866 1290 82 53 quog
