1000 1547
402.0 115.0 463.0 50.0 COMMENT. IN I. EPIST.

300.0 166.0 665.0 57.0 nes, oſtendit hunc ſolum præcipue ſapere ut qui fons

301.0 203.0 667.0 63.0 ſit & cauſa ſapientiæ: reliqua uero quæ ſapientiam

303.0 249.0 663.0 56.0 uendicant condita ſunt & creata & participatione

304.0 299.0 347.0 56.0 quadam hanc aſſequuntur.

367.0 356.0 602.0 67.0 Hoc præceptum comendo tibi

303.0 409.0 665.0 69.0 fili Timothee ſecundũ præceden¬

304.0 464.0 665.0 67.0 tes uſ ad te prophetias, ut mili¬

304.0 519.0 664.0 65.0 tes in eis bonam militiam, habens

304.0 574.0 616.0 66.0 fidem & bonam conſcientiam.

337.0 651.0 634.0 51.0 Epilogus est. Redit enim ad inſtitutum & ſummam

306.0 685.0 663.0 61.0 rei repetendo infert. Hoc igitur mandatum, ait, ô fi¬

304.0 733.0 667.0 55.0 li Timothee, quod non est nouum aut nuper domi

303.0 775.0 667.0 56.0 noſtræ natum, ſed ſecundum prophetias id eſt ſcriptu

303.0 819.0 668.0 60.0 ras propheticas quas noſti ante te fuiſſe et tibi ceu per

305.0 866.0 669.0 52.0 manus traditas, docentes geminam dei & proximi

305.0 906.0 665.0 57.0 charitatem, iuſto legem non eſſe poſitam ſed iniuſtis,

306.0 951.0 667.0 58.0 gratia autem domini noſtri Ieſu Chriſti iuſtificari pec

306.0 997.0 667.0 53.0 catores, hoc inquam præceptum uetus diuinum et pro

306.0 1038.0 666.0 56.0 pheticum commendo tibi ut cuſtodias illibatum & ee

306.0 1083.0 667.0 53.0 cleſijs tradas purum & incontaminatum. Vt milites

307.0 1125.0 663.0 55.0 in eis bonam militiam. Allegorice id pronuntiauit,

307.0 1167.0 666.0 58.0 monens epiſcopum uigiliæ & diligentiæ. Præeſſe e¬

306.0 1211.0 668.0 58.0 nim eccleſiæ & docere populum est peculiare quod¬

307.0 1252.0 667.0 70.0 dam militiæ genus, in quo ſathan, ſcelera, falſi fra¬

901.0 1309.0 68.0 48.0 tres,

168.0 659.0 132.0 36.0 Colligitur

167.0 683.0 139.0 40.0 ſum̃a doctri

168.0 715.0 116.0 48.0 næ ſanæ.
