1000 1547
364.0 122.0 482.0 50.0 COMMENT. IN I. EPIST.

276.0 180.0 662.0 49.0 rorum & impietatis inſolubiles nexuerũt. Scholaſtici

274.0 211.0 661.0 64.0 quo Theologi prodigioſam et fabulis fabuloſiorem

276.0 255.0 660.0 62.0 Theologiam ex Ariſtotelica philoſopbia conſuerunt.

273.0 302.0 664.0 59.0 Ab his ineptijs quàm alienißimos uult eſſe Chriſtia¬

271.0 345.0 664.0 62.0 nos apoſtolus. Cauſa. Quæſtiones præbẽt magis quàm

272.0 386.0 661.0 65.0 ædificationem dei, quæ est per fidem. Duplex inquit

272.0 433.0 661.0 60.0 incommodum oboritur ex illis. Prius inuoluuntur iſtis

269.0 474.0 664.0 63.0 auditores dum quæſtio ex quæſtione ducitur. Poſteri¬

269.0 519.0 663.0 60.0 us ad ueram pietatem nihil conferunt. Fide plantatur

268.0 563.0 664.0 59.0 pietas, fide parantur corda, non diſputationibus per¬

269.0 605.0 663.0 61.0 plexis quæſtionibus & inexplicabilibus argumento¬

269.0 649.0 660.0 60.0 rum labirynthis. Aedificandi uerbo libenter utitur

268.0 694.0 663.0 56.0 Paulus, de qua metaphora alibi diſputatum est. Breui

265.0 738.0 663.0 59.0 ter tradita est nobis uera pura & ſimplex à Deo per

268.0 782.0 662.0 57.0 prophetas & apoſtolos doctrina, in hac perſeuere¬

265.0 826.0 665.0 57.0 mus conſtantes & nulla parte declinantes ad huma¬

266.0 868.0 662.0 59.0 nas fabulas & doctores ſpinoſos & quæſtionibus in¬

266.0 913.0 662.0 56.0 flatos. Qui enim quæſtionum & argumentorum no¬

264.0 953.0 662.0 62.0 dos alios ſuper alios nectunt, quid aliud docent quàm

262.0 996.0 664.0 59.0 dubitare? Vera puritas & ſimplicitas fidem in Deum

262.0 1042.0 664.0 61.0 tradit quàm purißime & ſimplicißime & ea quæ æ¬

263.0 1082.0 660.0 64.0 dificationis & charitatis ſunt, hoc est quæ hominem

260.0 1127.0 551.0 62.0 in pietate prouehunt ornant & perficiunt.

314.0 1198.0 608.0 66.0 Porro finis præcepti eſt chari¬

260.0 1249.0 663.0 70.0 tas ex puro corde & conſcientia

843.0 1314.0 80.0 57.0 bona
