1000 1547
203.0 100.0 353.0 43.0 AD TIM, CAP. V.

631.0 97.0 70.0 50.0 160

23.0 151.0 669.0 51.0 omnibus noſtris functionibus, præcipue ijs quibus uel

21.0 192.0 666.0 53.0 iudicia agitamus uel miniſtros eccleſijs ordinamus. Se

23.0 238.0 449.0 54.0 quitur enim quod ad hæc pertinet.

76.0 294.0 615.0 55.0 Manus cito ne cui imponas, ne

24.0 348.0 667.0 55.0 que communices peccatis alienis.

29.0 399.0 547.0 59.0 Temetipſum purum ſerua.

61.0 463.0 632.0 47.0 Manus enim imponere aliud non est quàm eccleſiæ

23.0 501.0 669.0 55.0 aliquem præficere & ordinare. Cæterum hic magno

24.0 541.0 672.0 59.0 & acri opus est iudicio cauendum́ ne quid fiat uel

23.0 586.0 671.0 56.0 ex præiudicio uel in hanc uel illam partem. Si enim in

24.0 629.0 671.0 56.0 dignus aliquis hoc est uel indoctus uel impurus ordina

24.0 672.0 672.0 55.0 tur, iam ſcelera quo impuri huius hominis eum pol¬

25.0 715.0 672.0 58.0 luunt qui inexplorato aut indigno ſanctam illam de¬

26.0 763.0 671.0 55.0 legauit functionem. Manuum enim impoſitio commu

24.0 804.0 674.0 58.0 nionis ſignum est. Præterea uidetur uitijs fauere quiſ¬

28.0 849.0 670.0 55.0 quis commaculatum uitijs ſubuehit ad honores. Hic ue£

29.0 892.0 669.0 56.0 ro Paulus, Nolo te graues, inquit, alienis peccatis, uo¬

27.0 939.0 664.0 50.0 lo ut purum & illibatum te cuſtodias. Aliena enim

30.0 978.0 668.0 58.0 peccata ſunt quæ licet ipſi opere non faciamus ſine no

29.0 1022.0 670.0 53.0 bis tamen hoc est ſine noſtro conſilio impulſu admini¬

30.0 1065.0 672.0 59.0 culo & ſuffragio non fiunt, quæ quidem patent latißi

31.0 1110.0 671.0 56.0 me. Ex quibus liquido colligi potest quantis ſe pecca¬

31.0 1152.0 672.0 53.0 tis obſtrinxerint onerarint́ quibus hactenus fuit or¬

32.0 1197.0 665.0 56.0 dinandi poteſtas. Experientia enim elamitat quales or

30.0 1241.0 670.0 64.0 dinauerint. Videant hodie quo quid agant quibus

699.0 926.0 130.0 46.0 Aliena pec

701.0 959.0 59.0 55.0 cata.
