1000 1547
182.0 289.0 135.0 37.0 Officia iu¬

182.0 322.0 125.0 35.0 niorum ui

184.0 352.0 108.0 43.0 duarum.

313.0 166.0 660.0 50.0 ſam. lam enim nonnullæ deflexe¬

312.0 218.0 497.0 57.0 runt ſequutæ Sathanam.

398.0 115.0 486.0 43.0 COMMENT. IN I. EPIST.

375 291 602 49 Planißima ſunt quæ dicit, Cum ergo ait hæc

312 331 666 53 ita habeant tutius multo est ut uiduæ iuniores nubant

312 379 665 46 maritis quorum authoritate coerceatur ipſarum li¬

311 419 664 52 centia, ut gignant liberos & adminiſtrent familiam,

311 465 664 46 qua re fiet ut ab otio abſtractæ & garrulæ & curio¬

312 507 665 52 ſæ eſſe deſinãt, ſed ea potius curẽt quæ familiæ ſunt.

311 551 666 48 Et hæc planè optima est omnium mulierum diſcipli¬

309 594 667 49 na, quæ & cœlitus ad nos delata & uoce propheta¬

309 636 667 53 rum ac apoſtolorum nobis propoſita, ſanctißimorum

310 683 666 46 quo hominum exemplis comprobata eſt, ut nunc cõ

309 725 666 49 ſcientia bona corruptißimam illam diſciplinam mo¬

308 770 661 45 naſticam diuerſum præcipientem contemnamus &

307 811 668 51 damnemus. Addit his aliud quo præceptum apoſto¬

306 855 670 44 lus, Sic uidelicet uitam inſtituant mulierculæ ne ullam

307 898 667 48 dent calumniatoribus maledicendi anſam. In quo bre¬

306 943 669 48 ui accincto́ præcepto multa ſimul monita continen

306 986 667 48 tur. Ne ipſam exquiſitior cultus infamet, ne oculorum

306 1027 666 53 nutibus & hilaritate uultus uirorum poſt ſe greges

303 1071 669 50 trahat & conueniat ei uerſiculus ille uulgatus, Riſit

304 1115 671 50 & arguto quiddam promiſit ocello: breuiter ne quid

302 1158 672 49 uel dictis uel factis aut deni toto corporis habitu de¬

303 1200 668 53 ſignet quod in impudentiæ aut ſiniſtrã inhoneſtamue

301 1244 668 59 aliãs ſuſpicionem rapi poßit. lam cum præceptum de

845.0 1299.0 122.0 48.0 reijcien¬
