1000 1547
313.0 159.0 664.0 48.0 inſtrumentum est quo putridæ carnes aduruntur &

318.0 196.0 666.0 54.0 ulcera. Inde (addit idem) cauteriata conſcientia apo¬

319.0 240.0 668.0 56.0 ſtolo Paulo ueluti cauterio ſiue cautere ambuſta dici¬

318.0 283.0 669.0 58.0 tur. In quam ſententiam propemodum & S. Ambrõ¬

319.0 327.0 669.0 56.0 ſius hunc locum exponens, Illorum, inquit, cauteria

318.0 369.0 666.0 58.0 tam dicit conſcientiam hoc est ſimulatione corruptã,

318.0 414.0 668.0 57.0 quia ſicut cauterium corium corrumpit & notam in¬

318.0 456.0 669.0 59.0 figit, ita & fallatia conſcientiam quæ dolo maleuolen

316.0 500.0 669.0 57.0 tiæ aliud ſcit & aliud profitetur, denotat ad perditio

316.0 544.0 670.0 57.0 nem. Hæc Ambro. Iam & malefici candenti ferro hoc

317.0 590.0 669.0 55.0 est cauterio notantur apud nos ſtigmatis impreßis cu¬

316.0 631.0 671.0 59.0 ti. Significauit ergo apoſtolus falſos illos doctores ani

316.0 674.0 666.0 59.0 mũ habituros ſceleris conſcientia et ardore ambuſtũ,

319.0 721.0 668.0 57.0 qui conquieſcere neſciat & perpetuis ſeſe excruciet

318.0 765.0 668.0 52.0 tormentis, ut ut foris ſancte & hylariter componant

320.0 807.0 502.0 54.0 & faciem & totum corporis habitum.

363.0 101.0 489.0 51.0 COMMENT. IN I. EPIST.

386.0 867.0 597.0 56.0 prohibentium contrahere maᛘ

317.0 917.0 666.0 63.0 trimonium, iubentium abſtinere

315.0 970.0 667.0 62.0 à cibis quos Deus creauit ad ſu¬

314.0 1022.0 668.0 62.0 mendum cũ gratiarumactione fi¬

313.0 1072.0 669.0 65.0 delibus, & his qui cognouerũt ue¬

313.0 1131.0 669.0 61.0 ritatem quod quicquid creauit Deᛘ

313.0 1186.0 669.0 61.0 us bonum ſit & nihil reijciendum

313.0 1238.0 667.0 66.0 ſi cũ gratiarumactione ſumatur.

856.0 1293.0 122.0 50.0 Sanctifi¬
