1000 1547
43 150 669 51 Tam uidelicet certa est pietatis doctrina, ut huic meri

39 195 672 52 to cedant quæcun de exercitatione corporali prodi

37 238 673 49 ta ſunt à ſuperſtitioſis hominibus. Hæc enim certa

37 279 617 56 imò indubitata ſunt, idcirco digne iam ſubiungit.

148 103 405 43 AD TIM. CAP. IIII.

97 336 609 56 Præcipe hæc & doce. Nemo tuᛘ

35 385 671 66 am iuuentutem deſpiciat, ſed eſto

35 447 670 56 forma fidelium in ſermone, in conᛘ

35 497 667 60 uerſatione, in dilectiõe, in ſpiritu,

32 550 674 60 in fide, in puritate. Donec uenero

32 601 675 71 attende lectioni, exhortationi do¬

35 666 163 52 ctrinæ.

632 103 77 47 144

75 718 623 51 Infert nunc quod potißimum hac intendit diſputaᛘ

33 759 665 51 tione. Hæc, inquit, tam uidelicet certa & indubitata

34 803 671 54 adeoq́; ab ipſo profecta Chriſto, fideliter & conſtanᛘ

33 849 673 50 ter præcipe, hoc est multa & matura cum authorita

33 891 673 54 te trade & ſic trade ut totus in hoc ſis quo omnes in¬

31 934 674 55 telligant ſolam pietatem eſſe ad ſalutem conſequen¬

31 978 674 55 dam utilem. Iſta uero omnibus quo nobis dicta puta¬

33 1026 673 49 bimus quicun diuina ordinatione præſumus eccle¬

31 1065 668 56 ſijs Chriſti. Cæterum cum communis quædam ſit &

31 1111 665 50 præſumpta opinio contemptibilem eſſe adoleſcentiã

30 1151 668 59 & Timotheus admodum tenere eſſet adoleſcentiæ,

30 1199 675 53 per occupationem ſubiungit, Nemo tuam iuuentutem

29 1238 677 67 deſpiciat. Quaſi dicat, Ne est quod iuuenis licet in

709 711 110 35 Doctrinz

706 738 132 48 epiſcopi ſa

707 769 47 40 na.

708 1100 126 37 Adoleſcen

705 1130 133 33 tia cana nõ

712 1161 126 41 contemnen

711 1191 40 42 da.
