1000 1547
199.0 81.0 353.0 45.0 AD TIM, CAP VI.

612.0 79.0 89.0 50.0 164

32.0 134.0 672.0 53.0 fabunt. Ad hunc modum expoſuit hæc Pauli uerba &

31.0 177.0 669.0 51.0 Theophyl, cuius uerba ſi quis requirat hæc ſunt, Do¬

30.0 220.0 670.0 53.0 mino fideli magis inſeruies, præſertim cum inte ſit i¬

30.0 263.0 670.0 54.0 dem beneficus, quippe qui ut te alat & ueſtem ſuppe¬

30.0 309.0 671.0 51.0 ditet & bona reliqua impartiatur curis maximis affli

30.0 353.0 669.0 51.0 ctetur. Hæc Theophy. Monent hæc quo dominos of

33.0 396.0 671.0 55.0 ficij ſui. Verum qui plura de hac re cupit legat quæ

31.0 440.0 672.0 49.0 annotaui in s. cap. ad Epheſ.Porrò ſi Chriſtiani ſunt

31.0 483.0 672.0 52.0 qui ſeruorum utuntur opera, profecto Chriſtianorum

30.0 527.0 675.0 52.0 nomine non exciderunt qui ex pecunijs uel poſſeßio¬

31.0 570.0 674.0 53.0 nibus uſumfructum non iniquum percipiunt. Refelli¬

31.0 615.0 674.0 52.0 tur ergo hoc Pauli loco peruerſus Catabaptiſtarum

33.0 657.0 673.0 56.0 error, qui Chriſtianos eſſe negant quicun uel ſeruo¬

34.0 703.0 671.0 50.0 rum opera utuntur uel ex uſufructu non iniquouicti¬

34.0 743.0 670.0 56.0 tant. Fatemur ſanè perfectiorem eſſe qui ſeruis ſuis

34.0 790.0 672.0 47.0 manumißis omnes libertate donat, aut qui mutuum

35.0 831.0 668.0 55.0 dat & inde nihil ſperat, uerum nullo modo patietur

36.0 874.0 673.0 57.0 ueritas ut Chriſtiano priuetur conſortio, qui ſeruorũ

36.0 920.0 670.0 53.0 opera moderate utitur & de elocatis facultatibus fru

36.0 963.0 673.0 57.0 ctum percipit æquum. De qua re copioſius diſputaui

36.0 1005.0 672.0 56.0 in lib. olim contra Catabaptiſtas æditis, Certè epiſco

40.0 1048.0 669.0 57.0 porum est hæc contra furaces & ſeditioſos tradere

41.0 1094.0 669.0 56.0 fideliter ne quis prætexens pietatem ueritatem bla¬

49.0 1143.0 119.0 58.0 ſphemet.

109.0 1216.0 604.0 69.0 Hæcdoce & exhortare. Si quis

484.0 1279.0 86.0 45.0 x 4
