1000 1547
302 161 673 43 re tanta uerearis aut cedas improbitati diuerſa docent

302 195 673 55 tium. Alibi ſit humanitati locus, hic ubi ſalutis pericu

302 239 671 55 lum uertitur proferenda eſt authoritas. Ne ſpectan

302 284 671 53 dũ est quot annos uixeris ſed quod munus geras. Hic

302 329 671 55 ſenex est quisquis uitæ integritatem quisquis morum

303 372 670 54 præſtat grauitatem: ita ergo uerſandum tibi at ui¬

302 415 671 55 uendum eſt ut nemo iuuentutem tuam poßit deſpice.

302 458 669 51 re. Id autem qua ratione fiat conſequentibus exponit.

302 501 671 59 Si uidelicet ita ſe componat ut fideles in ipſo habeant

302 545 669 54 exemplar ἐμ λόγῳ in ſermone uel doctrina. Hoc est

302 590 671 55 ſi nihil aliud doceat quàm pietatem ueram. Deinde ſi

302 632 669 55 conuerſatio eius ſancta ſit, pudica, ſobria, & irrepre

302 677 671 54 henſibilis, quæ doctrinæ reſpondeat per omnia. Hine

303 717 670 59 ſi dilectione præditus ſit haud uulgari ſed eximia ex

304 764 668 56 qua faciat omnia officia. Item ſi non deſit ſpiritus pru¬

305 807 667 55 dentiæ fortitudinis & conſtantiæ. Quibus ſi accedat

306 851 665 53 puritas morum & animi & maturitas nihil habens

304 893 665 56 commixtum iuuenilium ineptiarũm cupiditatúmue,

305 937 668 57 efficient quo minus ætas aliãs ſuſpecta ueniat in con¬

304 978 668 59 temptum. Ex quibus colligimus immerito quoſdam ho

305 1026 667 53 die conqueri iacere authoritatem miniſtorum uerbi

305 1065 666 59 ut quos rudis plebecula deſpiciat nimium, Cur enim

305 1110 664 57 non obſequuntur Pauli conſilio & uitam doctrinã́

306 1155 666 56 ſuam ita inſtituunt ut merito non poßint contemni à

306 1198 666 59 quoquam. Propria ſanè ipſorum culpa & inertia fit

306 1242 665 77 quod contemnuntur cum uon modo prophani ſine

401 105 477 44 COMMENT. IN I. EPIST,

928 1323 34 0 sed
