<?xml version='1.0' encoding='UTF-8'?>
<alto xmlns:xsi="http://www.w3.org/2001/XMLSchema-instance" xmlns="http://www.loc.gov/standards/alto/ns-v4#" xsi:schemaLocation="http://www.loc.gov/standards/alto/ns-v4# http://www.loc.gov/standards/alto/v4/alto-4-2.xsd">
  <Description>
    <MeasurementUnit>pixel</MeasurementUnit>
    <sourceImageInformation>
      <fileName>7326048.jpeg</fileName>
    </sourceImageInformation>
  </Description>
  <Tags>
    <OtherTag ID="BT7" LABEL="CustomZone" DESCRIPTION="block type CustomZone"/><OtherTag ID="BT8" LABEL="DamageZone" DESCRIPTION="block type DamageZone"/><OtherTag ID="BT9" LABEL="DigitizationArtefactZone" DESCRIPTION="block type DigitizationArtefactZone"/><OtherTag ID="BT10" LABEL="DropCapitalZone" DESCRIPTION="block type DropCapitalZone"/><OtherTag ID="BT11" LABEL="GraphicZone" DESCRIPTION="block type GraphicZone"/><OtherTag ID="BT12" LABEL="MainZone" DESCRIPTION="block type MainZone"/><OtherTag ID="BT13" LABEL="MarginTextZone" DESCRIPTION="block type MarginTextZone"/><OtherTag ID="BT14" LABEL="MusicZone" DESCRIPTION="block type MusicZone"/><OtherTag ID="BT15" LABEL="NumberingZone" DESCRIPTION="block type NumberingZone"/><OtherTag ID="BT17" LABEL="QuireMarksZone" DESCRIPTION="block type QuireMarksZone"/><OtherTag ID="BT18" LABEL="RunningTitleZone" DESCRIPTION="block type RunningTitleZone"/><OtherTag ID="BT19" LABEL="SealZone" DESCRIPTION="block type SealZone"/><OtherTag ID="BT20" LABEL="StampZone" DESCRIPTION="block type StampZone"/><OtherTag ID="BT21" LABEL="TableZone" DESCRIPTION="block type TableZone"/><OtherTag ID="BT22" LABEL="TitlePageZone" DESCRIPTION="block type TitlePageZone"/><OtherTag ID="BT3807" LABEL="MainZone-Continued" DESCRIPTION="block type MainZone-Continued"/><OtherTag ID="BT3808" LABEL="MarginTextZone-Notes" DESCRIPTION="block type MarginTextZone-Notes"/><OtherTag ID="BT3809" LABEL="MainZone-Head" DESCRIPTION="block type MainZone-Head"/><OtherTag ID="BT3810" LABEL="MainZone-P" DESCRIPTION="block type MainZone-P"/>
    <OtherTag ID="LT7" LABEL="CustomLine" DESCRIPTION="line type CustomLine"/><OtherTag ID="LT8" LABEL="DefaultLine" DESCRIPTION="line type DefaultLine"/><OtherTag ID="LT9" LABEL="DropCapitalLine" DESCRIPTION="line type DropCapitalLine"/><OtherTag ID="LT10" LABEL="HeadingLine" DESCRIPTION="line type HeadingLine"/><OtherTag ID="LT11" LABEL="InterlinearLine" DESCRIPTION="line type InterlinearLine"/><OtherTag ID="LT12" LABEL="MusicLine" DESCRIPTION="line type MusicLine"/>
  </Tags>
  <Layout>
    <Page WIDTH="1000" HEIGHT="1547" PHYSICAL_IMG_NR="51" ID="eSc_dummypage_">
      <PrintSpace HPOS="0" VPOS="0" WIDTH="1000" HEIGHT="1547">
        <TextBlock HPOS="178.0" VPOS="133.0" WIDTH="131.0" HEIGHT="38.0" ID="block_1" TAGREFS="BT3808">
          <Shape><Polygon POINTS="178 133 309 133 309 171 178 171 178 133"/></Shape>
          <TextLine ID="line_1" TAGREFS="LT8" BASELINE="181 159 311 162" HPOS="180.0" VPOS="128.0" WIDTH="131.0" HEIGHT="51.0">
            <Shape><Polygon POINTS="301 134 293 134 284 134 276 134 267 134 258 134 250 134 241 134 233 134 224 134 215 134 207 134 198 134 190 134 181 134 181 159 180 179 310 175 311 162 310 128 301 129 301 134"/></Shape>
            <String CONTENT="De uiduis." HPOS="180.0" VPOS="128.0" WIDTH="131.0" HEIGHT="51.0" WC="0.9998210310935974"/>
          </TextLine>
        </TextBlock>
        <TextBlock HPOS="171.0" VPOS="944.0" WIDTH="105.0" HEIGHT="38.0" ID="block_2" TAGREFS="BT3808">
          <Shape><Polygon POINTS="171 944 276 944 276 982 171 982 171 944"/></Shape>
          <TextLine ID="line_2" TAGREFS="LT8" BASELINE="173 967 276 970" HPOS="172.0" VPOS="943.0" WIDTH="104.0" HEIGHT="39.0">
            <Shape><Polygon POINTS="242 943 233 943 225 943 216 943 208 943 199 943 190 943 182 943 173 943 173 967 172 982 276 980 276 970 276 945 251 943 242 943"/></Shape>
            <String CONTENT="Acto. 6." HPOS="172.0" VPOS="943.0" WIDTH="104.0" HEIGHT="39.0" WC="0.9992183968424797"/>
          </TextLine>
        </TextBlock>
        <TextBlock HPOS="379.0" VPOS="90.0" WIDTH="495.0" HEIGHT="42.0" ID="block_3" TAGREFS="BT18">
          <Shape><Polygon POINTS="379 90 874 90 874 132 379 132 379 90"/></Shape>
          <TextLine ID="line_3" TAGREFS="LT8" BASELINE="373 117 874 120" HPOS="372.0" VPOS="83.0" WIDTH="502.0" HEIGHT="51.0">
            <Shape><Polygon POINTS="853 90 845 90 836 90 828 90 819 90 810 90 802 90 793 90 785 90 777 90 773 91 769 90 767 90 759 90 750 90 743 90 742 91 676 91 672 90 664 90 656 90 647 90 638 90 630 90 621 90 613 90 604 90 595 90 587 90 578 90 570 90 562 90 561 90 552 90 544 90 535 90 527 90 518 90 509 90 501 90 492 90 484 90 475 90 466 90 458 90 449 90 441 90 432 90 423 90 415 90 406 90 398 90 389 90 380 90 380 85 374 83 373 117 372 127 508 132 509 132 509 132 521 126 527 131 527 132 527 132 528 132 576 133 576 133 577 133 593 126 630 126 637 131 638 131 638 131 677 133 678 133 679 133 699 126 709 134 710 134 711 134 711 134 771 134 771 134 809 128 818 132 819 132 820 132 821 132 832 127 852 134 852 134 853 134 854 134 873 126 874 120 871 91 860 90 853 90"/></Shape>
            <String CONTENT="COMMENT. IN I. EPIST." HPOS="372.0" VPOS="83.0" WIDTH="502.0" HEIGHT="51.0" WC="0.9976779648235866"/>
          </TextLine>
        </TextBlock>
        <TextBlock HPOS="305.0" VPOS="144.0" WIDTH="679.0" HEIGHT="1128.0" ID="block_4" TAGREFS="BT3807">
          <Shape><Polygon POINTS="305 144 984 144 984 1272 305 1272 305 144"/></Shape>
          <TextLine ID="line_4" TAGREFS="LT8" BASELINE="355 170 979 173" HPOS="355.0" VPOS="144.0" WIDTH="624.0" HEIGHT="46.0">
            <Shape><Polygon POINTS="975 144 966 144 957 144 949 144 940 144 932 144 923 144 914 144 906 144 897 144 889 144 880 144 871 144 863 144 854 144 846 144 823 146 818 144 811 144 803 144 794 144 785 144 777 144 768 144 760 144 751 144 748 144 718 146 697 144 691 144 682 144 674 144 665 144 656 144 648 144 639 144 631 144 627 144 621 145 618 144 613 144 605 144 596 144 588 144 579 144 570 144 562 144 553 144 545 144 536 144 535 145 529 144 527 144 519 144 510 144 502 144 493 144 484 144 476 144 467 144 459 144 450 144 441 144 433 144 424 144 416 144 407 144 398 144 390 144 381 144 373 144 364 144 355 144 355 170 355 178 394 183 395 183 411 180 419 187 420 187 421 187 422 187 491 180 510 188 511 188 512 188 513 188 539 181 599 188 600 188 601 188 616 181 634 186 635 186 636 186 663 182 677 189 678 189 679 189 680 189 704 182 722 182 732 189 733 189 734 189 735 189 773 184 802 188 803 188 803 188 816 182 829 189 830 189 831 189 832 190 854 190 854 189 855 189 856 189 866 183 890 183 901 189 902 189 903 189 904 189 978 183 979 173 978 144 975 144"/></Shape>
            <String CONTENT="Nunc præcipit de Viduis &amp; copioſius quidẽ quod" HPOS="355.0" VPOS="144.0" WIDTH="624.0" HEIGHT="46.0" WC="0.9801169253410177"/>
          </TextLine>
          <TextLine ID="line_5" TAGREFS="LT8" BASELINE="313 214 978 214" HPOS="313.0" VPOS="182.0" WIDTH="665.0" HEIGHT="50.0">
            <Shape><Polygon POINTS="313 214 313 232 365 226 429 226 442 232 443 232 444 232 488 232 488 232 489 232 490 232 499 226 581 226 590 232 591 232 592 232 593 232 594 232 617 226 640 232 641 232 642 232 676 226 711 232 711 232 764 226 777 232 778 232 779 232 880 232 880 232 881 232 892 226 949 232 950 232 978 225 978 214 978 189 958 182 957 182 957 182 956 182 932 190 911 190 897 182 896 182 895 182 895 182 894 182 868 189 855 183 854 183 853 183 792 189 782 182 781 182 780 182 779 182 748 189 717 182 717 182 716 182 715 182 703 189 665 183 664 183 663 183 650 189 592 189 573 182 572 182 548 182 547 182 546 182 530 189 515 183 515 183 514 183 513 183 492 189 453 182 453 182 452 182 451 182 443 188 437 184 436 184 435 184 411 189 389 182 388 182 334 182 333 182 332 182 313 189 313 214"/></Shape>
            <String CONTENT="plurimum fraudis hic committeretur à quibuſdam E¬" HPOS="313.0" VPOS="182.0" WIDTH="665.0" HEIGHT="50.0" WC="0.9868105661869049"/>
          </TextLine>
          <TextLine ID="line_6" TAGREFS="LT8" BASELINE="314 258 979 260" HPOS="313.0" VPOS="226.0" WIDTH="666.0" HEIGHT="47.0">
            <Shape><Polygon POINTS="314 258 313 271 375 272 376 272 377 272 378 272 385 267 441 271 442 271 515 267 524 272 525 272 526 272 527 272 527 272 544 267 578 272 579 272 624 267 654 272 655 272 754 269 796 273 797 273 797 273 815 268 865 268 874 273 875 273 876 273 877 273 917 268 926 273 926 273 927 273 928 273 929 273 930 273 937 269 977 270 979 260 979 233 961 227 960 227 959 227 926 232 899 227 898 227 863 232 844 227 843 227 842 227 813 232 787 228 786 228 647 232 615 226 614 226 546 232 522 226 478 226 477 226 476 226 475 226 467 232 392 226 392 226 314 231 314 258"/></Shape>
            <String CONTENT="pheſiorum uiduis. Conſtat autem cum ex σ. cap. Act." HPOS="313.0" VPOS="226.0" WIDTH="666.0" HEIGHT="47.0" WC="0.9811061562276354"/>
          </TextLine>
          <TextLine ID="line_7" TAGREFS="LT8" BASELINE="313 300 975 305" HPOS="312.0" VPOS="267.0" WIDTH="663.0" HEIGHT="53.0">
            <Shape><Polygon POINTS="313 300 312 310 331 317 332 317 333 317 334 317 354 311 361 317 362 317 363 317 364 317 445 311 480 317 481 317 588 313 621 318 622 318 668 313 706 313 713 319 714 319 715 319 716 319 740 314 822 314 841 320 842 320 843 320 874 315 886 319 887 319 888 319 974 318 975 305 975 278 968 274 967 274 966 274 965 274 964 274 955 278 914 273 913 273 864 276 843 269 842 269 841 269 840 269 819 277 710 269 709 269 708 269 689 277 632 277 619 269 619 269 618 269 617 269 590 275 568 268 567 268 522 268 521 268 521 268 493 275 413 275 393 267 392 267 392 267 391 267 359 275 313 275 313 300"/></Shape>
            <String CONTENT="apoſt. tum ex præſenti loco eccleſiæ munificentia &amp;" HPOS="312.0" VPOS="267.0" WIDTH="663.0" HEIGHT="53.0" WC="0.9873013473024556"/>
          </TextLine>
          <TextLine ID="line_8" TAGREFS="LT8" BASELINE="313 344 980 347" HPOS="312.0" VPOS="312.0" WIDTH="668.0" HEIGHT="48.0">
            <Shape><Polygon POINTS="313 344 312 355 438 359 439 359 503 354 536 360 537 360 625 360 625 360 716 354 818 360 819 360 852 355 908 360 909 360 979 354 980 347 980 318 945 314 944 314 944 314 943 314 934 320 923 314 922 314 897 314 896 314 895 314 879 320 851 315 850 315 849 315 835 320 809 314 809 314 774 320 765 314 764 314 763 314 762 314 761 314 760 314 752 319 698 315 697 315 696 315 695 315 687 320 617 320 607 315 606 315 605 315 556 319 534 312 533 312 533 312 532 312 509 318 478 313 477 313 432 318 412 312 411 312 411 312 377 318 347 312 346 312 313 317 313 344"/></Shape>
            <String CONTENT="liberalitate in reliqua egenorum turba uiduas eſſe ali¬" HPOS="312.0" VPOS="312.0" WIDTH="668.0" HEIGHT="48.0" WC="0.9851187836040151"/>
          </TextLine>
          <TextLine ID="line_9" TAGREFS="LT8" BASELINE="313 388 978 390" HPOS="312.0" VPOS="356.0" WIDTH="666.0" HEIGHT="51.0">
            <Shape><Polygon POINTS="313 388 312 397 378 397 388 405 389 405 390 405 391 406 422 406 422 405 423 405 436 398 466 398 478 405 479 405 480 405 481 406 507 406 507 405 508 405 524 398 545 403 546 403 546 403 626 398 673 406 674 407 719 407 719 406 720 406 738 400 779 406 780 406 811 399 835 406 836 406 837 407 930 407 930 406 977 398 978 390 976 359 938 363 929 357 928 357 927 357 926 357 890 361 870 357 869 357 868 357 847 363 792 357 791 357 791 357 776 364 747 364 741 359 740 359 739 359 738 359 696 362 672 357 671 357 670 357 648 363 631 356 630 356 533 356 533 356 532 356 507 362 478 356 477 356 476 356 460 362 389 357 388 357 387 357 386 357 380 363 350 363 328 356 327 356 326 356 325 356 313 361 313 388"/></Shape>
            <String CONTENT="tas. Quemadmodũ uero in optimis quibus inſtitutis" HPOS="312.0" VPOS="356.0" WIDTH="666.0" HEIGHT="51.0" WC="0.9978285887662102"/>
          </TextLine>
          <TextLine ID="line_10" TAGREFS="LT8" BASELINE="312 431 979 434" HPOS="311.0" VPOS="399.0" WIDTH="668.0" HEIGHT="49.0">
            <Shape><Polygon POINTS="312 431 311 440 330 446 331 446 331 446 469 442 501 446 502 446 655 443 693 447 694 447 695 447 712 443 757 448 758 448 829 444 950 448 951 448 978 443 979 434 979 403 862 402 861 402 860 402 846 406 828 402 828 402 827 402 779 408 723 408 708 401 707 401 706 401 674 407 666 401 665 401 664 401 636 401 635 401 634 401 618 408 555 408 509 400 508 400 507 400 506 400 497 406 464 402 463 402 404 406 383 400 382 400 381 400 380 400 380 400 373 406 356 401 355 401 355 401 354 401 353 401 346 406 338 400 337 400 337 400 312 399 312 431"/></Shape>
            <String CONTENT="hominum auaritia &amp; malitia ſuum quærit compendi" HPOS="311.0" VPOS="399.0" WIDTH="668.0" HEIGHT="49.0" WC="0.9987303678025591"/>
          </TextLine>
          <TextLine ID="line_11" TAGREFS="LT8" BASELINE="312 474 978 476" HPOS="311.0" VPOS="442.0" WIDTH="667.0" HEIGHT="50.0">
            <Shape><Polygon POINTS="312 474 311 483 358 490 359 490 387 484 452 484 458 489 459 489 460 489 460 489 485 484 496 490 497 490 498 491 536 491 536 490 537 490 538 490 546 484 577 490 578 490 633 484 668 491 669 492 708 492 708 491 709 491 710 491 718 485 736 491 736 491 737 491 766 486 780 491 781 491 782 491 846 485 884 491 885 491 977 487 978 476 976 446 668 449 645 442 644 442 644 442 570 448 562 442 561 442 560 442 559 442 505 446 499 442 498 442 497 442 404 442 404 442 403 442 390 448 380 442 380 442 379 442 346 442 345 442 312 447 312 474"/></Shape>
            <String CONTENT="um, ita nimis impudenter in egenorum turbam immi¬" HPOS="311.0" VPOS="442.0" WIDTH="667.0" HEIGHT="50.0" WC="0.9894007943114456"/>
          </TextLine>
          <TextLine ID="line_12" TAGREFS="LT8" BASELINE="311 518 978 521" HPOS="311.0" VPOS="485.0" WIDTH="667.0" HEIGHT="53.0">
            <Shape><Polygon POINTS="311 518 311 533 378 528 389 534 390 534 391 534 444 531 582 535 582 535 616 529 645 534 646 534 680 530 687 535 688 535 689 535 690 535 726 530 809 530 824 536 825 536 826 536 827 536 841 531 873 537 874 538 901 538 901 537 901 537 913 531 976 535 978 521 977 494 952 489 951 489 918 494 901 489 901 489 900 489 899 489 888 495 812 495 779 487 778 487 777 487 764 492 750 487 749 487 748 487 748 487 736 493 725 487 724 487 723 487 684 493 675 488 674 488 674 488 673 488 672 488 657 493 651 488 650 488 650 488 649 488 607 492 594 487 593 487 592 487 591 487 581 492 503 488 502 488 478 492 460 485 460 485 459 485 380 491 367 485 366 485 365 485 311 485 311 518"/></Shape>
            <String CONTENT="ſcebant ſe hic quo citra delectũ uiduæ omnes, unde" HPOS="311.0" VPOS="485.0" WIDTH="667.0" HEIGHT="53.0" WC="0.9897412222165328"/>
          </TextLine>
          <TextLine ID="line_13" TAGREFS="LT8" BASELINE="310 560 979 565" HPOS="309.0" VPOS="527.0" WIDTH="670.0" HEIGHT="53.0">
            <Shape><Polygon POINTS="310 560 309 570 328 576 329 576 330 577 370 577 370 576 371 576 372 576 381 570 448 574 449 574 450 574 459 571 470 576 471 576 472 576 533 571 558 571 568 578 569 578 570 578 570 578 607 572 674 576 674 576 695 573 705 579 705 579 706 579 756 580 757 580 758 580 771 574 784 580 785 580 785 580 831 580 831 580 832 580 856 574 878 580 879 580 880 580 927 574 977 575 979 565 979 540 948 535 947 535 920 539 910 531 909 531 908 531 867 531 866 531 822 537 787 531 786 531 785 531 765 538 756 530 755 530 754 530 754 530 711 538 673 531 672 531 671 531 656 538 646 529 645 529 644 529 644 529 612 536 563 529 562 529 561 529 560 529 549 537 517 537 489 528 488 528 487 528 486 528 461 537 425 537 403 527 402 527 372 527 371 527 370 527 369 527 356 535 343 530 342 530 341 530 340 530 339 530 331 535 310 535 310 560"/></Shape>
            <String CONTENT="apoſtolus coactus est paulò circumſpectius de his cu¬" HPOS="309.0" VPOS="527.0" WIDTH="670.0" HEIGHT="53.0" WC="0.9963515345697049"/>
          </TextLine>
          <TextLine ID="line_14" TAGREFS="LT8" BASELINE="308 604 978 608" HPOS="308.0" VPOS="570.0" WIDTH="670.0" HEIGHT="54.0">
            <Shape><Polygon POINTS="308 604 309 620 329 615 398 615 442 622 443 623 509 623 509 622 510 622 511 622 519 616 550 622 551 622 588 617 603 623 604 623 605 623 662 618 770 618 803 623 803 623 842 617 865 624 866 624 867 624 977 620 978 608 978 583 821 574 820 574 774 580 764 575 763 575 762 575 761 575 744 580 723 576 723 576 673 580 662 572 662 572 661 572 600 572 599 572 598 572 587 578 570 572 570 572 569 572 545 577 523 571 522 571 521 571 521 571 520 571 510 578 489 571 488 571 443 571 442 571 441 571 426 578 394 578 380 570 380 570 379 570 340 578 308 576 308 604"/></Shape>
            <String CONTENT="randis &amp; ſuſcipiendis diſſerere. Principio in genere" HPOS="308.0" VPOS="570.0" WIDTH="670.0" HEIGHT="54.0" WC="0.997899727179454"/>
          </TextLine>
          <TextLine ID="line_15" TAGREFS="LT8" BASELINE="310 649 977 653" HPOS="310.0" VPOS="617.0" WIDTH="667.0" HEIGHT="49.0">
            <Shape><Polygon POINTS="310 649 310 662 358 658 380 663 381 663 382 663 383 663 404 658 423 663 424 663 425 663 426 663 435 659 462 663 463 663 464 663 477 658 546 662 547 662 635 659 664 665 665 665 794 660 814 666 815 666 815 666 884 666 884 666 885 666 895 660 901 666 902 666 903 666 904 666 929 666 929 666 976 660 977 653 977 623 972 619 971 619 970 619 912 619 911 619 910 619 892 627 811 627 778 620 777 620 776 620 758 624 744 618 743 618 742 618 742 618 741 618 731 625 713 621 712 621 711 621 671 625 634 617 633 617 632 617 611 625 583 625 570 618 570 618 569 618 543 624 516 617 515 617 515 617 514 617 513 617 501 625 478 625 458 618 457 618 456 618 455 618 443 622 437 617 436 617 435 617 352 617 351 617 350 617 349 617 337 623 310 623 310 649"/></Shape>
            <String CONTENT="præcipit, Veras honora uiduas. Deinde uero per ſpeci" HPOS="310.0" VPOS="617.0" WIDTH="667.0" HEIGHT="49.0" WC="0.9975182116031647"/>
          </TextLine>
          <TextLine ID="line_16" TAGREFS="LT8" BASELINE="307 690 976 696" HPOS="306.0" VPOS="659.0" WIDTH="670.0" HEIGHT="55.0">
            <Shape><Polygon POINTS="307 690 306 701 344 709 345 710 361 710 361 709 361 709 362 709 371 703 389 708 390 708 391 708 418 703 436 709 437 709 438 709 479 703 490 710 490 710 491 710 492 710 493 710 515 703 551 703 565 711 566 711 567 711 598 704 618 711 619 711 619 711 653 707 668 712 669 712 670 712 705 707 766 713 767 713 768 713 788 707 821 713 822 713 868 709 911 714 912 714 913 714 914 714 923 707 942 714 943 714 944 714 975 710 976 696 975 664 754 667 743 662 742 662 691 661 690 661 689 661 688 661 681 667 656 667 650 661 649 661 648 661 619 660 619 660 618 660 607 666 531 666 471 661 470 661 443 665 419 659 418 659 417 659 392 663 383 659 382 659 381 659 380 659 380 659 371 664 361 659 360 659 359 659 307 664 307 690"/></Shape>
            <String CONTENT="es quaſdam exponit quæ ſint uiduæ ueræ, quæ ſuſcipi" HPOS="306.0" VPOS="659.0" WIDTH="670.0" HEIGHT="55.0" WC="0.9889707565307617"/>
          </TextLine>
          <TextLine ID="line_17" TAGREFS="LT8" BASELINE="307 734 976 738" HPOS="306.0" VPOS="704.0" WIDTH="670.0" HEIGHT="50.0">
            <Shape><Polygon POINTS="307 734 306 743 338 749 339 749 340 749 353 745 370 752 371 752 372 752 408 752 408 752 409 752 433 745 491 752 492 752 633 745 658 745 668 752 668 752 669 752 670 752 719 747 737 753 738 753 739 753 776 749 809 754 809 754 840 747 903 754 904 754 975 746 976 738 975 713 942 707 941 707 910 712 903 708 902 708 901 708 901 708 900 708 886 713 810 713 798 706 797 706 797 706 796 706 774 712 718 712 709 706 708 706 707 706 706 706 632 709 619 705 618 705 617 705 490 710 471 704 470 704 469 704 468 704 453 709 421 705 420 705 378 709 371 704 370 704 369 704 368 704 307 709 307 734"/></Shape>
            <String CONTENT="endæ, quæ relegandæ. Poterit hinc quo certum for¬" HPOS="306.0" VPOS="704.0" WIDTH="670.0" HEIGHT="50.0" WC="0.995376363992691"/>
          </TextLine>
          <TextLine ID="line_18" TAGREFS="LT8" BASELINE="307 777 976 783" HPOS="306.0" VPOS="745.0" WIDTH="670.0" HEIGHT="50.0">
            <Shape><Polygon POINTS="307 777 306 785 326 791 327 791 328 791 355 787 379 791 380 791 593 788 609 795 610 795 611 795 975 794 976 783 975 750 936 755 924 750 923 750 922 750 786 754 741 748 740 748 690 753 683 749 682 749 681 749 680 749 620 752 612 747 611 747 610 747 609 747 576 752 565 746 564 746 564 746 542 751 519 747 518 747 517 747 505 752 471 745 470 745 404 750 388 745 387 745 386 745 361 750 307 746 307 777"/></Shape>
            <String CONTENT="mari iudicium De alendis pauperibus, &amp; qui digni" HPOS="306.0" VPOS="745.0" WIDTH="670.0" HEIGHT="50.0" WC="0.9841395976642767"/>
          </TextLine>
          <TextLine ID="line_19" TAGREFS="LT8" BASELINE="306 821 975 826" HPOS="306.0" VPOS="788.0" WIDTH="669.0" HEIGHT="55.0">
            <Shape><Polygon POINTS="306 821 306 837 367 832 386 838 386 838 387 838 451 833 460 839 460 839 461 839 462 839 604 834 634 834 642 840 643 840 644 840 644 840 702 837 759 842 760 842 856 836 947 843 948 843 949 843 950 843 959 837 974 837 975 826 975 793 951 793 950 793 950 793 939 799 930 793 929 793 928 793 927 793 828 799 809 793 808 793 807 793 760 799 751 792 750 792 749 792 748 792 748 792 725 799 673 799 662 794 662 794 661 794 605 795 591 790 590 790 589 790 588 790 576 797 529 789 528 789 485 794 460 789 459 789 458 789 441 796 399 796 385 788 384 788 383 788 306 791 306 821"/></Shape>
            <String CONTENT="qui item indigni ſint alimonia &amp; ſtipendio eccleſiaſti" HPOS="306.0" VPOS="788.0" WIDTH="669.0" HEIGHT="55.0" WC="0.9768475470719514"/>
          </TextLine>
          <TextLine ID="line_20" TAGREFS="LT8" BASELINE="306 864 976 869" HPOS="306.0" VPOS="831.0" WIDTH="670.0" HEIGHT="55.0">
            <Shape><Polygon POINTS="306 864 306 876 395 874 417 883 417 883 418 884 491 884 491 883 492 883 508 875 598 880 599 880 619 876 640 885 641 885 642 885 688 880 717 885 718 885 719 885 720 885 730 877 760 885 761 885 762 885 794 878 809 886 810 886 811 886 843 881 875 886 876 886 975 878 976 869 975 837 928 842 885 836 884 836 883 836 864 841 760 835 760 835 686 841 676 834 675 834 674 834 610 833 609 833 579 841 531 841 509 832 509 832 508 832 507 832 486 840 432 840 411 831 410 831 409 831 408 831 394 837 364 831 363 831 362 831 361 831 352 839 310 839 306 864"/></Shape>
            <String CONTENT="co. Illud quo hinc euidẽtißime probari potest quod" HPOS="306.0" VPOS="831.0" WIDTH="670.0" HEIGHT="55.0" WC="0.9955024020029948"/>
          </TextLine>
          <TextLine ID="line_21" TAGREFS="LT8" BASELINE="305 907 975 912" HPOS="305.0" VPOS="879.0" WIDTH="670.0" HEIGHT="49.0">
            <Shape><Polygon POINTS="305 907 305 919 349 917 360 923 361 923 361 924 392 924 392 923 392 923 413 917 422 924 423 924 423 924 424 924 451 920 490 924 490 924 520 918 528 925 529 925 530 925 531 926 591 926 591 925 627 919 668 926 669 926 740 920 773 920 785 927 786 927 787 927 827 921 863 928 864 928 975 921 975 912 975 889 930 883 929 883 928 883 907 888 797 888 787 882 786 882 785 882 785 882 755 887 748 881 747 881 746 881 745 881 710 886 607 886 595 880 595 880 594 880 551 886 522 886 515 880 514 880 513 880 512 880 472 885 414 879 413 879 305 883 305 907"/></Shape>
            <String CONTENT="ad epiſcopos cura pauperum pertineat, non quod o¬" HPOS="305.0" VPOS="879.0" WIDTH="670.0" HEIGHT="49.0" WC="0.991391624723162"/>
          </TextLine>
          <TextLine ID="line_22" TAGREFS="LT8" BASELINE="306 951 976 955" HPOS="305.0" VPOS="923.0" WIDTH="671.0" HEIGHT="46.0">
            <Shape><Polygon POINTS="306 951 305 959 336 966 337 966 337 966 359 960 440 966 441 966 521 961 530 966 531 966 532 966 533 966 554 962 573 967 574 967 575 967 638 963 731 963 743 967 744 967 745 967 800 963 845 969 846 969 846 969 862 965 975 965 976 955 976 932 958 926 957 926 957 926 843 931 835 925 834 925 834 925 833 925 772 930 765 925 764 925 763 925 762 925 761 925 743 929 707 924 706 924 705 924 692 930 622 930 607 924 607 924 606 924 564 929 552 923 552 923 551 923 523 929 440 929 353 929 327 923 326 923 325 923 310 927 306 951"/></Shape>
            <String CONTENT="rationem &amp; prædicationem uerbi dominici iubean¬" HPOS="305.0" VPOS="923.0" WIDTH="671.0" HEIGHT="46.0" WC="0.9934825884534958"/>
          </TextLine>
          <TextLine ID="line_23" TAGREFS="LT8" BASELINE="304 992 974 997" HPOS="303.0" VPOS="959.0" WIDTH="671.0" HEIGHT="56.0">
            <Shape><Polygon POINTS="304 992 303 1002 367 1003 376 1010 377 1010 378 1010 379 1010 380 1010 400 1004 477 1009 478 1009 527 1005 549 1013 550 1013 551 1013 590 1006 639 1014 640 1014 765 1010 793 1015 794 1015 795 1015 808 1009 862 1015 863 1015 973 1008 974 997 973 972 934 972 916 964 915 964 862 964 861 964 860 964 859 964 854 968 839 963 838 963 837 963 796 971 750 962 749 962 748 962 730 970 710 966 709 966 680 969 658 962 657 962 616 962 615 962 614 962 594 969 573 961 572 961 571 961 570 961 554 968 543 964 542 964 541 964 416 968 398 959 397 959 396 959 369 960 368 960 355 968 308 968 304 992"/></Shape>
            <String CONTENT="tur deſerere &amp; menſis miniſtrare, ſed quod officij eo¬" HPOS="303.0" VPOS="959.0" WIDTH="671.0" HEIGHT="56.0" WC="0.993116107251909"/>
          </TextLine>
          <TextLine ID="line_24" TAGREFS="LT8" BASELINE="304 1038 973 1041" HPOS="303.0" VPOS="1006.0" WIDTH="670.0" HEIGHT="52.0">
            <Shape><Polygon POINTS="304 1038 303 1048 365 1056 366 1056 367 1056 386 1050 459 1056 460 1056 460 1056 461 1056 470 1050 475 1054 476 1054 477 1054 478 1054 539 1051 554 1057 555 1057 556 1057 668 1051 731 1057 732 1057 733 1057 750 1051 758 1057 759 1057 760 1057 760 1057 790 1054 807 1058 808 1058 809 1058 848 1052 902 1052 913 1058 914 1058 914 1058 915 1058 972 1051 973 1041 972 1018 882 1017 871 1010 871 1010 870 1010 869 1010 868 1010 846 1017 834 1009 833 1009 832 1009 831 1009 830 1009 809 1017 738 1017 697 1008 696 1008 638 1016 621 1016 607 1007 607 1007 606 1007 605 1007 563 1008 562 1008 561 1008 550 1015 520 1007 519 1007 518 1007 517 1007 500 1013 471 1006 377 1006 376 1006 375 1006 357 1013 308 1015 304 1038"/></Shape>
            <String CONTENT="rum ſit diligẽter inuigilare ut illi qui pauperibus præ" HPOS="303.0" VPOS="1006.0" WIDTH="670.0" HEIGHT="52.0" WC="0.9924205871565002"/>
          </TextLine>
          <TextLine ID="line_25" TAGREFS="LT8" BASELINE="305 1080 972 1084" HPOS="305.0" VPOS="1048.0" WIDTH="667.0" HEIGHT="54.0">
            <Shape><Polygon POINTS="305 1080 305 1097 331 1091 351 1091 365 1098 366 1098 367 1098 368 1098 390 1091 404 1091 414 1098 415 1098 416 1098 417 1098 452 1094 459 1099 460 1099 460 1099 461 1100 486 1100 486 1099 487 1099 488 1099 499 1092 552 1092 559 1096 560 1096 561 1096 562 1096 563 1096 572 1092 606 1092 615 1100 616 1100 617 1100 618 1100 727 1094 747 1100 748 1100 748 1100 847 1094 862 1101 863 1101 864 1102 897 1102 897 1101 898 1101 918 1094 947 1100 948 1100 949 1100 971 1094 972 1084 972 1059 953 1059 944 1052 944 1052 943 1052 923 1052 922 1052 921 1052 920 1052 914 1057 907 1052 906 1052 905 1052 904 1052 903 1052 884 1058 814 1058 774 1051 773 1051 773 1051 772 1051 761 1058 714 1058 680 1057 666 1051 665 1051 664 1051 619 1055 606 1051 605 1051 604 1051 603 1051 588 1057 521 1052 520 1052 439 1056 420 1050 419 1050 418 1050 417 1050 399 1055 390 1049 389 1049 388 1049 387 1049 368 1052 305 1048 305 1080"/></Shape>
            <String CONTENT="fecti ſunt pauperes non negligant aut fraudent ſed bo" HPOS="305.0" VPOS="1048.0" WIDTH="667.0" HEIGHT="54.0" WC="0.9885304480228784"/>
          </TextLine>
          <TextLine ID="line_26" TAGREFS="LT8" BASELINE="303 1124 973 1128" HPOS="302.0" VPOS="1094.0" WIDTH="671.0" HEIGHT="48.0">
            <Shape><Polygon POINTS="303 1124 302 1133 355 1138 356 1138 357 1138 358 1138 365 1133 403 1133 440 1139 441 1139 479 1134 544 1139 545 1139 604 1135 615 1140 616 1140 617 1141 674 1141 674 1140 674 1140 685 1135 705 1141 706 1141 707 1141 760 1137 839 1142 840 1142 972 1137 973 1128 973 1105 953 1098 952 1098 951 1098 915 1103 904 1098 903 1098 853 1098 852 1098 852 1098 851 1098 842 1104 785 1104 776 1097 775 1097 774 1097 773 1097 773 1097 749 1103 725 1097 724 1097 723 1097 650 1102 636 1096 635 1096 634 1096 601 1100 587 1096 586 1096 585 1096 584 1096 583 1096 576 1101 504 1101 494 1095 493 1095 492 1095 491 1095 404 1100 386 1094 385 1094 349 1094 349 1094 348 1094 347 1094 339 1100 303 1094 303 1124"/></Shape>
            <String CONTENT="na fide curent: uerum redimus ad uerba apoſtoli. Vi¬" HPOS="302.0" VPOS="1094.0" WIDTH="671.0" HEIGHT="48.0" WC="0.9745265348599508"/>
          </TextLine>
          <TextLine ID="line_27" TAGREFS="LT8" BASELINE="303 1166 972 1173" HPOS="302.0" VPOS="1131.0" WIDTH="670.0" HEIGHT="57.0">
            <Shape><Polygon POINTS="302 1175 330 1180 331 1180 366 1177 386 1183 386 1183 387 1183 465 1178 509 1184 510 1184 511 1184 527 1180 533 1184 534 1184 535 1184 536 1184 571 1180 580 1185 581 1185 582 1185 582 1185 583 1185 595 1180 637 1180 654 1186 655 1186 656 1186 722 1180 944 1188 944 1188 971 1182 972 1173 971 1137 877 1136 877 1136 876 1136 853 1145 820 1146 803 1135 803 1135 802 1135 801 1135 736 1145 700 1134 699 1134 699 1134 638 1144 610 1137 609 1137 608 1137 607 1137 593 1143 573 1137 572 1137 571 1137 570 1137 546 1143 506 1143 498 1137 497 1137 496 1137 496 1137 495 1137 473 1143 440 1131 439 1131 438 1131 437 1131 411 1142 340 1142 304 1131 303 1166 302 1175"/></Shape>
            <String CONTENT="duas inquit honora, id est conſilio auxilio &amp; ſubſidio" HPOS="302.0" VPOS="1131.0" WIDTH="670.0" HEIGHT="57.0" WC="0.9908623507729283"/>
          </TextLine>
          <TextLine ID="line_28" TAGREFS="LT8" BASELINE="302 1210 971 1216" HPOS="302.0" VPOS="1179.0" WIDTH="669.0" HEIGHT="52.0">
            <Shape><Polygon POINTS="302 1210 302 1221 385 1220 418 1228 419 1228 454 1222 469 1229 470 1229 471 1229 472 1229 494 1222 533 1222 544 1229 545 1229 546 1229 546 1229 547 1229 561 1222 594 1229 721 1231 722 1231 801 1226 842 1229 843 1229 844 1229 853 1225 901 1230 901 1230 934 1226 956 1231 957 1231 957 1231 958 1231 970 1225 971 1216 970 1191 939 1184 938 1184 888 1191 874 1184 873 1184 872 1184 871 1184 858 1190 838 1183 837 1183 759 1182 758 1182 757 1182 730 1189 707 1181 706 1181 675 1181 674 1181 674 1181 673 1181 663 1189 637 1189 620 1181 619 1181 619 1181 587 1187 552 1180 552 1180 501 1186 490 1180 490 1180 489 1180 468 1179 420 1179 419 1179 418 1179 400 1186 380 1181 380 1181 302 1184 302 1210"/></Shape>
            <String CONTENT="iuua eccleſiaſtico. Sic enim ipſe apud Matth, dominus" HPOS="302.0" VPOS="1179.0" WIDTH="669.0" HEIGHT="52.0" WC="0.9729959874782922"/>
          </TextLine>
          <TextLine ID="line_29" TAGREFS="LT8" BASELINE="301 1254 969 1259" HPOS="300.0" VPOS="1222.0" WIDTH="669.0" HEIGHT="60.0">
            <Shape><Polygon POINTS="301 1254 300 1270 321 1268 329 1274 330 1274 331 1274 331 1274 353 1272 369 1277 370 1277 371 1277 372 1277 401 1268 409 1273 410 1273 411 1273 411 1273 474 1269 488 1274 489 1274 490 1274 490 1274 511 1269 534 1279 535 1279 536 1279 537 1279 558 1271 571 1278 572 1278 573 1279 594 1279 594 1278 635 1271 683 1271 705 1280 706 1280 771 1281 772 1281 773 1281 773 1281 782 1276 885 1282 886 1282 887 1282 908 1272 968 1277 969 1259 968 1234 893 1234 883 1227 883 1227 882 1227 858 1226 857 1226 856 1226 835 1231 818 1226 817 1226 816 1226 785 1233 776 1226 775 1226 774 1226 773 1226 773 1226 760 1230 747 1225 746 1225 745 1225 744 1225 723 1232 643 1232 606 1225 605 1225 572 1231 562 1224 561 1224 560 1224 559 1224 558 1224 530 1231 503 1231 493 1223 492 1223 491 1223 490 1223 435 1230 417 1223 416 1223 415 1223 414 1223 413 1223 404 1230 384 1230 374 1222 373 1222 372 1222 371 1222 344 1229 301 1222 301 1254"/></Shape>
            <String CONTENT="in cap. is5. uerbum honorare expoſuit. Significanter" HPOS="300.0" VPOS="1222.0" WIDTH="669.0" HEIGHT="60.0" WC="0.9927200537461501"/>
          </TextLine>
        </TextBlock>
        <TextBlock HPOS="898.0" VPOS="1282.0" WIDTH="68.0" HEIGHT="35.0" ID="block_5" TAGREFS="BT17">
          <Shape><Polygon POINTS="898 1282 966 1282 966 1317 898 1317 898 1282"/></Shape>
          <TextLine ID="line_30" TAGREFS="LT8" BASELINE="898 1305 969 1304" HPOS="897.0" VPOS="1280.0" WIDTH="72.0" HEIGHT="40.0">
            <Shape><Polygon POINTS="957 1282 949 1282 940 1282 932 1282 923 1282 914 1282 907 1282 897 1283 898 1305 898 1318 967 1320 969 1304 967 1282 957 1280 957 1282"/></Shape>
            <String CONTENT="uero" HPOS="897.0" VPOS="1280.0" WIDTH="72.0" HEIGHT="40.0" WC="0.9979711025953293"/>
          </TextLine>
        </TextBlock>
      </PrintSpace>
    </Page>
  </Layout>
</alto>
