1000 1547
367 152 596 60 Aduerſus preſbyterum accuſaᛘ

301 206 663 56 tionem ne admiſeris niſi ſub duo¬

301 259 660 65 bus aut tribus teſtibus. Eos ꝗ pecᛘ

303 319 658 56 cant coram omnibus ardue, ut &

301 371 503 55 cæteri timorem habeant.

386 101 483 41 COMMENT. IN LI. EPIST.

167 452 123 38 Priuilegia

167 479 132 35 & iudicia eᛘ

166 507 126 49 piſcoporũ

340 456 619 51 Quemadmodum miniſtro Chriſti ſedulo & probo

309 495 653 56 debetur alimonia ita & defenſio, at huiuſmodi ne pa¬

294 541 667 51 trocinium inueniat aut ſperare poßit in ſcelere, ſed

294 586 668 50 hic quo habeat quod metuat. Iccirco apoſtolus, Ad

294 630 666 50 uerſus presbyterum ait accuſationem ne admiſeris ni¬

293 671 666 50 ſi ſub duobus aut tribus teſtibus. Ratio uero huius le¬

294 715 665 52 gis hæc est. Presbyter ueritatis est miniſter. At obſe¬

293 758 666 51 quium, iuxta Comici ſententiã, amicos ueritas odiũ

291 802 666 53 parit: quocirca metuendum est perpetuo ne quid for

292 845 664 52 ſan tentent ex odio & inuidia qui accuſant presbyte

290 891 667 48 rum quo licentius peccent porrò. Deinde niſi integra

290 932 663 52 & ſacroſancta ſit ſacerdotis authoritas profecto per

288 975 666 53 quàm uilis erit eiuſdem doctrina. Iam ſi liberum per¬

288 1018 667 52 mittatur omnibus quoties libet ſacerdotis uel uitam

288 1060 667 52 uel doctrinam inceſſere, plane concidit iſtius authori

288 1103 660 55 tas. Vt ita & authoritas ſacerdotis eſſet illibata &

287 1149 663 52 doctrina eius nulla notaretur infamia præcipit apoſto

288 1192 662 55 lus ne qua aduerſus presbyterum accuſatio recipiatur

285 1234 667 64 niſi eadem legitime duorum aut trium teſtimonio fue¬

157 1233 109 41 Deut.17.

907 1291 45 51 rit
