1000 1547
18 162 668 49 & quod temere ſuſceperint profeßionem caſtitatis

17 200 671 51 non ſatis exploratis uiribus, & quod à ſuſcepta reſi¬

17 244 671 51 lierint. Impugnat hic locus Vota & uitam monaſti¬

17 288 670 48 cam in uniuerſum omnem quàm fortißime. Idẽ enim

16 330 667 51 iudicium est de Monachis et Nonnis quod de Viduis.

19 372 663 54 Tam aperta & firma ſunt hic omniaut ſolus hic lo¬

17 417 672 53 cus Vota prohibuiſſet monaſtica, niſi peccata noſtra

15 459 673 54 meruiſſent aliud. Superſunt & alia incommoda iſtis

16 502 673 54 haud meliora. Tametſi enim non laſciuiant, inquit, ad

17 547 671 55 uerſus Chriſtum ne uiolent pactam fidem, attamen

18 591 671 51 conuerſationem uitæ ita inſtituunt ut planè dedecori

18 631 670 58 ſint eccleſiæ. Otium enim omnium uitiorum ſuſcita¬

18 678 670 52 bulum & alimentum docet illas oberrare per ædes a¬

20 721 669 55 lienas, at in his nugari & garrire quæ uiduas imò

18 765 670 47 honeſtas mulieres non decet. Accedit his & curioſitas

20 807 662 55 quæ & hæc & aliain ipſis pariet dedecora. Et curio

19 846 664 61 ſitas quidem fœdum in omnibus hominibus, præcipue

19 894 668 55 autem in fœminis uitium est. Atqui hiſce uitijs omni

21 937 670 54 bus certo ita inuoluentur ſcio ut uiduitas ipſarũ plus

20 981 669 59 ignominiæ quàm gloriæ habitura ſit in eccleſia. Quid

21 1031 134 54 ergo fiet?

176 107 351 44 AD TIM. CAP. V.

613 108 67 48 154

699 803 119 40 Curioſſtas

689 833 108 35 mater eſt

698 861 109 46 garrulita¬

693 889 37 34 tis.

98 1073 587 58 Volo igitur iuniores nubere,

23 1125 665 62 liberos gignere, domum admini¬

24 1179 668 58 ſtrare, nullam occaſionem dare adᛘ

24 1232 667 70 uerſario ut habeat maledicẽdi cauᛘ

469 1296 39 38 11

528 1328 27 0 2
