1000 1547
23.0 156.0 667.0 51.0 rit comprobata. Addit huic legi nũc aliam, Quod ſi

23.0 193.0 668.0 56.0 accuſatio iſti intentata rite fuerit comprobata, certè

22.0 236.0 669.0 56.0 tantum non obſtabit illius authoritas aut doctrinæ di¬

23.0 282.0 670.0 56.0 gnitas quominus arguatur grauißime, id́ coram om¬

20.0 324.0 670.0 57.0 nibus. Cauſa uero huius legis est, ne ſibi ob ſacer

22.0 369.0 668.0 59.0 dotij functionem placeat quisquam & mox ſibi pu¬

22.0 412.0 667.0 56.0 tet licere quod libet, uerum cogitet magis quod pu¬

23.0 457.0 670.0 55.0 blico fungatur munere & quod peccata ipſius iam

24.0 497.0 669.0 60.0 non priuata ſint ſed publica quod́ contagio infici¬

24.0 544.0 669.0 55.0 ant reliquos etiam. Ergo ne epiſcoporum impunitas

26.0 585.0 669.0 59.0 pernitioſum exemplum miniſtret multitudini, quin

27.0 630.0 668.0 57.0 potius uniuerſa eccleſia, uidens ne epiſcopo quidem

27.0 674.0 669.0 56.0 impune eſſe peccare, metuat certoq́ ſibi perſuadeat

28.0 718.0 668.0 58.0 peccata ſua non fore impunita, tam diſtricte præcepit

27.0 760.0 671.0 58.0 apoſtolus ut presbyterum palàm arguat epiſcopus ſyn

27.0 805.0 670.0 55.0 cerior. Nemini autem hæ leges nouæ uideri debent.

29.0 849.0 664.0 57.0 Apud omnes enim gentes conceſſa ſunt iuſta et æqua,

30.0 892.0 667.0 58.0 quamuis apud alias & nimia nonnunquam miniſtris

32.0 935.0 667.0 59.0 ſacrorum priuilegia. His interim adiectæ ſunt & pri

31.0 978.0 667.0 59.0 uatæ quædam leges quæ acerrime iuberent in impu¬

30.0 1022.0 672.0 55.0 ros aut negligentiores animaduertere. Hæc ego omnia

34.0 1065.0 668.0 59.0 quæ ſcilicet intra modum æquum & iuſtum conſiſtũt

31.0 1110.0 670.0 57.0 hodie uellem reuocata à primarijs uiris religionis no¬

33.0 1153.0 671.0 57.0 ſtræ, quod certo habeam exploratum ne rempubli¬

33.0 1197.0 672.0 57.0 cam quidem ſine iſtis fœliciter habituram diu. Immu¬

33.0 1241.0 672.0 60.0 nitatem Papiſticam & licentiam iſtam nimiam non

33 1294 198 56 probo interim,

190.0 105.0 364.0 45.0 AD TIM. CAP. V.

631.0 104.0 52.0 46.0 15e
