1000 1547
228.0 93.0 357.0 52.0 AD TIM. CAP. VI.

659.0 104.0 67.0 48.0 166

56.0 150.0 674.0 45.0 mum dum ex aliorum authoritate eleuata nobis para

55.0 187.0 674.0 56.0 mus authoritatem, nec gloriam dei aut ueritatem ſed

54.0 231.0 675.0 57.0 propriam inquirimus laudem & popularium applau

55.0 273.0 673.0 57.0 ſum. Deinde naſcuntur contentiones dum gliſcente ri£

49.0 317.0 678.0 56.0 xarum calore nullus alij uult concedere. Hinc ubi res

52.0 360.0 674.0 60.0 exijt in rabiem furor diſputantium uberrime profun¬

52.0 403.0 672.0 61.0 dit exquiſitißima conuitia, & nonnunquam à uerbis

52.0 447.0 673.0 58.0 ad uerbera deſcenditur. Præterea naſcuntur & im¬

55.0 494.0 673.0 55.0 piæ ſuſpitiones in Deum et omnem pietatem dum nul

51.0 535.0 674.0 58.0 lum facimus inquirendi dubitandi & ratiocinandi fi

49.0 580.0 677.0 58.0 nem, dum ea quæ ſimplicißima aliâs ſunt uocamus in

52.0 624.0 677.0 58.0 quæſtionem. Quò mihi egregia certe Tertulliani uer¬

52.0 668.0 671.0 56.0 ba pertinere uidentur quæ ad hunc modum leguntur

51.0 709.0 674.0 57.0 in libello de præſcription. hæreticorum, Quid Athe¬

50.0 753.0 671.0 59.0 nis & Hieroſolymis? Quid Academiæ & Eccleſiæ?

53.0 797.0 670.0 56.0 Quid hæreticis & Chriſtianis? Noſtra inſtitutio de

52.0 841.0 672.0 60.0 porticu Solomonis est, qui & ipſe tradiderat dominũ

51.0 886.0 673.0 61.0 in ſimplicitate cordis eſſe quærendum. Viderint qui

52.0 930.0 671.0 55.0 Stoicum & Platonicum & Dialecticum Chriſtianiſ¬

51.0 975.0 672.0 56.0 mo prætulerunt. Nobis curioſitate opus non est post

51.0 1018.0 670.0 58.0 Chriſtum Ieſum, nec inquiſitione poſt Euangeliam.

52.0 1064.0 670.0 52.0 Cum credimus nihil deſyderamus ultra credere. Et

53.0 1106.0 661.0 56.0 paulò poſt, At enim ſi quod debui credere credidi, &

51.0 1149.0 670.0 60.0 aliud denuo puto requirendum, ſpero utiq; aliud eſſe

51.0 1194.0 672.0 58.0 inueniendum, nullo modo ſperaturus iſtud niſi quia

51.0 1236.0 661.0 68.0 aut non credideram qui uidebar credidiſſe aut deſij
