1000 1547
206 96 368 44 AD TIM. CAP. V.

613 93 75 53 156

23 148 664 52 mutuas́ utrin ſibi conferunt operas, uerum uincet

23 184 664 58 tandem ueritas, reſtituet́ uſui genuino eccleſiæ ſuæ

23 227 665 60 theſauros Chriſtus dominus. Cui gloria in ſæcula ſe¬

23 274 580 54 culorum, Amen. Hæc uero de Viduis hactenus.

102 331 588 63 Qui bene præſunt presbyteri

24 383 666 64 duplici honore digni habeantur,

24 437 664 60 maxime ij qui laborant in ſermo¬

24 489 669 64 ne & doctrina. Dicit enim ſcriptuᛘ

25 540 668 69 ra, Boui trituranti non obligabis

29 601 664 62 os. Et, Dignus eſt operarius mer¬

30 660 188 53 cede ſua.

703 689 118 53 De faculta

699 733 131 32 tibus eccle

699 760 129 34 ſſaſticis &

699 788 131 43 uſu earum.

73 709 618 47 Ad diſputationem de Alimonia Viduarum in qua

29 749 661 55 comprehendimus omnem pauperum curam pertinet

29 787 660 65 & tractatio de ſtipendio epiſcoporum. Namut paupe

31 836 672 56 res ita preſbyteri quo eccleſiæ toti ſeruientes ex ec¬

32 876 672 60 cleſiaſtico alendi ſunt ærario. Sed & Chriſtus ipſe et

35 922 670 57 apoſtoli ex munificentia uixerunt ſponte offerentiũ.

36 962 670 62 Et in Corinthijs ſcripſit Apoſtolus, An neſcitis quod

36 1007 670 60 hi qui in ſacris operantur ex ſacrificio uiuunt? Qui

36 1051 673 59 ſacrario aßiſtunt unà cum ſacrario partem accipi¬

37 1096 676 55 unt? Sic & dominus ordinauit ut qui euangelium an¬

39 1138 673 59 nunciant de euangelio uiuant. Legimus præterea in

40 1179 673 61 Actis apoſtolorum uiros cordatiores facultates ſuas

41 1224 675 75 rd pedes apportaſſe apoſtolorum, quibus & paupe¬

480 1281 78 48 u A
