1000 1547
216.0 114.0 369.0 48.0 AD TIM. CAP. V.

674.0 124.0 62.0 47.0 161

55.0 166.0 675.0 54.0 mi & corporis exhauriunt itaq́ præmaturo ſenio cõ

55.0 201.0 674.0 62.0 ſeneſcunt, adeout cum officijs pietatis eccleſiæ debe¬

52.0 242.0 671.0 65.0 bant maxime utiles eſſe olim ſeſe fecerunt inutiles.

52.0 290.0 673.0 61.0 Colligimus autem ex hoc loco Timotheum fuiſſe ab¬

49.0 331.0 675.0 65.0 ſtemium. Certè Plato de legibus iubet pueros uſ ad

48.0 377.0 673.0 62.0 etatem XVIII. annorum à uino abſtinere quod non

47.0 420.0 672.0 63.0 ſit neceſſe ignem igni addere. Inde uero uſ ad XL.

46.0 464.0 674.0 61.0 modice uti. Poſt eam ætatem ſe pluſculum inuitare ad

42.0 508.0 678.0 62.0 uitæ tædium leuandum. Ita Paulus, Paululo inquit ui

43.0 556.0 674.0 58.0 no utere, id́ propter ſtomachum tuum & crebras tu

44.0 598.0 672.0 59.0 as infirmitates. Ineſt enim uino temperàte ſumpto mi

42.0 642.0 671.0 60.0 ra medicandi uis. De qua re qui uult legat 2.ca.23.lib.

39.0 683.0 669.0 62.0 Pli. Hoc ipſum ſi ſumatur immodice maximorũ quo

39.0 727.0 672.0 61.0 cauſa est morborũ, id quod idem ille Plinius teſtatur

38.0 770.0 675.0 61.0 lib.14.cap.22. Noſtri epiſcopi nulla præceptione ut ui

38.0 816.0 674.0 59.0 num bibant opus habent cum ultro bibant copioſius

38.0 860.0 672.0 63.0 quàm deceat. Freno ergo cohibendi calcaribus nequa¬

38.0 907.0 301.0 53.0 quam exagitandi ſunt.

107.0 969.0 600.0 64.0 Quorundam hominum peccaᛘ

36.0 1022.0 672.0 63.0 ta ante manifeſta ſunt præceden¬

36.0 1076.0 671.0 63.0 tia ad iudicium, quoſdam uero &

35.0 1129.0 670.0 59.0 ſubſequuntur. Conſimiliter & boᛘ

35.0 1185.0 672.0 63.0 na opera prius manifeſta ſunt, &

36.0 1239.0 669.0 70.0 ea quæ ſecus habent occultari non

42.0 1295.0 174.0 65.0 poſſunt.

540.0 1312.0 24.0 43.0 x
