1000 1547
26 146 669 49 nepotes, ne porrò à ſcripturis alienum credant quod

24 183 672 55 dicimus Apoſtolos baptiſaſſe infantes. Conſtat enim

24 229 671 50 domos ab iſtis eſſe baptiſatas. Diſcant item ex hoc

23 272 673 53 Pauli præcepto qui ærario eccleſiaſtico præfecti ſunt

24 316 670 52 quos recipiant eccleſiæ ſtipendio alendos. Quod enim

23 360 672 49 de uiduis dicitur id & de egenis in uniuerſum, quod

23 401 519 56 diſpenſandi rationem attinet, intelligitur.

217 89 340 47 AD TIM. CAP. V.

77 465 620 57 Porrõ quæ uere uidua eſt ac deᛘ

23 517 674 63 ſolata, ſperat in Deo & perſeuerat

23 573 675 57 in obſecrationibus ac precationi¬

23 622 673 62 bus noctu die. Porrò quæ in deᛘ

23 678 671 58 litijs uerſatur ea uiuẽs mortua eſt.

24 733 675 64 Et hæc præcipe ut irreprehenſibi¬

24 787 675 62 les ſint. Quod ſi quæ ſuis & maxi¬

24 839 676 60 me familiaribus nõ prouidet, fidẽ

24 892 672 67 abnegauit & eſt infideli deterior.

625 99 68 40 150

63 972 640 50 Hæc ad expoſitionem eorum pertinent quæ pro¬

27 1012 673 55 poſita ſunt. Dixerat eas uiduas eſſe honorandas quæ

25 1057 671 50 uere ſint uiduæ, nunc ergo demonſtrare incipit quæ

25 1100 670 53 nam ſint uere uiduæ. Illa, inquit, uere uidua est quæ

27 1145 676 51 mariti, liberorum, nepotum, deni omni huius mun¬

25 1186 677 55 di ſolatio, deftituta, a ſolo deo pendet, & in hunc om¬

28 1233 673 58 nemſpem fixit, ideo́ non ocioſa & delicatula rebus

708 1049 115 42 Quæ nam

705 1085 126 43 ſint uere ui

708 1112 57 58 duæ.
