1000 1547
351 115 489 44 COMMENT, IN I. EPIST.

274 167 543 47 Infirmos tegat ac recreet mediocriter artus

275 209 577 50 Expletum́ modum naturæ non trahat extra.

341 271 602 57 Cæterum qui uolunt diteſcere

272 325 670 58 incidunt in tentationem & laque¬

274 380 670 56 um, & cupiditates multas, ſtultas

273 432 670 58 ac noxias, quæ demergunt homi¬

273 485 671 55 nes in exitium & interitum. Siquiᛘ

274 541 670 54 dem radix omnium malorum eſt

274 594 670 60 ſtudium pecuniæ, quam quidam

274 648 668 55 dum appetunt aberrauerunt à fi¬

274 697 666 63 de & ſeipſos implicuerunt dolori¬

276 757 239 56 bus multis.

145 812 125 47 Peſtis ma¬

143 852 127 36 xima eſt a¬

145 877 94 46 uaritia.

318 821 618 49 Exponit quantis cum periculis coniunctum ſit ſtu¬

275 862 664 52 dium pecuniæ & quantum malorum auaritia epiſco

275 902 663 56 porum peſtis maxima poſt ſe trahat. Qui diteſcere uo

274 944 663 56 lunt, inquit, non qui diuites ſunt. Fuerunt enim ſanctiſ

273 988 665 55 ſimi uiri diuites, nullus autem ſanctorum diteſcere uo

273 1032 665 55 luit. Nam diteſcere uolunt quotquot inuita quod dici

274 1075 664 56 ſolet Minerua per phas & nephas opes colligere deſti

274 1118 664 56 narunt. Qui ergo ſemel apud ſeſe ſtatuerunt diuitias

274 1163 664 51 corradere incidunt in tentationem & laqueum, hoc

274 1207 664 52 est in cupiditates multas eas́ ſtultas & noxias. Tan¬

276 1248 662 66 demenim onerati deprimuntur in exitium & interi¬

874 1302 64 39 tum
