1000 1547
337.0 118.0 490.0 48.0 COMMENT. IN I. EPIST.

292.0 175.0 567.0 49.0 Cura, fames, metus, anxietas, periuria, pallor,

292.0 209.0 585.0 56.0 Corruptela, dolus, commenta, inſomnia, ſordes

292.0 251.0 573.0 60.0 Eumenides furiæ, monſtri comitatus aguntur.

292.0 293.0 670.0 61.0 Buius generis et alia quædam ex Salluſtio annotaui in

292.0 336.0 669.0 63.0 2.cap.1.ad Theß. Sequitur ad hæc, Quam quidã dum

292.0 384.0 668.0 53.0 appetunt ait aberrauerunt à fide. Alibi enim auari¬

292.0 424.0 669.0 59.0 tiam appellat idololatriam. Et ſanè fides ſcopum pro¬

294.0 468.0 668.0 60.0 ponit Deum, ſtudium pecuniæ cupiditatem. At domi¬

294.0 513.0 668.0 52.0 nus dicit, Vbi theſaurus tuus ibi et cor tuum. Corrum

294.0 556.0 666.0 60.0 puntur item animi auaritia ſoluitur́ auro fides. Ho¬

295.0 599.0 669.0 60.0 die etiam à uera fide longißime aberrant quidam qui

296.0 642.0 667.0 60.0 pluris faciunt Mamona quàm Chriſtum. Interim dum

299.0 685.0 665.0 60.0 ſtudioſe ſectantur opes ut has inſumant uoluptatibus

298.0 729.0 666.0 60.0 & largitionibus ad honores penetrent, multis ſeſe im

298.0 773.0 666.0 58.0 plicant doloribus, partim quod non ſine magnis mo¬

297.0 816.0 667.0 60.0 leſtijs facultates ſibi parant, partim uero quod illas

297.0 861.0 666.0 57.0 maiori cum animi cruciatu cuſtodiant, deni maxima

297.0 902.0 664.0 56.0 cum pœnitudine tandem amittant, ut nunc non refe¬

298.0 946.0 638.0 59.0 ram honorum pericula & uoluptatum diſcrimina.

364.0 1016.0 597.0 70.0 Tu uero homo dei iſta fuge, ſeᛘ

298.0 1073.0 663.0 68.0 ctare autem iuſtitiam, pietatem, fi¬

297.0 1130.0 666.0 67.0 dem, charitatem, patientiam, man¬

300.0 1184.0 663.0 63.0 ſuetudinem. Certa bonum certa¬

300.0 1236.0 663.0 78.0 men fidei, apprehende uitam æterᛘ

887.0 1296.0 74.0 53.0 nam,
