1000 1547
163.0 216.0 141.0 44.0 Alia pecca

162.0 249.0 121.0 36.0 ta manife,

163.0 276.0 133.0 35.0 ſta, occulta

165.0 303.0 118.0 45.0 ſunt alia.

374.0 139.0 484.0 56.0 COMMENT. IN I. EPIST.

345.0 196.0 612.0 57.0 Epanaphora est. Redit enim ad id quod præcepe

302.0 227.0 657.0 69.0 rat ne communicaret peccatis alienis, & ait, Nolim

303 268 655 73 autem exiſtimes omnia tuorum peccata tibi eſſe impi

298.0 313.0 661.0 70.0 tanda, ſed ea tantum quæ manifeſta ſunt. Verbi gra¬

300.0 357.0 660.0 66.0 tia, Vixit aliquis inter uos adeo perdite ut nemo hacte

300.0 401.0 661.0 69.0 nus quicquam ſibi de hoc homine bonæ frugis potuit

302.0 446.0 661.0 67.0 polliceri, huic uero communicas tu & hunc ſubuehis

302.0 485.0 660.0 70.0 ad honores & officia publica, in quibus adminiſtran¬

304.0 529.0 663.0 70.0 dis ſui per omnia ſimilis nihil facit laude dignum ſed

306.0 578.0 658.0 66.0 omnia corruptißime, iſtius certe corruptio & pecca¬

306.0 617.0 664.0 67.0 ta merito tibi quo imputantur, qui non neſcieris cui

308.0 663.0 663.0 64.0 communicaueris & quali impoſueris manus. Rurſus

310.0 705.0 661.0 70.0 inſinuat ſe amicitiæ tuæ alius quiſpiam & ipſe corru¬

312.0 747.0 661.0 72.0 ptus & nepharius, uerũ nouit interim improbitatem

313.0 792.0 661.0 68.0 ſuam dißimulare ut humano iudicio deprehendi non

315.0 834.0 660.0 70.0 poßit. Tali ſi communicaueris aut functionem commi

316.0 880.0 659.0 69.0 ſeris publicam in qua gerenda boni uiri officio nõ fun

319.0 923.0 657.0 68.0 gatur ſed erumpens palàm factitet quod clam hacte¬

318.0 967.0 659.0 71.0 nus geßit ad occaſionem in pectore, nequaquam iſtius

319.0 1008.0 656.0 70.0 improbitatis particeps eris, cum talem eſſe neſcieris,

320.0 1054.0 655.0 65.0 Facit ergo apoſtolus duo peccati genera. In primo ge¬

321.0 1094.0 658.0 68.0 nere ſunt manifeſta illa præcedentia ad iudicium. In

321.0 1137.0 659.0 71.0 ſecundo genere ſunt occulta ſubſequentia iudicium.

322.0 1182.0 659.0 65.0 Per iudicium autem intelligunt alij extremum iudici¬

322.0 1224.0 659.0 72.0 um, ego uero hominis iudicium & cognitionem intel

324.0 1271.0 653.0 74.0 ligo, ut præcedentia iudicium ea ſint peccata qua

923 1322 49 57 prae
