1000 1547
50 147 667 48 quiſquam Deo et mamonæ inſeruire poteſt. Debet igi

49 187 664 52 tur epiſcopus ab auaritia, muneribus, à quæſtu turpi,

49 229 668 53 à lucro inhoneſto, & cumulandi induſtria ac diligen¬

46 274 665 53 tia quàm alienißimus eſſe. Hodie induſtrij & egregij

46 317 683 52 creduntur epiſcopi qui auri ac argenti cumulos ma¬

48 359 669 56 gna́ pondera poſteris ad bella contra Chriſtũ inſtau

47 405 663 51 randa et alenda relinquunt. Tam probe epiſcopi &

47 446 669 57 proceres eccleſiaſtici hodie ex ſacris inſtituti ſuum fa

48 494 299 52 ciunt officium ſcilicet.

198 94 395 47 AD TIM. CAP. III.

92 539 624 58 qui ſuæ domui bene præſit, qui

47 589 670 55 liberos habeat in ſubiectione cum

48 643 667 64 omni reuerentia. Quod ſi quis ꝓ¬

51 705 665 57 priæ domui præeſſe non nouit,

49 754 656 56 quomodo eccleſiam dei curabit?

634 93 85 41 128

92 813 619 43 Quemadmodum uero auaritia uitio datur epiſco¬

49 848 660 54 pis ita & profuſio & rei familiaris neglectus. Auaro

49 893 672 54 non tam deeſt quod habet quàm quod non habet. Pro

50 937 670 53 digo uero non tam prodeſt quod habet quàm quod nõ

50 980 672 54 habet, utpote cui nihil ſatis est quiq́; abliguriret

51 1024 673 52 omnes omnium facultates ſi quis modo illos ſuppe¬

51 1067 672 51 ditaret. Vter in extremis quod dici ſolet hæret, u¬

50 1112 675 49 ter culpabilis est, qui uero medium tenet is iuſta am

51 1154 675 53 bulat. Quocirca Paulus deſignat epiſcopum qui aua¬

53 1198 673 52 rus non ſit & tamen ſuæ domui propriæ (τοϋἴδlιoυ

52 1241 667 63 ὁικον καλως προίςάμενον) bene præſit, hoc est,

721 798 119 38 Frugi ho¬

720 828 131 38 mo ſit epi¬

729 854 94 43 copus.
