1000 1547
33 165 671 59 Sanctificatur enim per ſermonem

33 211 418 62 Dei ac precationem.

181 110 377 48 AD TIM. CAP. IIII.

70 288 626 53 Iam ſpeciatim ſubiungit quædam dogmata ex qui

27 326 665 62 bus quæ iam propoſuit manifeſta fiant et reliquæ ipſo

27 375 674 53 rum doctrinæ æſtimentur. Bina autem exempla pro¬

30 416 673 57 ponit, alterum quidem quod coniugio & alterũ quod

26 460 675 56 cibis interdicturi ſint. De utro quid ſentiat ueritas

25 505 676 53 nemo neſcit. De coniugio pronunciat ſcriptura Hono

26 549 674 54 rabile eſſe connubiũ apud omnes et cubile impollutũ.

24 592 677 55 De cibo eadem cenſet Puris omnia eſſe pura, ne id

25 638 676 53 quod in os ingreditur polluere hominem, ſed quod ex

25 681 674 55 corde egreditur. In qua ſimplicitate ut uera fides per

26 725 673 52 ſtat ita hypocriſis rimas quærit per quas elabatur. Ac

25 768 674 56 cedit hic ſpiritus impoſtor, & quoniã is bona ſpecie

24 813 674 55 impoſuit primis parentibus, ideo nunc quo ſuggerit

24 856 675 55 egregium eſſe ſi quis tam à mulieribus quàm à carni¬

24 901 675 51 bus & uino abſtineat, inde enim enaſci in mundo glo

24 945 674 53 riam & laudem maximam. Hanc qui ſpectant à fide

24 986 674 55 deficientes ſpiritibus impoſtoribus & dæmoniorum

23 1031 667 54 doctrinis attendunt, labuntur́ in hypocriſim &

22 1076 674 51 mendacium. Tametſi enim abſtineant tam à mulierum

22 1121 672 49 complexu quàm à carnium eſu, animus tamen inſyn¬

23 1161 676 55 cerus est. Nam multarum ſibi conſcij ſordium conſci¬

23 1207 676 49 entiam habent inuſtione uitæ impurioris ineluibili

22 1250 680 60 compunctißimam. Foris quidem non ueſcuntur carni

635 116 59 51 138

707 288 111 49 Dogmata

705 328 128 34 pſeudopro

705 355 119 56 phetarum.

551 1308 37 52 2

501 1307 19 54 5
