1000 1547
17 152 673 47 flicis continetur. Et ſanè non rarò trahuntur à ſacra¬

16 193 671 46 mentis Chriſtianorũ argumenta in exhortationibus.

174 98 371 42 AD TIM. CAP VI.

79 246 612 56 Præcipio tibi in conſpectu dei

16 298 676 60 qui uiuificat omnia & leſu Chriſti

17 350 674 61 qui teſtatam fecit ſub Pontio Pilaᛘ

17 408 674 57 to bonam profeſſionem, ut ſerues

21 464 668 58 præceptum immaculatus irrepre¬

15 515 676 60 henſibilis, uſ ad apparitionem

15 570 676 59 domini noſtri leſu Chriſti, quam

15 623 674 59 temporibus ſuis oſtenſurus eſt il¬

14 678 675 60 le beatus & ſolus princeps, rex re¬

15 733 673 61 gnantium & dominus dominan¬

15 786 674 61 tium, qui ſolus habet immortalitaᛘ

14 842 672 58 tem, lucem habitans inacceſſam,

16 898 672 57 quem uidit nemo hominum, ne

15 947 673 62 uidere poteſt, cui honor & imperiᛘ

15 1008 520 55 um ſempiternum. Amen.

625 102 63 44 171

56 1072 625 54 Aſtringit his quo ueluti ſacramento fidelem dei

14 1113 669 53 miniſtrum quemamodum in cap.5.ut præſcriptas præ

16 1159 674 56 ceptiones & inſtitutiones fideliter cuſtodiat & offi¬

18 1203 670 55 cio ſuo in omnibus ſatisfaciat. Cæterum quo obſtrin¬

20 1247 675 66 geret epiſcopum ſacramento religioſiore hunc ueluti

693 1065 130 35 Sacramen¬

689 1098 134 36 tum epiſcos

690 1121 90 41 porum.

489 1305 81 52 y 3
