1000 1547
366.0 103.0 486.0 49.0 COMMENT. IN I. EPIST.

318.0 155.0 633.0 61.0 Nam corporalis exercitatio pauᛘ

289.0 203.0 665.0 69.0 lulum habet utilitatis, at pietas ad

288.0 263.0 665.0 66.0 omnia utilis eſt, ut quæ promiſſioᛘ

288.0 313.0 662.0 66.0 nes habeat uitæ præſentis & fu¬

290.0 376.0 123.0 57.0 turæ.

331.0 453.0 626.0 57.0 Cauſam ſiue rationem adiungit præceptioni. Ideo

287.0 499.0 666.0 55.0 inquit iubeo imprimis & aßidue pietatem inculcare,

287.0 544.0 667.0 55.0 quod hæc ſit ad omnia utilis, exercitatio uero corpo¬

288.0 583.0 669.0 59.0 ralis paululum habeat utilitatis. Pietas autem quid ſit

287.0 634.0 669.0 49.0 iamiam expoſui. Cæterum per Exercitationem corpo

285.0 672.0 672.0 55.0 ralem Ambro. intellexit ieiunia & omnia carnis fre¬

288.0 715.0 672.0 57.0 na, diſciplinas uidelicet externas quibus ferocientem

288.0 761.0 672.0 52.0 edomamus carnẽ. Et ſanè uoluit Paulus ſemel omnem

288.0 807.0 669.0 52.0 illum exteriorem cultum & diſciplinam notare per

288.0 848.0 674.0 50.0 corporalem exercitationem ut hic non tantum ieiu¬

289.0 891.0 672.0 55.0 nia, uigilias, delectum ciborum & ueſtium, corporis

290.0 933.0 673.0 57.0 caſtigationem, ſed omne intelligat quod externa ob¬

293.0 977.0 665.0 56.0 ſeruatione in corpore fit. Hæc quidem ſi moderate &

292.0 1021.0 672.0 55.0 in fide fiant non prorſus inutilia ſunt. Præparant e¬

292.0 1066.0 671.0 53.0 nim corpora noſtra ad officia pietatis, uerum in eis

294.0 1106.0 671.0 59.0 non conſiſtit ſolida pietas, imò niſi prius adſit pietas

294.0 1151.0 671.0 53.0 iſta proderunt ad nihilum. Sed & omnes dei in ſcri¬

295.0 1195.0 669.0 58.0 pturis promißiones fidelibus & charitatem per ope¬

297.0 1239.0 667.0 62.0 ra pietatis exprimeutibus pollicentur tam præſentis

887.0 1288.0 79.0 51.0 bona
