1000 1547
153 627 119 56 2. Timo.3

286 149 669 52 gio & ſancto ciborum uſu, hæc inquam ſi tradideris

283 187 665 57 bona fide fidelibus bonus eris miniſter Chriſti. Hone¬

283 230 668 58 ſto enim & bono excitat ad uigiliam & fidelem do¬

283 275 668 56 cendi diligentiam. Aequum est, inquit, ut fideliter do

284 317 666 54 mino qui te ad hoc miniſterium uocauit, ſeruias. Id fe¬

284 360 668 57 ceris autem ſi iſta quæ præſcripſi propoſueris fideli¬

284 405 669 57 bus. Hodie uero hæreſeos inſimulamur quoties iſta ita

284 449 668 55 ut Paulus præcepit tradimus eccleſijs: unde conijcere

284 492 669 57 licet quales habeamus aduerſarios, quales item doctri

284 538 667 54 næ nostræ præceptores. Deinde accedit aliud quo

284 581 668 54 quod & in officio retineat Timotheum & excitet

290 622 660 62 ad maiora. Ab ipſa adoleſcentia inquit in fide euange

285 670 666 55 lica bona́ doctrina es ueluti enutritus, ſanam quo

283 713 669 50 doctrinam & fidem ueram es hactenus conſtanter ſe

285 757 671 57 quutus, ideoq perges porrò ſumma cum laude quod

285 798 670 58 cepiſti abſoluere, tui per omnia ſimilis eſſe, imò temet

288 843 665 54 ipſum in ſtudio iſto pulcherrimo ſuperare plurimum.

286 888 669 50 His iam addit præceptum breuißimum in quo comple

288 933 670 51 ctitur omnia, Ad pietatem temetipſum exerce, pro¬

294 971 663 65 phanas & inanes fabulas reijce. De pietate autem

288 1018 668 57 quid ſit ne inter Gentes quidem qui non intelligerent

288 1061 669 57 defuerunt. M. enim Cicero in oratione pro domo ſua

288 1105 666 56 ad Pontifices non impie de pietate ſentiens, Equidem,

290 1146 668 60 inquit, ſic accepi Pontifices in religionibus ſuſcipien¬

292 1192 667 55 dis caput eſſe interpretari quæ uoluntas deorum im¬

294 1234 666 65 mortalium eſſe uideatur. Nec est ulla erga deos pietas

154 992 129 46 Pietas quid

358 96 483 48 COMMENT. IN. I. EPIST.

906 1281 57 52 niſi
