1000 1547
271 152 663 60 nem circa uerba digladiantes ipſam́ rẽ negligentes,

271 191 664 62 Scholaſticæ Theologiæ authores, ut parũ in his liceat

271 232 665 62 inuenire ſimplicitatis et puritatis apoſtolicæ, quæ qui

273 276 664 60 dem ut ſimplicißima est ita abhorret ab omni uerbo¬

274 320 665 63 rum pugna & quæſtionum tricis. Docet autem quàm

275 362 663 64 ſimplicißime fidem innocentiã & charitatem. Ergo

276 408 666 61 de pietate uera in hac magna eſt cura, de uerbis aut

276 450 664 64 quæſtionibus nulla concertatio. Vera enim religio nõ

278 493 666 66 poterit non negligi cum toti ad diſputandum et rixan

279 539 665 55 dum conuertimur. Cæterum hie non omnes damna¬

279 580 665 66 mus diſputationes ſed eas tantum quæ huiuſmodi ſunt

280 630 388 60 quales iam deſcribit apoſtolus.

345 99 489 53 COMMENT. IN I. EPIST.

347 678 596 65 Ex quibus naſcitur inuidia, cõᛘ

282 728 662 70 tentio, maledicentia, ſuſpitiones

282 783 661 71 malæ, ſuperuacaneæ conflictatio¬

283 840 660 67 nes hominum mente corruptorũ,

286 887 662 73 et quibus adempta eſt ueritas, qui

287 946 657 66 exiſtimant quæſtũ eſſe pietatem.

290 1006 350 63 Se iungere ab his.

160 1074 132 48 Diſputatio

162 1112 132 37 num & quę

162 1140 132 30 ſtionum fruᛘ

166 1166 122 38 ctus & uti¬

165 1195 68 40 litas.

334 1059 617 59 Alterum hoc est malum ex duobus quibus diximus

304 1097 645 69 epiſcopos ceu peſte infectos interire, ſtudium nempe

299 1144 653 61 conflictandi ſiue diſputandi. Illud iam uiribus & fru¬

298 1187 658 66 ctibus ſuis enumeratis graphice depingit. Ex huiuſmo

296 1229 662 73 di rixoſis inquit cõcertationibus naſcitur inuidia, pri

886 1277 76 53 mum
