1000 1547
398.0 97.0 473.0 46.0 COMMENT. IN I. EPIST.

299.0 147.0 663.0 52.0 fruſtrantur aliquoties uiri aut adoleſcentes induſtrij,

298.0 188.0 666.0 56.0 qui cum ſingulari diligentia & eruditione egregiam

301.0 232.0 664.0 55.0 ſpem de ſe præbuere amplioribus præmijs ad maiora

298.0 276.0 665.0 52.0 erant prouehendi, nunc uero negliguntur aliquoties

300.0 318.0 666.0 55.0 prouehuntur́ ad honores qui nõ tam indocti quàm

300.0 363.0 663.0 52.0 indigni ſunt, quo demum fit ut & illi animũ deſpon

299.0 406.0 622.0 52.0 deant & aſini, quod dici ſolet, portent myſteria.

364.0 459.0 600.0 57.0 Hæc tibi ſcribo ſperans fore ut

299.0 514.0 665.0 63.0 ueniam ad te cito, quod ſi tardius

298.0 571.0 665.0 55.0 uenero ut noris quomodo opor¬

300.0 618.0 667.0 62.0 teat in domo dei uerſari quæ eſt ecᛘ

299.0 671.0 665.0 61.0 cleſia dei uiuentis columna & ba¬

300.0 730.0 242.0 64.0 ſis ueritatis.

306.0 801.0 661.0 52.0 Inſtitutum & uſum præcedentium oſtendit præ¬

300.0 843.0 668.0 55.0 ſentibus, ex quibus facile intelligimus Paulum hiſce

300.0 886.0 668.0 54.0 capitibus tribus totius eccleſiaſticæ œconomiæ ſum¬

300.0 927.0 668.0 57.0 mam adumbraſſe:ut uani & ingrati ſint ſpirituiſan¬

300.0 975.0 669.0 52.0 cto quicun formulam œconomlæ petunt aliam. Iam

300.0 1017.0 669.0 49.0 ut diligentiam & ſtudium Timothei excitaret ma¬

302.0 1059.0 667.0 59.0 gnifice ſplendide́ de cœtu ſanctorũ loquitur, quem¬

301.0 1104.0 668.0 52.0 admodum & in Actis cap.2o.dicens, Attendite uobis

303.0 1144.0 666.0 59.0 & cuncto gregi in quo uos ſpirituſſanctus poſuit e¬

304.0 1190.0 667.0 57.0 piſcopos ad regendum eccleſiam dei quam acquiſiuit

306.0 1234.0 663.0 62.0 ſanguine ſuo. Ita enim & in præſentiarum cœtum il¬

912.0 1280.0 60.0 52.0 lum
