<?xml version='1.0' encoding='UTF-8'?>
<alto xmlns:xsi="http://www.w3.org/2001/XMLSchema-instance" xmlns="http://www.loc.gov/standards/alto/ns-v4#" xsi:schemaLocation="http://www.loc.gov/standards/alto/ns-v4# http://www.loc.gov/standards/alto/v4/alto-4-2.xsd">
  <Description>
    <MeasurementUnit>pixel</MeasurementUnit>
    <sourceImageInformation>
      <fileName>7326049.jpeg</fileName>
    </sourceImageInformation>
  </Description>
  <Tags>
    <OtherTag ID="BT7" LABEL="CustomZone" DESCRIPTION="block type CustomZone"/><OtherTag ID="BT8" LABEL="DamageZone" DESCRIPTION="block type DamageZone"/><OtherTag ID="BT9" LABEL="DigitizationArtefactZone" DESCRIPTION="block type DigitizationArtefactZone"/><OtherTag ID="BT10" LABEL="DropCapitalZone" DESCRIPTION="block type DropCapitalZone"/><OtherTag ID="BT11" LABEL="GraphicZone" DESCRIPTION="block type GraphicZone"/><OtherTag ID="BT12" LABEL="MainZone" DESCRIPTION="block type MainZone"/><OtherTag ID="BT13" LABEL="MarginTextZone" DESCRIPTION="block type MarginTextZone"/><OtherTag ID="BT14" LABEL="MusicZone" DESCRIPTION="block type MusicZone"/><OtherTag ID="BT15" LABEL="NumberingZone" DESCRIPTION="block type NumberingZone"/><OtherTag ID="BT17" LABEL="QuireMarksZone" DESCRIPTION="block type QuireMarksZone"/><OtherTag ID="BT18" LABEL="RunningTitleZone" DESCRIPTION="block type RunningTitleZone"/><OtherTag ID="BT19" LABEL="SealZone" DESCRIPTION="block type SealZone"/><OtherTag ID="BT20" LABEL="StampZone" DESCRIPTION="block type StampZone"/><OtherTag ID="BT21" LABEL="TableZone" DESCRIPTION="block type TableZone"/><OtherTag ID="BT22" LABEL="TitlePageZone" DESCRIPTION="block type TitlePageZone"/><OtherTag ID="BT3807" LABEL="MainZone-Continued" DESCRIPTION="block type MainZone-Continued"/><OtherTag ID="BT3808" LABEL="MarginTextZone-Notes" DESCRIPTION="block type MarginTextZone-Notes"/><OtherTag ID="BT3809" LABEL="MainZone-Head" DESCRIPTION="block type MainZone-Head"/><OtherTag ID="BT3810" LABEL="MainZone-P" DESCRIPTION="block type MainZone-P"/>
    <OtherTag ID="LT7" LABEL="CustomLine" DESCRIPTION="line type CustomLine"/><OtherTag ID="LT8" LABEL="DefaultLine" DESCRIPTION="line type DefaultLine"/><OtherTag ID="LT9" LABEL="DropCapitalLine" DESCRIPTION="line type DropCapitalLine"/><OtherTag ID="LT10" LABEL="HeadingLine" DESCRIPTION="line type HeadingLine"/><OtherTag ID="LT11" LABEL="InterlinearLine" DESCRIPTION="line type InterlinearLine"/><OtherTag ID="LT12" LABEL="MusicLine" DESCRIPTION="line type MusicLine"/>
  </Tags>
  <Layout>
    <Page WIDTH="1000" HEIGHT="1547" PHYSICAL_IMG_NR="52" ID="eSc_dummypage_">
      <PrintSpace HPOS="0" VPOS="0" WIDTH="1000" HEIGHT="1547">
        <TextBlock HPOS="26.0" VPOS="141.0" WIDTH="684.0" HEIGHT="1136.0" ID="block_1" TAGREFS="BT3807">
          <Shape><Polygon POINTS="26 141 710 141 710 1277 26 1277 26 141"/></Shape>
          <TextLine ID="line_1" TAGREFS="LT8" BASELINE="32 174 704 171" HPOS="31.0" VPOS="141.0" WIDTH="673.0" HEIGHT="47.0">
            <Shape><Polygon POINTS="676 141 668 141 659 141 650 141 642 141 633 141 631 141 615 144 599 141 599 141 590 141 582 141 573 141 564 141 563 141 551 145 449 145 436 141 435 141 428 141 414 145 392 141 392 141 384 141 375 141 370 141 362 146 338 141 332 141 324 141 318 144 314 141 306 141 298 141 289 141 281 141 272 141 263 141 259 141 254 146 153 141 152 141 143 141 134 141 128 141 117 146 92 143 92 143 31 147 32 174 32 181 46 185 47 185 48 185 94 181 107 188 108 188 109 188 110 188 129 181 165 184 165 184 256 180 269 187 269 187 270 188 331 188 331 187 332 187 333 187 343 181 378 183 379 183 399 179 407 185 408 185 409 185 534 186 535 186 583 181 592 184 593 184 594 184 595 184 613 178 637 185 638 185 638 185 660 181 682 185 683 185 684 185 704 177 704 171 702 145 678 141 676 141"/></Shape>
            <String CONTENT="uero &amp; in loco adijcit Paulus, Quæ ueræ uiduæ ſunt" HPOS="31.0" VPOS="141.0" WIDTH="673.0" HEIGHT="47.0" WC="0.9932621264457703"/>
          </TextLine>
          <TextLine ID="line_2" TAGREFS="LT8" BASELINE="33 216 704 214" HPOS="32.0" VPOS="179.0" WIDTH="672.0" HEIGHT="53.0">
            <Shape><Polygon POINTS="33 216 33 226 127 226 141 232 142 232 143 232 196 232 196 232 197 232 207 227 274 231 275 231 276 231 289 226 454 231 455 231 456 231 480 225 702 228 704 214 702 189 660 189 638 179 638 179 603 179 602 179 601 179 583 189 539 184 539 184 538 184 537 184 531 189 496 189 488 183 487 183 486 183 485 183 484 183 470 186 440 180 439 180 393 190 312 190 288 180 287 180 286 180 285 180 284 180 276 186 257 180 257 180 256 180 255 180 254 180 248 185 228 181 227 181 226 181 203 188 134 181 134 181 104 182 104 182 83 190 61 181 61 181 60 181 32 185 33 216"/></Shape>
            <String CONTENT="hoc est orbatæ deſolatæ &amp; uiri uirium neceſſariorũ" HPOS="32.0" VPOS="179.0" WIDTH="672.0" HEIGHT="53.0" WC="0.9887708612516815"/>
          </TextLine>
          <TextLine ID="line_3" TAGREFS="LT8" BASELINE="33 262 198 259 702 260" HPOS="32.0" VPOS="226.0" WIDTH="670.0" HEIGHT="50.0">
            <Shape><Polygon POINTS="33 262 33 268 50 274 51 274 52 274 53 274 67 268 190 268 210 275 211 275 212 275 256 271 265 275 266 275 267 275 268 275 282 269 335 275 336 275 337 275 337 275 349 268 395 268 409 275 410 275 411 275 411 275 412 275 413 275 425 268 451 268 465 275 466 275 466 275 467 276 501 276 501 275 502 275 503 275 509 270 540 275 541 276 636 276 636 275 637 275 648 269 661 275 662 275 662 275 663 275 664 275 674 269 699 275 702 260 701 233 679 233 670 226 669 226 668 226 647 226 646 226 645 226 632 232 614 226 613 226 613 226 612 226 593 233 553 233 543 226 542 226 541 226 489 226 488 226 487 226 486 226 477 233 419 233 405 226 404 226 336 226 335 226 334 226 333 226 327 230 307 226 306 226 271 232 216 226 215 226 214 226 201 233 121 233 110 226 110 226 109 226 87 226 86 226 85 226 85 226 76 232 41 229 40 229 39 229 38 229 32 232 33 262"/></Shape>
            <String CONTENT="&amp; liberorum ſolatio deſtitutæ. Immiſcebant ſe enim," HPOS="32.0" VPOS="226.0" WIDTH="670.0" HEIGHT="50.0" WC="0.9915739613420823"/>
          </TextLine>
          <TextLine ID="line_4" TAGREFS="LT8" BASELINE="33 304 704 300" HPOS="32.0" VPOS="270.0" WIDTH="672.0" HEIGHT="51.0">
            <Shape><Polygon POINTS="33 304 33 318 151 316 182 321 183 321 226 316 288 320 289 320 320 315 367 320 368 320 395 314 435 318 436 318 464 314 479 319 480 319 481 320 531 320 531 319 603 313 650 318 650 318 704 311 704 300 702 279 656 279 612 270 611 270 545 278 518 270 517 270 516 270 515 270 497 278 447 270 447 270 446 270 435 276 423 273 422 273 421 273 366 280 325 280 314 271 313 271 312 271 295 271 294 271 294 271 293 271 277 281 260 281 244 272 243 272 201 271 200 271 171 272 171 272 170 272 159 280 147 273 147 273 146 273 145 273 129 281 117 281 105 272 104 272 104 272 72 272 71 272 70 272 32 281 33 304"/></Shape>
            <String CONTENT="quod iam diximus, uiduarum turbæ quæ ueræ non e¬" HPOS="32.0" VPOS="270.0" WIDTH="672.0" HEIGHT="51.0" WC="0.9937166199088097"/>
          </TextLine>
          <TextLine ID="line_5" TAGREFS="LT8" BASELINE="33 347 702 344" HPOS="32.0" VPOS="311.0" WIDTH="670.0" HEIGHT="52.0">
            <Shape><Polygon POINTS="33 347 33 356 73 356 84 361 85 361 85 361 86 361 110 355 167 355 189 362 190 362 190 363 230 363 230 362 231 362 232 362 239 356 251 360 251 360 252 360 253 360 264 354 275 360 276 360 276 360 319 354 372 354 384 360 385 360 386 360 386 360 406 354 429 361 430 361 431 361 515 354 527 360 528 360 529 360 559 356 700 360 702 344 699 312 599 318 588 312 587 312 545 311 544 311 543 311 542 311 533 319 508 319 489 312 488 312 421 312 420 312 419 312 418 312 407 320 350 320 328 312 327 312 290 312 289 312 254 320 228 315 227 315 226 315 226 315 219 321 174 321 162 314 161 314 123 313 122 313 32 321 33 347"/></Shape>
            <String CONTENT="rant uiduæ ne merebãtur eccleſiaſtico ſubleuari ſub" HPOS="32.0" VPOS="311.0" WIDTH="670.0" HEIGHT="52.0" WC="0.9976745956348922"/>
          </TextLine>
          <TextLine ID="line_6" TAGREFS="LT8" BASELINE="32 391 699 391" HPOS="32.0" VPOS="358.0" WIDTH="667.0" HEIGHT="51.0">
            <Shape><Polygon POINTS="32 391 33 408 57 402 108 402 138 408 139 409 183 409 183 408 184 408 184 408 190 403 210 407 211 407 212 407 223 402 245 407 245 407 246 407 305 402 321 408 322 408 323 408 324 408 346 402 359 408 360 408 361 408 515 402 578 408 579 408 580 408 581 408 588 402 629 402 698 408 699 391 699 364 683 358 682 358 681 358 648 365 638 358 638 358 637 358 619 358 618 358 592 363 576 358 576 358 575 358 574 358 573 358 564 364 478 359 477 359 476 359 475 359 465 366 393 366 362 358 361 358 333 362 303 360 302 360 301 360 288 365 265 358 264 358 263 358 263 358 262 358 252 364 220 360 219 360 218 360 209 365 202 360 201 360 200 360 199 360 152 365 120 358 119 358 118 358 117 358 108 366 95 366 80 358 79 358 32 358 32 391"/></Shape>
            <String CONTENT="ſidio. Suppetebant enim alijs &amp; uires &amp; facultates," HPOS="32.0" VPOS="358.0" WIDTH="667.0" HEIGHT="51.0" WC="0.9849750539835762"/>
          </TextLine>
          <TextLine ID="line_7" TAGREFS="LT8" BASELINE="31 434 704 434" HPOS="31.0" VPOS="402.0" WIDTH="673.0" HEIGHT="47.0">
            <Shape><Polygon POINTS="31 434 31 446 135 443 149 448 150 448 151 448 173 444 216 448 217 448 292 443 326 447 327 447 369 443 484 447 484 447 485 447 486 447 492 443 535 448 536 448 576 443 589 448 590 448 591 449 675 449 675 448 704 443 704 434 704 409 658 409 649 402 648 402 647 402 646 402 645 402 620 409 488 409 481 403 480 403 479 403 447 402 446 402 445 402 432 409 398 409 344 402 343 402 343 402 332 408 321 402 320 402 284 402 283 402 282 402 269 408 255 402 254 402 200 402 199 402 198 402 184 409 147 409 122 402 121 402 120 402 91 408 77 402 76 402 48 402 47 402 46 402 31 408 31 434"/></Shape>
            <String CONTENT="aliæ uel neceſſarios habebant uel liberos. Atqui opes" HPOS="31.0" VPOS="402.0" WIDTH="673.0" HEIGHT="47.0" WC="0.988413225929692"/>
          </TextLine>
          <TextLine ID="line_8" TAGREFS="LT8" BASELINE="31 479 703 476" HPOS="30.0" VPOS="441.0" WIDTH="673.0" HEIGHT="57.0">
            <Shape><Polygon POINTS="31 479 31 491 80 491 90 498 91 498 92 498 92 498 93 498 112 494 134 498 134 498 135 498 148 491 182 497 183 497 220 490 325 495 326 495 367 489 389 496 390 496 391 497 479 497 479 496 480 496 481 496 487 492 533 496 534 496 587 495 588 495 601 489 619 495 619 495 620 495 649 490 681 494 682 494 683 494 703 488 703 476 701 451 653 451 638 441 637 441 636 441 635 441 634 441 615 451 557 451 541 442 540 442 517 442 516 442 515 442 498 451 470 451 456 442 455 442 454 442 434 442 433 442 432 442 418 448 374 443 373 443 372 443 358 449 331 444 331 444 299 451 263 443 263 443 262 443 261 443 250 452 196 453 171 453 156 444 155 444 154 444 92 444 92 444 30 453 31 479"/></Shape>
            <String CONTENT="eccleſiaſticæ non alendis delitijs fouendo́ otio, ſed re" HPOS="30.0" VPOS="441.0" WIDTH="673.0" HEIGHT="57.0" WC="0.9928309269118727"/>
          </TextLine>
          <TextLine ID="line_9" TAGREFS="LT8" BASELINE="31 522 703 520" HPOS="30.0" VPOS="490.0" WIDTH="673.0" HEIGHT="48.0">
            <Shape><Polygon POINTS="31 522 31 531 80 536 81 536 82 536 83 536 91 531 191 531 202 536 203 536 204 536 239 531 276 537 277 538 311 538 311 537 312 537 312 537 319 531 355 536 355 536 356 536 368 530 417 530 424 536 425 536 426 536 427 537 529 537 529 536 530 536 531 536 535 531 545 536 546 536 546 537 613 537 613 536 647 530 701 533 703 520 701 496 671 490 638 490 637 490 636 490 635 490 628 496 496 496 479 490 478 490 478 490 365 496 263 491 262 491 261 491 247 496 236 491 235 491 234 491 233 491 213 496 181 491 180 491 154 496 116 491 116 491 30 497 31 522"/></Shape>
            <String CONTENT="creandæ calamitati, præterea egenis &amp; pauperibus" HPOS="30.0" VPOS="490.0" WIDTH="673.0" HEIGHT="48.0" WC="0.9963923506438732"/>
          </TextLine>
          <TextLine ID="line_10" TAGREFS="LT8" BASELINE="30 567 699 564" HPOS="30.0" VPOS="531.0" WIDTH="669.0" HEIGHT="51.0">
            <Shape><Polygon POINTS="30 567 30 578 114 582 115 582 157 578 167 582 168 582 169 582 197 578 203 582 204 582 205 582 206 582 207 582 223 578 235 582 236 582 237 582 417 577 461 581 462 581 463 581 477 576 515 580 516 580 698 575 699 564 697 536 670 531 669 531 626 532 625 532 625 532 618 538 593 538 582 531 582 531 581 531 580 531 546 538 537 531 536 531 535 531 534 531 480 538 430 533 429 533 429 533 417 539 340 539 331 531 330 531 329 531 328 531 283 532 282 532 264 538 247 532 246 532 245 532 214 538 207 532 206 532 205 532 141 532 141 532 110 539 94 534 93 534 92 534 30 534 30 567"/></Shape>
            <String CONTENT="non opulentioribus et ſua ope ualidis inſeruire debẽt." HPOS="30.0" VPOS="531.0" WIDTH="669.0" HEIGHT="51.0" WC="0.9966917655684732"/>
          </TextLine>
          <TextLine ID="line_11" TAGREFS="LT8" BASELINE="30 611 703 608" HPOS="30.0" VPOS="575.0" WIDTH="673.0" HEIGHT="53.0">
            <Shape><Polygon POINTS="30 611 30 621 132 628 133 628 167 622 222 627 223 627 224 627 237 621 255 627 256 627 257 627 257 627 258 627 267 621 307 625 308 625 337 621 345 627 346 627 347 627 348 628 366 628 366 627 367 627 368 627 368 626 372 623 420 626 421 626 422 626 435 621 447 626 447 626 448 627 507 627 507 626 508 626 535 619 703 619 703 608 701 584 650 584 640 575 639 575 638 575 638 575 596 580 552 575 552 575 551 575 530 585 499 585 484 576 483 576 449 576 448 576 447 576 429 585 364 586 324 586 308 578 307 578 306 578 253 584 223 577 222 577 221 577 220 577 207 586 195 586 185 578 184 578 184 578 127 578 126 578 125 578 124 578 110 586 76 586 64 578 63 578 62 578 61 578 30 580 30 611"/></Shape>
            <String CONTENT="Ideoq́ ſubiungit protinus, Quod ſi qua uidua liberos" HPOS="30.0" VPOS="575.0" WIDTH="673.0" HEIGHT="53.0" WC="0.991359388599029"/>
          </TextLine>
          <TextLine ID="line_12" TAGREFS="LT8" BASELINE="31 654 702 653" HPOS="30.0" VPOS="621.0" WIDTH="672.0" HEIGHT="50.0">
            <Shape><Polygon POINTS="31 654 32 671 52 665 88 665 100 671 101 671 102 671 131 665 159 665 174 671 175 671 176 671 177 671 189 666 261 671 262 671 291 665 374 668 375 668 376 668 385 664 414 670 415 670 528 669 554 664 575 664 583 670 584 670 585 670 586 670 613 666 624 670 625 670 625 671 701 671 702 653 701 627 687 621 687 621 686 621 544 626 537 621 536 621 535 621 534 621 464 625 454 621 453 621 453 621 452 621 440 626 166 622 165 622 99 627 89 622 88 622 87 622 30 626 31 654"/></Shape>
            <String CONTENT="aut nepotes habet, ea uiduitatis prætextu nequaquam" HPOS="30.0" VPOS="621.0" WIDTH="672.0" HEIGHT="50.0" WC="0.9961318104874854"/>
          </TextLine>
          <TextLine ID="line_13" TAGREFS="LT8" BASELINE="31 699 698 697" HPOS="30.0" VPOS="663.0" WIDTH="668.0" HEIGHT="52.0">
            <Shape><Polygon POINTS="31 699 32 715 64 707 93 714 94 715 154 715 154 714 155 714 175 707 218 712 219 712 220 712 239 707 351 711 352 711 387 706 417 706 426 713 427 713 428 713 429 713 429 713 453 706 470 713 471 713 472 713 514 707 560 710 561 710 562 710 571 706 588 713 588 713 589 713 645 707 696 713 698 697 695 671 633 671 623 663 622 663 621 663 620 663 586 671 552 665 552 665 551 665 530 671 499 666 498 666 497 666 496 666 489 672 368 672 359 666 358 666 357 666 356 666 331 669 311 664 310 664 309 664 308 664 307 664 296 672 271 672 242 664 241 664 240 664 239 664 226 669 218 664 217 664 216 664 153 664 153 664 152 664 151 664 141 670 125 664 124 664 123 664 122 664 122 664 112 672 85 665 85 665 84 665 30 665 31 699"/></Shape>
            <String CONTENT="ſubterfugiet naturæ debitum &amp; pietatis officium," HPOS="30.0" VPOS="663.0" WIDTH="668.0" HEIGHT="52.0" WC="0.998415432870388"/>
          </TextLine>
          <TextLine ID="line_14" TAGREFS="LT8" BASELINE="31 742 703 739" HPOS="30.0" VPOS="706.0" WIDTH="673.0" HEIGHT="54.0">
            <Shape><Polygon POINTS="31 742 31 760 81 753 111 759 112 759 113 759 128 753 134 758 134 758 135 758 136 758 185 753 210 758 211 758 212 758 213 758 223 752 296 757 297 757 368 752 503 758 503 758 504 758 520 752 535 757 536 757 537 757 564 751 660 757 661 757 662 757 662 757 673 751 702 751 703 739 700 712 660 713 646 706 645 706 622 706 621 706 620 706 597 713 583 706 582 706 582 706 581 706 563 713 508 709 507 709 506 709 505 709 496 715 417 715 403 707 402 707 381 707 380 707 380 707 364 715 318 715 303 709 302 709 200 708 199 708 198 708 197 708 187 715 153 709 153 709 116 715 66 709 65 709 30 716 31 742"/></Shape>
            <String CONTENT="quin potius diſcant omnes uiduæ imprimis domũ pro" HPOS="30.0" VPOS="706.0" WIDTH="673.0" HEIGHT="54.0" WC="0.9996726429462433"/>
          </TextLine>
          <TextLine ID="line_15" TAGREFS="LT8" BASELINE="32 787 705 784" HPOS="31.0" VPOS="751.0" WIDTH="674.0" HEIGHT="51.0">
            <Shape><Polygon POINTS="32 787 32 802 63 795 141 795 158 801 159 801 159 801 160 801 161 801 170 795 244 800 245 800 245 800 257 794 296 799 297 799 325 794 348 801 349 801 349 801 397 795 444 801 445 801 496 794 509 800 509 800 510 800 704 796 705 784 702 751 659 758 635 758 620 751 619 751 619 751 618 751 601 755 594 751 593 751 592 751 503 751 502 751 461 758 428 752 427 752 391 759 254 760 231 760 222 752 221 752 220 752 127 752 126 752 125 752 110 760 31 760 32 787"/></Shape>
            <String CONTENT="priam id eſt liberos &amp; nepotes ἐυσερωμ, id eſt nutri" HPOS="31.0" VPOS="751.0" WIDTH="674.0" HEIGHT="51.0" WC="0.9726749602353798"/>
          </TextLine>
          <TextLine ID="line_16" TAGREFS="LT8" BASELINE="31 830 704 828" HPOS="30.0" VPOS="795.0" WIDTH="674.0" HEIGHT="52.0">
            <Shape><Polygon POINTS="31 830 32 845 41 841 61 847 62 847 63 847 64 847 88 841 162 841 207 847 208 847 251 841 268 847 269 847 269 847 310 842 335 847 336 847 337 847 348 841 359 847 360 847 361 847 509 842 515 846 516 846 517 846 518 846 519 846 541 840 548 845 549 845 550 845 551 845 552 845 561 842 604 846 605 846 606 846 619 841 630 846 631 846 631 846 632 846 633 846 638 842 650 845 650 845 651 845 674 840 681 845 682 845 683 845 684 845 685 845 704 839 704 828 702 801 649 795 648 795 647 795 629 801 520 801 493 795 492 795 491 795 476 801 413 801 375 795 374 795 348 802 305 802 291 796 290 796 289 796 179 801 159 796 159 796 158 796 157 796 142 801 132 796 131 796 130 796 98 801 68 796 67 796 30 802 31 830"/></Shape>
            <String CONTENT="re ſancte &amp; pie inſtituere, at ita uicem rependere" HPOS="30.0" VPOS="795.0" WIDTH="674.0" HEIGHT="52.0" WC="0.9892839310215968"/>
          </TextLine>
          <TextLine ID="line_17" TAGREFS="LT8" BASELINE="30 872 705 874" HPOS="30.0" VPOS="840.0" WIDTH="675.0" HEIGHT="47.0">
            <Shape><Polygon POINTS="30 872 30 880 148 886 149 886 203 882 333 886 334 886 356 882 391 887 392 887 413 883 434 887 435 887 704 882 705 874 703 848 675 848 665 841 664 841 663 841 662 841 630 849 586 849 571 841 570 841 570 841 542 847 527 841 526 841 476 841 475 841 474 841 460 849 380 849 362 840 361 840 361 840 360 840 343 845 332 840 331 840 295 840 294 840 294 840 293 840 282 847 260 840 259 840 258 840 202 847 187 840 186 840 169 840 168 840 167 840 166 840 155 848 143 848 134 840 133 840 132 840 131 840 30 846 30 872"/></Shape>
            <String CONTENT="maioribus, hoc est ea liberis &amp; nepotibus impendere" HPOS="30.0" VPOS="840.0" WIDTH="675.0" HEIGHT="47.0" WC="0.9906497083458246"/>
          </TextLine>
          <TextLine ID="line_18" TAGREFS="LT8" BASELINE="33 917 706 917" HPOS="33.0" VPOS="882.0" WIDTH="673.0" HEIGHT="53.0">
            <Shape><Polygon POINTS="33 917 33 927 61 934 61 934 108 928 122 935 122 935 123 935 144 935 144 935 145 935 146 935 158 928 179 928 190 935 191 935 192 935 193 935 230 928 245 935 246 935 247 935 248 935 263 930 276 935 277 935 278 935 349 930 361 935 361 935 362 935 363 935 364 935 372 929 392 935 393 935 394 935 438 935 438 935 439 935 454 929 482 932 483 932 484 932 484 932 491 928 509 934 509 934 510 934 611 928 618 933 619 933 619 933 674 935 675 935 706 927 706 917 706 886 694 882 693 882 693 882 692 882 691 882 680 890 617 890 607 883 607 883 606 883 605 883 604 883 582 889 566 882 565 882 543 882 542 882 513 889 496 882 495 882 494 882 455 889 445 882 444 882 443 882 412 882 411 882 411 882 410 882 400 890 241 890 230 882 229 882 228 882 177 882 176 882 175 882 148 889 121 882 120 882 49 882 48 882 47 882 33 886 33 917"/></Shape>
            <String CONTENT="officia quæ ipſis quo impenſa ſunt à maioribus, qui" HPOS="33.0" VPOS="882.0" WIDTH="673.0" HEIGHT="53.0" WC="0.9802052063762017"/>
          </TextLine>
          <TextLine ID="line_19" TAGREFS="LT8" BASELINE="34 960 707 960" HPOS="34.0" VPOS="929.0" WIDTH="673.0" HEIGHT="47.0">
            <Shape><Polygon POINTS="34 960 34 976 90 971 165 975 165 975 197 971 409 971 427 976 428 976 429 976 525 972 568 976 569 976 595 971 619 976 620 976 666 972 706 976 707 960 707 933 702 929 701 929 700 929 699 929 656 935 648 929 647 929 646 929 613 929 613 929 612 929 580 937 529 929 528 929 527 929 504 937 447 929 447 929 446 929 419 936 408 929 407 929 406 929 385 929 384 929 383 929 382 929 372 938 214 938 202 931 201 931 167 929 166 929 165 929 139 938 80 938 65 929 64 929 45 929 44 929 43 929 34 934 34 960"/></Shape>
            <String CONTENT="ſi omnem liberorũ curam abieciſſent ait et otioſo ali" HPOS="34.0" VPOS="929.0" WIDTH="673.0" HEIGHT="47.0" WC="0.9951171764621028"/>
          </TextLine>
          <TextLine ID="line_20" TAGREFS="LT8" BASELINE="31 1003 706 1005" HPOS="30.0" VPOS="969.0" WIDTH="676.0" HEIGHT="55.0">
            <Shape><Polygon POINTS="31 1003 30 1012 49 1021 49 1021 50 1021 51 1021 76 1014 163 1014 190 1022 190 1022 191 1023 217 1023 217 1022 218 1022 243 1014 275 1022 276 1022 276 1022 277 1022 289 1017 298 1022 299 1022 300 1022 300 1022 347 1019 369 1023 370 1023 371 1023 385 1016 404 1023 405 1023 406 1024 442 1024 442 1023 443 1023 461 1015 484 1022 484 1022 530 1023 531 1023 532 1023 548 1015 564 1019 564 1019 565 1019 566 1019 578 1015 619 1019 620 1019 659 1015 669 1020 670 1020 671 1020 705 1015 706 1005 705 976 644 970 643 970 642 970 631 975 607 971 606 971 605 971 590 978 550 978 541 972 540 972 539 972 539 972 538 972 521 978 448 978 431 970 430 970 350 969 349 969 349 969 333 973 328 969 327 969 326 969 272 969 271 969 270 969 269 969 257 977 229 970 228 970 227 970 191 977 170 969 169 969 168 969 167 969 150 978 127 978 118 970 117 970 116 970 116 970 115 970 94 977 31 977 31 1003"/></Shape>
            <String CONTENT="cui uiuendi generi ſeſe dedidiſſent, quemadmodum" HPOS="30.0" VPOS="969.0" WIDTH="676.0" HEIGHT="55.0" WC="0.999834323922793"/>
          </TextLine>
          <TextLine ID="line_21" TAGREFS="LT8" BASELINE="31 1048 706 1048" HPOS="31.0" VPOS="1018.0" WIDTH="675.0" HEIGHT="46.0">
            <Shape><Polygon POINTS="31 1048 31 1058 102 1058 116 1063 116 1063 117 1063 142 1058 155 1063 156 1063 157 1063 192 1058 246 1063 247 1063 313 1058 321 1063 322 1063 323 1063 324 1064 347 1064 347 1063 348 1063 349 1063 355 1058 484 1063 484 1064 539 1064 539 1063 539 1063 553 1058 598 1063 599 1063 600 1063 613 1058 705 1060 706 1048 706 1026 618 1026 611 1020 610 1020 609 1020 608 1020 607 1020 595 1024 588 1018 587 1018 586 1018 544 1018 543 1018 542 1018 528 1026 510 1026 501 1018 500 1018 499 1018 441 1018 441 1018 440 1018 439 1018 429 1026 408 1026 394 1018 393 1018 392 1018 368 1023 346 1018 345 1018 344 1018 343 1018 330 1026 252 1026 241 1018 240 1018 239 1018 215 1018 214 1018 214 1018 198 1025 190 1018 190 1018 189 1018 171 1018 171 1018 170 1018 169 1018 158 1025 102 1021 101 1021 100 1021 99 1021 92 1026 31 1026 31 1048"/></Shape>
            <String CONTENT="uos in præſentiarum neglectis relictis́ liberis ocio¬" HPOS="31.0" VPOS="1018.0" WIDTH="675.0" HEIGHT="46.0" WC="0.9856039274621893"/>
          </TextLine>
          <TextLine ID="line_22" TAGREFS="LT8" BASELINE="34 1094 705 1092" HPOS="33.0" VPOS="1057.0" WIDTH="672.0" HEIGHT="55.0">
            <Shape><Polygon POINTS="34 1094 36 1112 49 1102 72 1102 80 1108 81 1108 82 1108 83 1108 84 1108 98 1104 113 1110 114 1110 115 1110 116 1110 133 1102 208 1102 226 1111 227 1111 228 1112 254 1112 254 1111 255 1111 275 1102 337 1102 358 1110 359 1110 360 1110 361 1110 361 1110 370 1104 392 1110 392 1110 393 1110 423 1105 436 1110 437 1110 438 1111 478 1111 478 1110 479 1110 497 1104 507 1108 508 1108 509 1108 543 1103 558 1110 559 1110 560 1111 592 1111 592 1110 593 1110 594 1110 602 1104 618 1110 619 1110 619 1111 664 1111 664 1110 665 1110 666 1110 678 1101 704 1100 705 1092 703 1065 665 1057 620 1057 619 1057 619 1057 618 1057 607 1064 570 1060 570 1060 552 1063 539 1057 538 1057 537 1057 536 1057 522 1065 475 1065 466 1057 465 1057 464 1057 463 1057 462 1057 444 1062 379 1057 378 1057 377 1057 361 1066 335 1066 326 1058 325 1058 325 1058 324 1058 292 1065 271 1058 270 1058 248 1058 247 1058 246 1058 245 1058 235 1065 125 1058 124 1058 123 1058 122 1058 112 1066 75 1066 59 1058 58 1058 57 1058 33 1058 34 1094"/></Shape>
            <String CONTENT="ſe &amp; ſecure cupitis ali eccleſiæ ſtipendio, perijſſetis" HPOS="33.0" VPOS="1057.0" WIDTH="672.0" HEIGHT="55.0" WC="0.9928411863066934"/>
          </TextLine>
          <TextLine ID="line_23" TAGREFS="LT8" BASELINE="33 1137 705 1134" HPOS="32.0" VPOS="1103.0" WIDTH="673.0" HEIGHT="49.0">
            <Shape><Polygon POINTS="33 1137 33 1151 62 1147 288 1151 288 1151 289 1151 305 1146 331 1151 331 1152 371 1152 371 1151 372 1151 373 1151 380 1146 415 1151 416 1151 417 1151 428 1146 456 1150 457 1150 483 1146 505 1150 506 1151 650 1151 650 1150 705 1144 705 1134 704 1112 677 1112 667 1104 666 1104 665 1104 664 1104 663 1104 662 1104 652 1112 550 1112 522 1103 521 1103 484 1103 484 1103 483 1103 482 1103 466 1113 408 1113 392 1105 392 1105 391 1105 390 1105 389 1105 376 1113 319 1113 294 1104 294 1104 293 1104 292 1104 273 1112 216 1105 115 1105 114 1105 64 1112 41 1105 40 1105 39 1105 38 1105 37 1105 32 1107 33 1137"/></Shape>
            <String CONTENT="proculdubio. Cur igitur perdere uultis nunc quos do¬" HPOS="32.0" VPOS="1103.0" WIDTH="673.0" HEIGHT="49.0" WC="0.9931616496581298"/>
          </TextLine>
          <TextLine ID="line_24" TAGREFS="LT8" BASELINE="34 1178 705 1180" HPOS="34.0" VPOS="1147.0" WIDTH="671.0" HEIGHT="49.0">
            <Shape><Polygon POINTS="34 1178 34 1188 89 1188 106 1193 107 1193 108 1194 136 1194 136 1193 137 1193 149 1187 166 1193 167 1193 168 1193 169 1193 178 1189 190 1193 190 1193 191 1193 256 1190 278 1194 279 1194 331 1188 351 1194 352 1194 353 1194 354 1194 373 1188 430 1194 431 1194 432 1194 449 1188 483 1195 484 1196 526 1196 526 1195 527 1195 539 1189 559 1195 560 1195 561 1195 704 1188 705 1180 703 1149 630 1155 582 1155 570 1149 569 1149 568 1149 567 1149 549 1155 494 1149 493 1149 442 1154 423 1148 423 1148 422 1148 341 1153 325 1149 324 1149 323 1149 322 1149 303 1154 257 1147 215 1147 214 1147 214 1147 198 1154 89 1154 74 1147 73 1147 73 1147 34 1152 34 1178"/></Shape>
            <String CONTENT="minus præcepit ſeruare. Ad hunc uero modum &amp; D." HPOS="34.0" VPOS="1147.0" WIDTH="671.0" HEIGHT="49.0" WC="0.9936069161333936"/>
          </TextLine>
          <TextLine ID="line_25" TAGREFS="LT8" BASELINE="34 1222 704 1225" HPOS="34.0" VPOS="1188.0" WIDTH="670.0" HEIGHT="51.0">
            <Shape><Polygon POINTS="34 1222 34 1236 245 1233 261 1238 262 1238 263 1239 373 1239 373 1238 374 1238 383 1234 392 1238 393 1238 394 1238 395 1238 412 1234 456 1238 457 1238 458 1238 468 1234 493 1238 494 1238 703 1237 704 1225 703 1198 603 1190 602 1190 601 1190 576 1198 526 1191 525 1191 481 1198 446 1190 445 1190 375 1197 349 1189 349 1189 348 1189 301 1192 300 1192 300 1192 293 1197 249 1192 248 1192 202 1196 192 1190 191 1190 190 1190 190 1190 164 1192 153 1188 152 1188 132 1188 131 1188 130 1188 129 1188 120 1196 103 1188 102 1188 101 1188 34 1195 34 1222"/></Shape>
            <String CONTENT="Ambroſius hanc Pauli ſententiam retulit ad uiduas." HPOS="34.0" VPOS="1188.0" WIDTH="670.0" HEIGHT="51.0" WC="0.9916825544834137"/>
          </TextLine>
          <TextLine ID="line_26" TAGREFS="LT8" BASELINE="36 1269 705 1266" HPOS="36.0" VPOS="1231.0" WIDTH="669.0" HEIGHT="62.0">
            <Shape><Polygon POINTS="36 1269 36 1284 124 1292 125 1293 189 1293 189 1292 223 1286 231 1290 232 1290 233 1290 233 1290 253 1284 278 1291 279 1291 280 1291 346 1284 386 1284 402 1291 403 1291 404 1292 428 1292 428 1291 429 1291 429 1291 440 1285 495 1287 496 1287 496 1287 497 1287 503 1283 521 1283 537 1290 538 1290 539 1290 588 1283 618 1290 619 1290 619 1290 650 1286 704 1290 705 1266 703 1240 679 1240 667 1231 666 1231 665 1231 664 1231 596 1238 576 1231 575 1231 574 1231 573 1231 546 1240 509 1240 496 1232 495 1232 494 1232 493 1232 492 1232 479 1240 445 1232 444 1232 443 1232 419 1241 383 1241 371 1234 370 1234 369 1234 368 1234 368 1234 359 1240 321 1240 306 1232 306 1232 263 1232 263 1232 262 1232 240 1241 220 1233 219 1233 163 1233 162 1233 161 1233 160 1233 153 1238 136 1233 135 1233 134 1233 134 1233 105 1241 92 1241 80 1233 79 1233 79 1233 78 1233 36 1237 36 1269"/></Shape>
            <String CONTENT="Theophylactus exiſtimauit referendam eſſe ad filios" HPOS="36.0" VPOS="1231.0" WIDTH="669.0" HEIGHT="62.0" WC="0.9978475629114637"/>
          </TextLine>
        </TextBlock>
        <TextBlock HPOS="194.0" VPOS="90.0" WIDTH="346.0" HEIGHT="41.0" ID="block_2" TAGREFS="BT18">
          <Shape><Polygon POINTS="194 90 540 90 540 131 194 131 194 90"/></Shape>
          <TextLine ID="line_27" TAGREFS="LT8" BASELINE="196 120 526 120" HPOS="194" VPOS="90" WIDTH="331" HEIGHT="44">
            <Shape><Polygon POINTS="517 90 504 90 491 90 478 90 465 90 452 90 440 90 427 90 414 90 401 90 388 90 375 90 362 90 349 90 336 90 323 90 310 90 298 90 285 90 272 90 265 90 206 90 194 119 194 131 523 134 525 119 523 90 517 90"/></Shape>
            <String CONTENT="AD TIM. CAP V" HPOS="194" VPOS="90" WIDTH="331" HEIGHT="44" WC="0.9892513568584735"/>
          </TextLine>
        </TextBlock>
        <TextBlock HPOS="620.0" VPOS="94.0" WIDTH="84.0" HEIGHT="46.0" ID="block_3" TAGREFS="BT15">
          <Shape><Polygon POINTS="620 94 704 94 704 140 620 140 620 94"/></Shape>
          <TextLine ID="line_28" TAGREFS="LT8" BASELINE="624 123 696 123" HPOS="624.0" VPOS="93.0" WIDTH="72.0" HEIGHT="49.0">
            <Shape><Polygon POINTS="693 93 684 93 675 93 667 93 658 93 650 93 641 93 632 93 624 93 624 123 624 132 650 132 662 141 662 141 663 141 664 142 696 142 696 123 695 93 693 93"/></Shape>
            <String CONTENT="149" HPOS="624.0" VPOS="93.0" WIDTH="72.0" HEIGHT="49.0" WC="0.9999298850695292"/>
          </TextLine>
        </TextBlock>
        <TextBlock HPOS="476.0" VPOS="1290.0" WIDTH="96.0" HEIGHT="49.0" ID="block_4" TAGREFS="BT17">
          <Shape><Polygon POINTS="476 1290 572 1290 572 1339 476 1339 476 1290"/></Shape>
          <TextLine ID="line_29" TAGREFS="LT8" BASELINE="485 1312 504 1316" HPOS="485" VPOS="1312" WIDTH="19" HEIGHT="4">
            <String CONTENT="5" HPOS="485" VPOS="1312" WIDTH="19" HEIGHT="4"/>
          </TextLine>
          <TextLine ID="line_30" TAGREFS="LT8" BASELINE="540 1323 562 1323" HPOS="540" VPOS="1323" WIDTH="22" HEIGHT="0">
            <String CONTENT="t" HPOS="540" VPOS="1323" WIDTH="22" HEIGHT="0"/>
          </TextLine>
        </TextBlock>
      </PrintSpace>
    </Page>
  </Layout>
</alto>
