1000 1547
173 235 116 35 De ſeruis

175 262 133 48 præceptio.

310 174 234 60 ticipes ſunt.

348 219 621 64 Præſcribit formulam qua utantur epiſcopi in inſti

306 265 661 62 tuendis Seruis informandis́ officijs eorum. Loquitur

306 307 663 64 autem de Chriſtianis Seruis non miniſtris quidem ſed

306 350 663 68 ſeruitutem ſeruientibus, quale ſeruorum genus olim

307 396 662 61 cum apud Hebræos & Gentes reliquas, tum hodie a¬

308 439 663 65 pud Turcas frequentißimum est. Hinc uero periphra

309 485 664 60 ſtica notatione ſeruitutis ingenium notans ſignifican¬

309 525 661 65 ter, Quicun ait ſub iugo ſerui ſunt, id est, Quicun

310 569 662 61 libertate amiſſa colla ſua ſubmiſerunt alieno imperio,

311 609 662 64 ut non ſuo ſed alieno uiuant arbitrio, obediant domi¬

312 658 663 62 nis ſuis. Sumpta est enim à bubus metaphora quorum

313 698 662 63 libertas iugo cornibus impoſito alligato́ opprimi¬

312 741 664 60 tur: ita uero & ſeruitus hominem liberum alieno ſub¬

314 784 661 65 ijcit imperio ut iam non ſibi ſed domino ſuo uiuat ab

315 831 662 61 huius nutu & imperio pendeat. Horum ponit genera

321 870 655 65 duo. Alij enim ethnicis parent dominis, fidelibus ſiue

313 916 665 62 Chriſtianis alij. Iam erant in ſeruorum turba non pau

314 956 663 68 ci qui crederent Chriſtiana libertate ſe quoq; à Domi

315 1002 662 65 norum ſuorum liberatos eſſe imperio. Nam ad hune

316 1041 661 67 modum argutabantur, Si dominus impius est indignũ

315 1088 663 64 planè cui ſeruiat ſanguine Chriſti redemptus. Si uero

316 1131 661 66 pius est dominus, iam maxime iniquum est ut à ſeruo

315 1176 665 64 officium petat quem in fide agnoſcit eſſe fratrem. At

315 1217 662 63 Paulus longe aliud ſentiens præcipit epiſcopo ut do¬

315 1259 663 75 ceat ſeruos obedire dominis ſuis. Et principio quidem

183 890 118 49 Seruotum

186 936 90 58 uenera.

398 118 473 59 COMMENT. IN I. EPIST.

883 1312 92 51 loqui¬
