1000 1547
656 97 75 47 134

183 97 394 45 AD TIM. CAP. III.

727 137 125 52 Eccleſia do

726 177 127 44 mus dei eſt.

731 456 116 42 Hecleſia eſt

728 490 131 35 columna ue

725 518 83 44 ritatis.

51 152 665 42 Tum fidelium appellitat domum dei uiuentis, alludens

52 189 669 55 quidem ad Hieroſolymitanum templum, ſed ipſam in¬

51 233 672 53 terim ueritatem prædicans & typis præferens. Inha¬

52 276 673 53 bitat enim deus uiuit́ non in templis ſaxeis ſed in cor

52 321 675 52 dibus fidelium, in quibus & uires ſuas exerit & to¬

51 363 676 55 tus regnat in ipſis. Nam qui ſeſe Chriſto per fidem con

51 406 676 55 ſecrarunt, non iam ipſi uiuunt, ſed uiuit in ipſis Chri

53 448 668 59 ſtus. Huiuſmodi uero eccleſia est ςύλος κα) εδραίοͅ

55 497 662 50 αα, της ἀληθείας hoc est columna et firmamentum

54 538 672 56 ſiue baſis ueritatis. In cœtu enim ſanctorum prædica¬

53 584 675 54 tur illud magnum pietatis myſterium, huic item inniti

54 626 676 56 tur eccleſia, in hoc ſeruatur, in eodem perſtat & per¬

55 671 675 53 ſeuerat ueluti ahæneus murus contra omnes diaboli

56 714 674 52 mundi́ inſultationes. Vnde in euangelio dixit domi

57 758 671 55 nus Petro confitenti, Tu es Chriſtus filius ille dei ui¬

57 803 671 54 uentis, Tu es Petrus & ſuper hanc petram ædificabo

55 847 673 55 eccleſiam meam, & portæ inferorum non præuale¬

56 889 674 56 bunt aduerſus eam. Abuſi ſunt hiſce locis pontificij.

61 935 669 53 Cum enim mendacia ſua impias item & tyrannicas le

61 978 670 56 ges auaritiã quo et quæſtum ſuum ſcripturis defende

61 1025 671 52 re non potuerunt, confugerunt ad eccleſiæ patrocini

60 1064 672 60 um, eolligentes eccleſiam eſſe fundamentum uerita¬

61 1109 670 58 tis, iccirco & leges ab ipſis latas eſſe ueritati conſen¬

62 1154 669 54 taneas, cum eccleſiæ ſint præſides adeoq́ ipſa eccle¬

62 1198 670 54 ſia. Cæterum fallatia in hoc est quod uariant in nomi

61 1236 668 69 ne eecleſiæ. Paulus eam eccleſiam uocat ueritatis co¬
