1000 1547
306 177 667 50 dei, hoc est ut ſit irreprehenſibilis bonarum & lite¬

306 214 668 58 rarum & rerum non tam ſtudioſus quàm peritus. De

307 255 667 61 inde ut iuſte & ſancte hoc est ſecundum uerbum dei

308 300 666 59 eligatur ac uocetur. Poſtremo ut delecto & eccleſiæ

318 346 656 57 quod aiunt præſentato imponantur manus. Hinc Ti¬

314 384 660 63 gurina eccleſia poſteaquam quæſtuoſæ & inordinatæ

316 422 659 74 epiſcopi Pontifitij ualedixiſſet ordinationi, uiros è do

312 472 665 61 ctis & uerbi miniſtris, è ſenatoribus item & diacoſi¬

312 515 667 62 is, hoc est e plebe aliquot delegit qui ex optimis hoc

312 559 667 60 est honeſtißimis at doctißimis diaconis ( quoties ec¬

313 605 665 61 cleſiæ alicui ſanctus præficiendus est epiſcopus) cer¬

313 648 668 59 tos ſenatui & plebi ſtatuant. Ex his uero unum ali¬

313 693 668 59 quem libera electione deſignant, quem protinus eccle

314 737 667 57 ſiæ cui præficiendus est mittunt & commendant per

313 777 668 63 legatum ac ſenatorem honeſtißimum. At́ hic quidẽ

315 823 666 58 præſtantißimus eius ditionis loci aut urbis antiſtes pro

315 867 666 56 publica contione perorat, fiunt ab eccleſia ad Deum

315 908 667 60 preces publicæ, inter́ precandum & in conſpectu

314 952 667 57 totius populi imponit antiſtes ille ſacrorum manus fu

313 994 668 62 turo illi epiſcopo cui & eccleſiam commendat fideli¬

313 1039 667 57 ter. Hæc uero plurimum momenti habere & epiſco¬

314 1083 667 59 po plurimum authoritatis conciliare nemo est qui ne¬

313 1125 667 60 ſciat. Certè cum ea fiunt ex inſtitutione domini fiunt.

313 1169 668 60 Et apoſtolus hinc magna petijt argumenta quibus Ti¬

313 1214 668 60 motheum ſui admoneret officij. Eadem optimũ quem¬

315 1259 666 67 que non poterunt non commonere grauiter quoties

175 339 135 55 Mos Tigu

177 389 128 32 rinæ eccle¬

175 411 126 37 ſiæ in ordi

176 441 127 37 nandis epi

178 470 88 42 ſcopis.

398 123 477 48 COMMENT. IN I. EPIST.

909 1303 67 56 tuſte
