1000 1547
346.0 97.0 488.0 57.0 COMMENT. IN I. EPIST.

262.0 154.0 662.0 59.0 eredidiſſe. Ita fidem meam deſerens negator inuenior.

262.0 193.0 666.0 61.0 Semel dixerim, Nemo quærit niſi qui aut non habuit

262.0 238.0 666.0 61.0 aut perdidit. Hæc Tertull. Naſcuntur item ex diſputa¬

263.0 280.0 664.0 65.0 tionibus at quæſtionibus illis παραδ'ίατριßαι. Di¬

263.0 324.0 668.0 61.0 cuntur autem authore Eraſ. congreſſus & diſputatio

263.0 367.0 669.0 64.0 nes philoſophorum Diatribæ Græcis, quas hic addita

263.0 413.0 667.0 61.0 præpoſitione inutiles facit & nihil ad rem pertinen¬

263.0 455.0 669.0 60.0 tes. Addit idẽ Græcanica ſcholia admonere metapho

263.0 500.0 669.0 62.0 ram ſumptam à ſcabioſis qui mutuo confrictu conta¬

264.0 544.0 672.0 60.0 ctu́ morbum communicant, ut ſenſus ſit hoc rixo¬

266.0 587.0 670.0 61.0 ſum genus hominum ſcabiem ſuam multis ueluti con¬

266.0 631.0 667.0 62.0 tagio affricare, ut & ipſi contendere, male ſuſpicari,

266.0 673.0 670.0 61.0 maledicere & inuidere incipiant. Et hactenus in

267.0 717.0 667.0 61.0 ipſam rem ſtrinxit ealamum, iam conuertitur in per¬

269.0 761.0 668.0 62.0 ſonas, Iam qui hiſce rebus ſtudent homines, ait, ſunt

269.0 806.0 666.0 60.0 mente corrupti, id est quibus ratio turpibus obtene¬

272.0 848.0 660.0 59.0 brata affectibus, quod uerum eſt amplius non uidet,

273.0 891.0 662.0 64.0 ſed gloriam ſectatur & quæſtum. Sequitur enim qui¬

273.0 934.0 661.0 61.0 bus adempta est ueritas & qui exiſtimant quæſtum eſ

273.0 977.0 664.0 64.0 ſe pietatem, hoc est qui utilitate metiuntur religio¬

272.0 1021.0 656.0 60.0 nem. Non enim ſpectant quantum Chriſti gloriæ &

274.0 1068.0 662.0 58.0 publicæ accedat utilitati, ſed quantum ipſis propter re£

274.0 1108.0 664.0 61.0 ligionem numeretur. His nunc infert quod intendit, Se

275.0 1155.0 663.0 58.0 iungere ab his. Nam & ſapiens præcepit, Contra uer

276.0 1195.0 660.0 58.0 boſum noli contendere uerbis. Et Paulus ad Titum,

278.0 1241.0 664.0 62.0 Artrcuunt Oouuuim poſt unam at alteram admoni

850.0 1289.0 95.0 52.0 tionem
