1000 1547
361.0 100.0 487.0 42.0 COMMENT. IN I. EPIST.

300.0 152.0 668.0 47.0 nentius, uidemus interim ſupereſſe multas hypocrita¬

300.0 189.0 668.0 53.0 rum myriades qui nihil minus ſint quàm quod audi¬

300.0 234.0 668.0 52.0 unt cœlibes, monachi, nonnæ, ſpirituales, monaſtici,

301.0 277.0 668.0 54.0 puri, ſancti. De optimis hic loquor, nihil de impudenti

300.0 323.0 668.0 49.0 bus dico nebulonibus qui palàm uel ſcortantur, perpo

300.0 365.0 671.0 53.0 tant, alea ludunt, belligerantur, adulterijs polluunt

300.0 413.0 672.0 47.0 omnia, quorum maior propemodum numerus, uel fœ

300.0 451.0 671.0 54.0 diora & abominabiliora deſignant, indigni enim

300.0 496.0 670.0 51.0 ſunt quorum fiat aliqua mentio honeſta apud uiros

300.0 538.0 671.0 53.0 bonos: de mundioribus hic magis́ reuerentibus opti

301.0 581.0 669.0 53.0 mis́ diſſero quod ne horum quidem conſcientiæ ſyn

301.0 626.0 669.0 52.0 ceræ ſint. Nam purum eſſe nequit quod ſine fide fit.

300.0 668.0 670.0 50.0 At hic Defecerunt ait Paulus à fide. Et cum hæc mani

301.0 714.0 671.0 50.0 feſtiora ſint quàm quæ negari poßint, inuenias tamen

302.0 759.0 669.0 48.0 quos non pudeat damnata illa præcepta de ciborum

300.0 800.0 669.0 49.0 delectu de́ cœlibatu immundo, de́ uotis monaſticis

301.0 846.0 670.0 47.0 angelica nominare præcepta:rectius uero Paulus ap¬

301.0 886.0 669.0 51.0 pellauit ſathanica. Scio quàm inſuauem hic multorum

300.0 929.0 669.0 49.0 auribus cantilenam canam, ſed adulari non didici, ue¬

301.0 974.0 670.0 50.0 ritatem dißimulare non potui, ne alia hic quàm Pau

300.0 1017.0 670.0 50.0 lina uerba uſurpaui. Proculdubio reſipiſcent quibus

300.0 1060.0 671.0 50.0 cordi est uera pietas agent́ monitori gratias. Intelli¬

302.0 1108.0 667.0 45.0 gent enim me hac in diſputatione nõ damnare uel uir

302.0 1148.0 667.0 50.0 ginitatem & caſtimoniam ſanctam uel ieiunia mode

301.0 1192.0 669.0 50.0 rata, caſtigationem carnis iuſtam & abſtinentiam ſyn

300.0 1234.0 669.0 60.0 ceram, ſed hypocriſim magis & impuram illam tem¬

869.0 1289.0 100.0 40.0 peran¬
