1000 1547
402.0 96.0 471.0 47.0 COMMENT. IN I. EPIST.

304.0 151.0 665.0 48.0 tobilis aut plebeius, ſed omnes unum ſumus in Chri¬

306.0 189.0 663.0 55.0 ſto, attamen quod exteriorem hominem & politiam

304.0 233.0 665.0 53.0 attinet rerum humanarum, præeſt dominus, et ſubest

306.0 276.0 665.0 56.0 Jeruus. Vnde alibi quo præcepit Paulus, Reddite ti¬

306.0 320.0 665.0 53.0 morem & honorem ijs quibus debetis, & quilibet in

307.0 360.0 665.0 59.0 ſua uocatione permaneat. Et in præſenti uerbis clarißi

307.0 404.0 663.0 56.0 mis idem præcipiens, Tantum abest inquit ut domini

306.0 447.0 664.0 58.0 receptæ fidei Chriſtianæ gratia aſpernandi deſerendi

307.0 493.0 663.0 53.0 ue uideãtur ut hoc nomine magis ſint obſeruandi. At¬

307.0 536.0 665.0 55.0 que huius præcepti ſui cauſam eandem per antiſtre¬

308.0 579.0 663.0 56.0 phon ſubiungit ob quam ſeruis domini Chriſtiani uide

307.0 625.0 662.0 53.0 bantur negligendi, óτι πις οί ἐισι κα) ἀγαπητοί,

307.0 668.0 662.0 48.0 οι τῆς ἐνεργεσίας ἀντιλαμβαυόμενοι, id est,

308.0 709.0 665.0 55.0 Quia fideles ſunt et delecti ſiue contenti et beneficen

307.0 754.0 667.0 54.0 tiæ recompenſatores. Quia, inquit, iam non modo do¬

309.0 796.0 663.0 56.0 mini ſed etiam fratres id est fideles ſunt, ideo magis

308.0 840.0 666.0 53.0 nunc quàm olim obedire illis & inſeruire debetis. De

308.0 884.0 663.0 55.0 inde quia iam non moroſi & difficiles ſunt amplius

310.0 927.0 663.0 57.0 ſed per fidem facti ἀγαπητoι, qui officia ueſtra boni

309.0 971.0 665.0 54.0 conſulere norunt & æquis contenti ſunt ſeruitijs. Nã

310.0 1011.0 662.0 59.0 αγαττάω ſignificat & diligo & boni conſulo ſiue

309.0 1057.0 664.0 54.0 contentus ſum. His accedit tertium, Quia beneficen¬

310.0 1100.0 665.0 55.0 tiæ ipſorum participes eſtis, & nunc quidem liberali¬

311.0 1144.0 664.0 54.0 us quàm olim. Cum enim fidem Chriſti receperunt do

311.0 1185.0 662.0 57.0 mini ueſtri nunc quidem magis benefici per fidem fa¬

312.0 1231.0 663.0 61.0 cti officia ueſtra in ſe collata munificentius recompen

878.0 1279.0 98.0 52.0 ſabunt.
