1000 1547
154.0 1194.0 105.0 41.0 Anni ul¬

153.0 1222.0 68.0 49.0 duæ.

392.0 111.0 482.0 47.0 COMMENT, IN I. EPIST.

307.0 163.0 661.0 46.0 & Catabaptiſtæ. Relictis enim uxoribus liberis & fa

306.0 199.0 663.0 58.0 milijs quibuſdam ſanè nõ omnino male inſtitutis hacte

306.0 245.0 663.0 54.0 nus, tanquam attoniti & phanatici homines circum¬

304.0 286.0 663.0 60.0 curſitant at ita ſe pomeria regni Chriſti propagatu

303.0 331.0 665.0 51.0 ros deiurant, cum interim & rem familiarem conco¬

304.0 373.0 662.0 57.0 quant ſubuertant́ totam, & eccleſiam Chriſti miris

301.0 418.0 663.0 52.0 modis obturbent. Cæterum ut uno uerbo rem iſtam ab

303.0 458.0 660.0 60.0 ſoluam, Viri boni honeſtæ́ matrisfamilias est deum

300.0 504.0 664.0 57.0 timere, familiæ proſpicere & quenq; in ſua uocatione

298.0 549.0 666.0 56.0 manere. Iſta qui negligit & curioſitatem excolit, non

299.0 590.0 664.0 57.0 est quod ſe fidelem eſſe uel credat uel iactitet, reuera

299.0 635.0 587.0 57.0 enim impoſtor & contemptor est diuinæ legis.

360.0 709.0 600.0 64.0 Vidua allegatur non minor anᛘ

294.0 762.0 667.0 64.0 nis ſexaginta, quæ fuerit unius ui¬

293.0 815.0 668.0 62.0 ri uxor, in operibus bonis homi¬

293.0 872.0 667.0 63.0 num teſtimonio comprobata, ſi fiᛘ

290.0 921.0 668.0 64.0 lios educauit, ſi fuit hoſpitalis, ſi

291.0 973.0 666.0 66.0 ſanctorum pedes lauit, ſi afflictis

290.0 1026.0 667.0 68.0 ſubminiſtrauit, ſi in omni opere

288.0 1082.0 372.0 61.0 bono fuit aſſidua.

326.0 1159.0 628.0 51.0 Semel cœperat ueram deſcribere Viduam, filum

284.0 1197.0 667.0 57.0 orationis interrupit interim, at nunc redit & exactiſ

286.0 1238.0 667.0 69.0 ſime delineat quam uelit ſuſcipi uiduam. Neceſſe enim

896.0 1294.0 52.0 52.0 eſt
