1000 1547
23 135 671 48 tem non deflectit, deceat epiſcopum, tum quod inge¬

24 170 667 56 nium hominis ferme ſic est ut malit duci quàm cogi. Se

23 214 670 55 niori ergo, ait, μη ἐπιπ λήξμς id est ne plagam infli¬

23 257 668 58 xeris, quod perinde eſt ac ſi dixiſſet Seniorem ne aſpe

26 303 667 53 re & ſæuius obiurges. Est enim in uerbo metaphori¬

23 345 669 52 ca deflexio trãslatióue. Et Latini uerbera linguæ uſur

24 390 669 54 pant pro maledicentia ſæua. Reliqua uero plana ſunt.

24 434 669 51 Poſtremam particulam ἐμ πάση αγνεία In omni pu

23 478 668 53 ritate, quidam referunt ad mox præcedẽs membrum,

24 520 668 56 quaſi uoluerit abeſſe omnem impudicitiæ ſuſpicionem:

24 563 667 60 ut ſit ſenſus, luniores caſtigabis ſic ut ſorores, id́ pu¬

24 608 673 53 ritate tantaut impudicitiæ nulla uel ſuſpitio appare¬

24 650 674 56 at. Alij uero mea quidem ſententia multo melius retu

25 694 671 57 lere ad omnia præcedentia membra, ut ſermo epiſco¬

28 736 668 58 pi ſiue cum ſenioribus agat, ſiue cum iunioribus, ſiue

26 781 671 58 cum puellis purus ſit ab omni ſpecie uel ſæuitiæ uel

26 829 421 53 contumatiæ uel auaritiæ uel odij.

193 80 382 45 AD TIM. CAP. V.

600 73 95 57 148

99 895 600 65 Viduas honora, quæ ueræ ui¬

28 948 675 70 duæ ſunt. Quod ſi qua uidua libeᛘ

26 1004 678 66 ros aut nepotes habet, diſcant priᛘ

27 1062 677 62 mum propriam domum pie tra¬

28 1112 674 60 ctare & uicem rependere maiori¬

28 1165 678 69 bus. Hoc enim eſt honeſtum & acᛘ

30 1228 391 60 ceptum coram deo.

547 1302 19 49 4

492 1316 27 0 t
