1000 1547
360.0 100.0 501.0 47.0 COMMENT. IN I. EPIST.

295.0 153.0 667.0 48.0 donationes & reditus ſuos ijs utantur ad res prophas

295.0 195.0 664.0 44.0 nas et nõ deprædentur temerè eccleſias Chriſti. Quod

296.0 237.0 662.0 50.0 ſi omnino ſatisfacere ſuo uolũt officio, aboleãt potius

294.0 281.0 664.0 51.0 impios bonorum eccleſiaſticorum abuſus, imò ſi epi¬

297.0 324.0 661.0 53.0 ſcopi ſua ſponte iugum Chriſti recipere nolint reuo¬

294.0 367.0 664.0 53.0 cent ipſi pietatem auitam, reſtituant eccleſiæ religio¬

294.0 413.0 663.0 50.0 nem ueram quantum conſeruandæ & alendæ huic

296.0 454.0 661.0 52.0 ſufficiat facultates ex omnibus eccleſiaſticis opibus

294.0 497.0 664.0 53.0 præcipue autem è priſcis iſtis donationibus ſeligant

299.0 542.0 658.0 50.0 priſcum́ ueteris eccleſiæ reuocent inſtitutum. Pri¬

295.0 584.0 663.0 52.0 ſco autem inſtituto liberaliter & quantum cui ſa¬

291.0 626.0 663.0 54.0 tis erat ipſum́ depoſcebat decorum proſpiciebatur

291.0 669.0 658.0 53.0 ex ærario eccleſiaſtico ſtudijs honeſtioribus & ſacris,

292.0 712.0 661.0 55.0 ſtudioſæ iuuentuti, epiſcopis deinde & familiæ ipſo¬

289.0 758.0 667.0 53.0 rum, præcipue uero pauperibus, uiduis, peregrinis, ca

290.0 801.0 666.0 52.0 ptiuis & neceßitate in eccleſia laborantibus, quin et

288.0 843.0 668.0 52.0 ad ſarcta tecta portio opum ſeruabatur certa. Hæc in

289.0 888.0 664.0 50.0 quam omnia & ſi qua alia eccleſiæ neceſſaria ſunt re

289.0 929.0 664.0 54.0 ſtituant prius quàm eccleſiaſticarum opum uel obolum

288.0 974.0 666.0 52.0 tollant, aut grauißimam ſupremi numinis ultionem

287.0 1015.0 667.0 55.0 expectent. Cæterum iſtis quidẽ diſpoſitis rite ſi quid

289.0 1059.0 664.0 53.0 ſupfuerit id nequaquã in priuatos inſumatur uſus ſed

288.0 1102.0 659.0 53.0 cedat magis reipub. uel diſtribuatur iuſtis hæredibus,

288.0 1145.0 664.0 53.0 aut ſeruetur ſubleuandæ calamitati fu uræ. Certè ſi a¬

289.0 1189.0 662.0 55.0 nimus fuerit ſimplex ſacer et probus, diſpenſatio quo

290.0 1234.0 661.0 62.0 que iuſta erit. Sacrilegi & auari perperam agent o¬

879.0 1288.0 75.0 44.0 mnia
