1000 1547
18 135 674 51 perantiam. Sed redeo nunc ad Paulum, qui copioſius

20 170 660 64 ſed in tranſcurſu demonſtrat liberum eſſe fidelibus

15 219 665 54 quouis cibo quolibet ueſci tempore. Deus enim, ait,

16 264 672 53 cibos creauit (arguens à prima dei inftitutione & uo¬

17 305 672 58 luntate) in uſus hominum ut hos ſcilicet fideles ſu¬

17 350 670 57 mant cum gratiarumactione. Ad cuius interpretatio¬

17 396 671 54 nem pertinet quod mox ſequitur, His inquam qui co¬

18 437 671 55 gnouerunt ueritatem. Hi enim fideles ſunt. At ueritas

18 479 662 58 ipſa quæ à fidelibus agnoſcitur hoc in negotio est,

19 526 672 57 quod quicquid creauit Deus bonum est nec quicquã

19 570 666 54 in cibis abominandum & reijciendum. Quæcun

19 611 671 58 enim condidit deus bona ſunt, Gen.1. Abuſus cibos im

22 655 670 59 puros ſiue malos reddit. Proinde Paulus de ſancto eo¬

22 697 669 61 rum uſu ſcribensiubet hos ſumere cum gratiarumacti

23 744 668 57 one, & ſententiam elegantem ſubiungens dicit, San¬

21 789 663 55 ctificatur enim per ſermonem dei ac precationem.

27 832 667 55 Vbi non est quod confingas tibi benedictionem quan¬

23 877 672 54 dam anilem conceptis ex uerbo dei ſententijs pronun

24 917 672 59 ciatam ſuper cibum, ſed Sanctificari purificari est et

24 961 681 59 ab uſu ſeparari prophano. Deinde Verbum dei inſtitu

25 1006 673 57 tio dei est illa́ ſententia qua pronũciat Puris omnia

27 1048 672 59 eſſe pura, omnia item quæ ab ipſo condita ſunt eſſe

28 1095 683 55 bona in́ uſum inſtituta hominum. Per precationem

30 1136 683 60 autem intelligit gratiarumactionem et uſum fidelem.

30 1179 677 61 Ita ſententia erit, ipſum enim domini uerbum, ipſa in

32 1228 684 66 quam dei conceßio & ſententia qua pronunciat om¬

176 85 398 44 AD TIM. CAP. IIII.

611 85 91 45 140

686 168 128 43 Libertas et

687 202 131 36 delectus ci

687 229 89 49 borum.

529 1277 74 44 s 4
