1000 1547
361.0 104.0 487.0 46.0 COMMENT, INT. EPIST.

316.0 158.0 661.0 47.0 ipſis incunabulis bona amare & mala fugere ac auer

315.0 195.0 664.0 55.0 ſari aſſueſcat. Sequitur enim quod huc pertinere ui¬

315.0 239.0 666.0 51.0 detur, Tenẽtes myſterium fidei cum pura cõſcientia.

316.0 281.0 665.0 55.0 Ne enim ſatis est ſi ſint compoſiti, ſi in omni erudi¬

314.0 329.0 667.0 49.0 tione & doctrina præclari, niſi & fidei myſterium

316.0 369.0 665.0 53.0 teneant, hoc est pij ſint & totam religionis rationem

318.0 415.0 663.0 50.0 probe teneant, adeo́ & ex animo credant alieni ab

318.0 457.0 664.0 53.0 omni fuco & hypocriſi. Nam in hunc finem conſcien

316.0 501.0 665.0 51.0 tiam puram diſerte expreßit. Inuenies enim ſtudioſos

315.0 545.0 667.0 50.0 quidam literarum ſed parum pios, Inuenias & pie in

318.0 588.0 665.0 54.0 ſacris eruditos qui ſuauiter de religione philoſophen

317.0 633.0 665.0 49.0 tur, ſed non ex conſcientia pura uerum ex hypocri¬

319.0 674.0 664.0 55.0 ſi. Addit igitur & aliud, At hi probentur prius, de¬

319.0 720.0 665.0 49.0 inde uero miniſtrent at ita ut nemo poßit illos cri¬

319.0 764.0 667.0 50.0 minari. Quaſi dicat, Cum uero hypocriſis maximum

317.0 807.0 666.0 49.0 quidem ſed occultum malum, nõ raro corruptißimos

319.0 850.0 666.0 51.0 ad miniſterium ſubuehat ſacrum, hinc nolim protinus

320.0 894.0 667.0 47.0 committi ſacrarum rerum adminiſtrationem uel exi¬

321.0 936.0 664.0 50.0 miæ ſpei ſtudioſis niſi multo iam tempore exploratis.

321.0 978.0 664.0 54.0 Ita enim fiet ut nemo poßit eximios & probatos cri¬

321.0 1022.0 666.0 51.0 minari temere. Hæc ſi nobis eſſent ſacroſancta pro¬

317.0 1067.0 666.0 51.0 culdubio melius haberent res eccleſiaſticæ & maior

319.0 1111.0 444.0 52.0 uberior́ eſſet prouentus pietatis.

358.0 1184.0 627.0 51.0 Vxores ſimiliter modeſtas, nõ caᛘ

323.0 1233.0 656.0 66.0 lũnioſas, ſobrias, fidas in omnib.

871.0 1291.0 111.0 58.0 Multum
