1000 1547
25 158 674 55 utilis fuit quod ethnici de pietate Chriſtianorum non

24 195 670 61 male ſentientes ab impietate ſua facilius deſciuerunt.

22 241 673 58 Hodie uera religio ob improbitatem quorundam mi¬

22 283 671 59 niſtrorum non bene audit. Et hæc quidem de miniſtro

21 328 672 57 rum uita & moribus dilucide & breuiter diſputauit

20 372 671 60 apoſtolus. Ad hanc tractationem pertinent quæ ſe¬

21 421 133 46 quuntur.

169 106 370 50 AD TIM. CAP. III.

82 464 601 61 Miniſtros itidem compoſitos,

18 516 673 59 non bilingues, nõ multo uino de¬

18 571 671 62 ditos, non turpiter lucri auidos, teᛘ

18 626 672 61 nentes myſterium fidei cum pura

18 679 669 60 conſcientia. Atque hi probentur

21 733 666 60 prius, deinde miniſtrent ſic ut ne¬

18 787 516 58 mo poſſit illos criminari.

644 121 54 43 130

48 855 638 52 Diaconi, quod & Ambroſius ſentit, ſunt epiſcopo

17 898 668 52 rum ministri & ueluti membra adeo́ & ſeges epi¬

17 940 669 53 ſcoporum. Hi ſane duplicis generis & functionis inue

14 984 673 54 niuntur in ſacris. Alij enim ærario præfecti eccleſiaſti

15 1030 672 50 co pauperum curam gerunt, ut uidere est in Actis ca.

16 1073 670 52 σ. de quibus & hic locus per omnia exponi potest.

14 1113 660 56 Alij uero literis honeſtis diſciplinis & ſcripturæ ſa¬

13 1161 665 49 eræ inuigilant adeo́ in rebus exercentur ſacris aßi¬

14 1201 658 57 due ut aliquando munijs præfecti eccleſiaſticis eccle¬

16 1246 664 70 ſiæ dei quamplurimum proſint. Ex his enim deligun¬

684 1138 131 41 Diaconi li¬

691 1167 119 40 teris mancí

686 1198 112 42 pati iuue¬

679 1224 57 42 nes.

546 1304 18 41 A

489 1304 19 57 *
