1000 1547
40 147 671 49 plurimũ decedit cenſibus. Hic Paulus, Diuites ſint,

39 189 673 51 inquit, bonis operibus. Nam bona opera demum ſunt

38 234 677 49 ueræ opes ut nunc animi dotibus tanto plus accedat

39 275 672 55 quanto magis decedit prædijs, cenſibus, ſcrinio. Quar

37 322 673 53 tum præceptum est, Vt ſint faciles ad impartiendum,

36 364 677 49 hoc est ut libenter communicent. Solet enim diuitum

36 408 678 53 uulgus grauatim impartiri ſi quid impartitur. At de¬

36 453 682 50 us hilarem & uolentem datorem requirit. Et mune¬

37 498 672 50 rum, iuxta prouerbium, animus optimus est. Sequitur

36 540 676 53 ultimo loco harum præceptionum fructus, Si inquit di

36 581 669 55 uites non ſint elato animo, non fidant incertis diuitijs,

36 627 669 54 non cumulent auare opes, ſed benefici potius ſint &

34 671 678 52 libenter impartiantur, reponent ſibi theſaurum in cœ

36 715 673 54 lis, quo perfruantur ubi hinc fuerit exceſſum: in æter

35 760 676 52 na enim uita amplißimas reperient opes repoſitas, ibi

36 802 675 54 inuenient magnifice extructa palatia, in quibus æter¬

35 848 675 52 num gaudebunt, id quod apoſtolus occulta proculdu¬

34 890 677 54 bio antitheſi deſyderijs & conſilijs diuitum huius ſæ

34 935 676 54 culi oppoſuit, qui toti in hoc ſunt ut extruant ædes am

36 980 673 53 plas & congerant unde aliquando ſplendide uiuant.

39 1023 669 53 Verum citius quàm uellent efferuntur ex ædibus ſuis

36 1066 670 55 & quod magno ſtudio diu cõgeſſerunt cedit plerũ

35 1112 671 56 quibus maxime noluerunt, id quod carmine uenuſto

34 1153 186 51 cecinit poëta,

171 96 389 46 AD TIM. CAP, VI.

691 105 20 47 3

36 1197 472 55 Diuitias animi ſolas ego iudico ueras

83 1241 416 67 Qui rebus pluris ſe facit ipſe ſuis

535 1332 20 0 2

470 1335 22 0 y
