1000 1547
30 156 664 44 niſi honeſta de numine eorum ac mente opinio, quum

30 192 673 51 expeti nihil ab ijs quod ſit iniuſtum & inhoneſtum

28 235 673 49 arbitrere. Hæc Cicero. Et ſane uox ἐυσέθεια quæ La

29 276 672 48 tinis Pietas dicitur ex etymo ſonat bonus ſiue uerus

27 322 674 44 cultus, religionem ueram uertit alibi D. Hierony. Et

28 366 678 49 Aurel. Auguſtinus epiſt. ad Macedonium 52.Pietas est

26 411 675 46 inquit, uerax ueri dei cultus, unde omnia recte uiuen

27 452 672 51 di duci oportet officia. Et ad Hierony. epiſt.29. Pietas

28 497 673 46 ait, quam Græci uel ἐυσέθααpuel expreßius & ple

27 540 677 52 nius θροσέθεια p uocant, aliud non est quàm iuſtus dei

27 584 674 50 cultus. Si ergo pietas uoluntatis diuinæ iuſta est cogni

28 626 667 49 tio, ſi uerus dei cultus est, Voluntas autem dei est ut

26 673 673 50 credamus in eum quem miſit ille, & ut mutuo diliga

28 719 671 45 mus inuicem, cultus idem dei conſiſtat in fide & cha¬

29 760 673 52 ritate, neceſſe estut apoſtolus in fide & charitate uo¬

27 806 675 46 luerit noſmetipſos exerceri cum in pietate exerceri

30 851 671 49 præcepit. Ita conſequetur etiam prophanas & aniles

30 893 667 53 fabulas eſſe quæcun à fide et charitate aliena ſunt.

30 937 673 53 Prophanum enim est quicquid à ſacroſancta fide ali

29 984 672 49 enum est. Et apud Græcos quo uſurpatum est pro¬

30 1026 670 51 uerbium γραῶμ ὐθλος, quod Latinis ſonat Anicu¬

30 1070 671 50 larum deliramenta. Id quod dici ſolebat de nugis ina¬

30 1113 672 50 nibus cuiuſmodi effutiunt uetulæ, cum iam ſexus uitio

30 1157 670 50 uitiũ ætatis accedens nugacitatis morbũ conduplicat.

30 1199 670 51 Est apud nos quo frequenti in uſu ut de rebus nihili

30 1243 669 63 et uanißimis dicamus, Is ſye ollter myber tanot.

145 97 389 46 AD TIM. CAP. IIII.

606 104 88 42 144

700 611 100 56 Ioan.6.

701 660 109 51 1.loan.3e
