1000 1547
389.0 108.0 485.0 44.0 COMMENT. IN I. EPIST.

304.0 162.0 665.0 47.0 laborantibus & afflictis de ſuis ſubminiſtrauit facul¬

301.0 201.0 662.0 54.0 tatibus, breuiter ſi nullum opus bonum prætermiſit,

302.0 244.0 667.0 53.0 ſed potius in omni iuſtitia facienda fuit aßidua: ſi in¬

303.0 288.0 666.0 53.0 quam talem inueneris uiduam non dubitabis inopiam

301.0 330.0 667.0 54.0 eius facultatibus ſubleuare eccleſiaſticis. Hac uero lan

301.0 375.0 668.0 54.0 ce hac regula metietur expendet́ uir eccleſiaſticus

301.0 418.0 666.0 54.0 quos è pauperum turba recipiat in eorum numerum

301.0 463.0 666.0 50.0 qui eccleſiaſtico alũtur ſtipendio. Si uero prexerimus

300.0 505.0 661.0 53.0 mimos, ſcurras, ſcorta, lenas, ambubaias, decoctores,

300.0 549.0 666.0 53.0 milites, nebulones, & hoc genus omne eccleſiaſticis

299.0 593.0 667.0 49.0 nutrire opibus, ſentiemus aliquando potentem illam

299.0 636.0 666.0 54.0 dei manum quam monachis et ſacrificis pontifitijs ab

301.0 679.0 664.0 53.0 utentibus bonis eccleſiaſticis uidimus inflictam gra¬

300.0 723.0 665.0 53.0 uiter. Cõfutatur item ex præſenti loco Pauli quicquid

298.0 768.0 667.0 50.0 de anno probationis nugati ſunt impurißimi mona¬

297.0 808.0 664.0 56.0 chi. Equidem inſigne est humanæ infirmitatis argu¬

298.0 853.0 666.0 53.0 mentum, quod apoſtolus tantus noluit uiduam recipi

296.0 896.0 666.0 51.0 minorem annis ſexaginta. Arbitror profecto hoc apo

296.0 938.0 663.0 54.0 ſtoli iudiciumn egregie nobis obſeruandum tenẽdum́

295.0 984.0 668.0 49.0 ne præcipitanter & inconſulte nimis agentes adul¬

295.0 1025.0 667.0 56.0 terij, fornicationis & ſcelerum nephandißimorum

297.0 1072.0 223.0 50.0 authores fiamus.

368.0 1125.0 583.0 61.0 Porrò iuniores uiduas reijce,

295.0 1180.0 667.0 61.0 cum enim laſciuire cœperint aduerᛘ

294.0 1230.0 671.0 68.0 ſus Chriſtum, nubere uolunt, ha¬

873.0 1295.0 92.0 56.0 bentes
