1000 1547
308 166 667 48 bus, intus uero ardent ira, inuidia, æmulatione &

308 199 674 56 contentione. Abſtinent hi ab uxoribus, ſed animus

308 244 673 55 interim æſtuat fœdis cupiditatibus. Deus autem exter¬

310 288 672 56 na ſpecie hoc eſt hypocriſi non placatur, animum

310 327 671 63 poſcit ſibi purgatum uitijs offerri. Sathan ergo ut à ue

310 373 672 55 ro abducat & erroribus implicet nouas huiuſmodi do

308 416 675 57 ctrinas inſpirat. Expoſuerunt hunc locum alij de Ma

308 462 675 57 nicheis & Tatianis quos et Encratitas appellant. De

308 503 673 56 his enim Auguſtinus ad Quoduultdeum de hæreſi¬

308 549 673 57 bus ſcribit quod damnarint nuptias at has omnino

310 592 672 57 pares fecerint fornicationibus, quod́ nullas ederint

310 637 671 54 carnes imo uſum eorum damnarint prorſus. Egoue¬

310 680 673 54 ro uideo Pauli uerba non de una aliqua gente aut fa¬

312 724 671 50 milia hæretica, non de una ætate, ſed de omnibus æta¬

310 765 673 53 tibus & hominibus à fide deficientibus, ſpiritibus im

312 810 665 54 poſtoribus attendentibus prohibentibus́ nuptias &

312 854 672 57 cibos, eſſe exponenda. Intelligo ergo apoſtolum etiam

323 894 658 59 hæc de Apoſtolicis, quos alio nomine Apotactitas ap¬

310 940 672 58 pellauit uetuſtas, quaſi quis dicat extraordinarios, lo¬

311 984 671 57 quutum. Hi enim Auguſtino authore in communio¬

310 1029 672 53 nem ſuam non recipiebant utentes coniugibus & res

310 1069 671 58 proprias poßidentes. Interpretor hæc & de fide Ma¬

310 1117 671 51 humetica & Turcis. Præcipue autem expono ea de

308 1156 673 59 Pontifitijs & noſtri ſæculi religioſis uiris́ Eſſenis ſi

308 1204 673 49 ue Monaſticis. Manichei enim & Encratitæ unà cum

308 1247 671 63 Apotactitis damnarunt nuptias & ciborum uſum ma

391 109 491 49 COMMENT, IN I. EPIST.

175 894 125 50 Eſt in uoc

177 935 121 36 hac Cata¬

177 962 102 45 chreſis.

939 1299 26 53 gt
