1000 1547
303 151 666 50 ſtram quæramus. Imò non negligit ſeſe qui gnauiter

305 190 666 55 ſuum facit officium, negligit qui ſegniter ſuam prouin

305 236 662 49 ciam adminiſtrat. Vnde protinus ſequitur in Paulo,

304 278 667 51 Attende tibi ipſi & doctrinæ, perſiſte in his. Germa¬

303 320 662 54 nus uerteret, Mab gut adt ſorg vnnd flyß vff

304 363 666 53 oi ſelbe vnò nff die leer, ut uidelicet doctrinæ nõ

305 409 667 47 repugnet uita. Addit utilitatem & præmium, Hinc e¬

304 452 666 49 nim inquit geminum capies fructum. Primum ſerua¬

304 493 667 51 bis teipſum, deinde eos qui te audierint. At hæc qui

304 538 663 51 dem tanti ſunt momenti ut nihil ſuperſit in orbe quod

303 582 526 51 eum mouere poßit quem iſta non mouent.

355 99 488 43 COMMENT. IN I. EPIST.

172 642 135 47 CAP.V.

364 645 593 60 Seniorem ne ſæuius obiurges,

301 696 667 58 ſed adhortare ut patrem, iuniores

301 752 667 58 ut fratres, mulieres natu grandio¬

300 812 666 52 res ut matres, iuniores ut ſorores

300 862 409 52 cum omni caſtitate.

349 923 620 51 Iam præſcribit Epiſcopo formulas quaſdam gene¬

302 967 667 45 rales quomodo ſe gerat in docendo & exhortando

300 1009 669 51 erga cuiusuis ætatis & ordinis homines, item quomo¬

301 1051 668 51 do ſe gerat erga uiduas preſbyteros dominos ac ſer¬

310 1091 656 56 uos. Principio uult doctrinam exhortationem adeoq́

305 1137 664 54 obiurgationem epiſcopi ab omni tyrannidis ſpecie

303 1180 666 54 quàm alienißimam eſſe, cum quod iuſta quædam leni

303 1226 666 60 tas, quæ uidelicet ad molliciem & ſceleris impunita¬

169 1091 116 40 Opiurga¬

169 1131 132 42 tio epiſcopi

910 1277 59 47 tem
