1000 1547
43 152 682 51 noſtri leſu Chriſti, hoc est ei quæ ſecundum pietatem

42 184 679 62 eſt doctrinæ, fidem nimirum & charitatem tradenti,

41 229 681 58 is inflatus est, nihil ſciens, & iccirco negligendus. Nã

41 273 680 58 1.ad Cor.8.cap. idem, Scientia inflat inquit, charitas

40 315 680 62 ædificat. Quod ſi quis uidetur ſibi aliquid ſcire, non¬

39 362 678 59 dum ita doctus est ut doctum eſſe oportebat. At qui

37 407 681 57 Deum diligit hunc docuit at eruditum reddidit de¬

36 452 680 59 us. Et ad Rom.12.cap. Dico inquit per gratiam quæ

36 494 679 56 data est mihi cuilibet uerſanti inter uos ne quis arro¬

38 537 678 60 ganter de ſe ſentiat ſed ita ſentiat ut modeſtus & ſo¬

36 581 679 59 brius ſit ut cui deus partitus est menſuram fidei. Pro

33 624 680 59 inde uera & iuſta ſcientia intra metas fidei & chari¬

33 668 681 60 tatis manens humilis & ſobria est. Vbi uero ſuperbia

33 716 678 52 & arrogantia est, ubi fidei & charitatis regulæ ne¬

35 756 674 60 gliguntur, ibi nihil ſolidæ est ſapientiæ utut uerba ap£

33 803 678 53 paratus deni totus uitæ habitus ſplendeat. Recte er¬

31 845 678 57 go Paulus dixit, Qui non accedit ſanis ſermonibus

30 886 678 62 Chriſti is inflatus eſt nihil ſciens, ἀ λα νοσῶμ ſed æ¬

31 935 674 59 grotans circa quæſtiones uα) λoγομαχιας, & uer

30 977 676 57 borum ſiue diſputationum pugnas. Id quod mire in

30 1020 676 60 eos quadrat qui omnibus ſæculis pura & ſimplici reli

29 1063 677 59 cta ueritate de rebus nihili diſputare cœperunt. Cuius

28 1107 677 60 quidem generis ſunt Valentinianorum apud Iræneũ

30 1154 674 55 & Tertullianum deliria, & cæteræ hæreticorum di

30 1195 673 61 ſputationes prodigioſæ. Noſtro ſæculo quæſtionum la

29 1241 670 63 birynthis & uerborum pugnis inuoluerunt religio¬

201 97 387 49 AD TIM. CAP. VI.

665 104 44 43 165

508 1303 22 35 4

571 1337 18 0 5
