1000 1547
27 137 675 58 ſiæ ordinationem cuſtodirent ipſi quo futuris for¬

25 180 676 55 mam tradentes à ſemetipſis inciperent. Iam cum ne mi

25 220 677 59 nimum quidem ex his præceptionibus omnibus cuſto¬

25 264 673 60 ditum ſit nil mirum ſi hodie conflictetur periclitetur́

27 317 125 53 eccleſia.

156 86 432 44 AD TIM. CAP VI.

91 364 611 66 His qui diuites ſunt in præſenᛘ

28 416 677 67 ſenti ſæculo præcipe, ne elato ſint

29 474 672 64 animo, ne ſpem ponant in diui¬

30 527 677 65 tijs incertis, ſed in deo uiuente, qui

35 579 674 65 præbet nobis omnia affatim ad

32 633 676 66 fruendum, ut bene faciant, ut diui¬

34 689 675 66 tes ſint operibus bonis, ut faciles

35 745 674 60 ſint ad impartiendum, libenter cõᛘ

37 796 675 66 municantes, recondentes ſibijpſis

37 854 677 63 fundamentum bonum in poſterũ

39 909 674 66 ut apprehendant æternam uitam.

620 84 84 50 172

85 975 625 53 Multis ſanè expoſuit hactenus quanto cum pericu

43 1014 669 58 lo coniunctum ſit uelle diteſcere, iam ne quis hinc col

43 1057 674 59 ligeret diuitem eſſe aut uti diuitijs licere nemini, præ¬

47 1101 675 60 ſcribit diuitibus Chriſtianis quis uſus opum & quæ

47 1143 677 63 ſint diuitũ officia, adeoq́ ipſi epiſcopo leges fert quas

47 1191 672 55 demum tradat opulentioribus, Plurima uero præce¬

51 1232 679 68 pta dat. Primum, Ne diuites ſint elato animo. Nam iu

717 964 123 37 De diuiti¬

717 994 135 36 bus & offi

723 1020 129 43 cijs corum.

565 1307 21 46 I

506 1318 20 1 y
