1000 1547
327.0 117.0 480.0 48.0 COMMENT. IN I. EPIST.

269.0 178.0 479.0 48.0 nis ſermonibus Ieſu Chriſti non obedit?

335.0 233.0 597.0 60.0 Eſt autem quæſtus magnus piᛘ

270.0 290.0 662.0 52.0 etas cum animo ſua ſorte conten¬

270.0 341.0 662.0 52.0 to. Nihil enim intulimus in mun¬

270.0 390.0 665.0 59.0 dum, uidelicet nec efferre quicquã

274.0 447.0 662.0 62.0 poſſumus, ſed habentes alimenta

271.0 501.0 662.0 61.0 & quibus tegamur his contenti e¬

270.0 556.0 150.0 47.0 rimus.

306.0 609.0 626.0 48.0 Deſcendit iam ad aliam epiſcoporũ peſtem, ſtudi¬

276.0 652.0 658.0 50.0 um uidelicet pecuniæ ſiue quæſtum, quem paulò poſt

273.0 697.0 661.0 47.0 accuſabit grauiter, in præſenti ἀυτάρκσαμ laudat ut

271.0 737.0 662.0 51.0 à lucri ſtudio abſtrahat melius. Alij, inquit, quibus ue¬

270.0 780.0 664.0 52.0 ritas & religio uenalis est ſummam fœlicitatem exi¬

270.0 824.0 659.0 51.0 ſtimant ſi opibus honoribus & uoluptatibus affluant,

269.0 867.0 663.0 52.0 uerum conſenſus omnium ſapientum credit quæſtum

271.0 910.0 661.0 49.0 uere maximum & beatitudinem in terris abſolutißi¬

270.0 951.0 660.0 56.0 mam eſſe ſi quis ſit pius, deinde ſua ſorte præſenti¬

270.0 996.0 662.0 53.0 bus́ rebus contentus. Hinc enim diſputatum est a¬

272.0 1038.0 660.0 56.0 pud philoſophos ſolum ſapientem eſſe diuitem, eo

271.0 1082.0 656.0 55.0 quod nihil concupiſcat. Qui enim concupiſcit adhuc,

271.0 1126.0 661.0 48.0 nõdum ſatis habet: qui uero ſatis non habet, reuera di

270.0 1168.0 665.0 53.0 ues non est. Huc pertinet Pſal.111.cuius initiũ, Beatus

270.0 1211.0 664.0 54.0 uir qui timet dominum &c. Et Seneca in epiſtola ad

270.0 1256.0 666.0 66.0 Lucilium egregia de hac re diſputauit præcipue epi¬

866.0 1302.0 66.0 63.0 ſtola

141.0 618.0 125.0 34.0 Sua ſorte

140.0 642.0 129.0 36.0 cõtentũ &

139.0 671.0 115.0 37.0 pium eſſe

139.0 704.0 100.0 28.0 ſummus

141.0 724.0 128.0 48.0 quæſtus eſt
