1000 1547
30.0 171.0 668.0 45.0 priuatum, hinc adiecit exhortationem & doctrinam,

26.0 207.0 671.0 55.0 quibus ſpeciebus complexus est omne inftituendi ge¬

24.0 250.0 674.0 55.0 nus. Hunc ergo finem habeant ſtudia noſtra ut quàm

24.0 292.0 675.0 58.0 pluribus proſimus, ut́ pro rei negotio uel docere, uel

22.0 336.0 671.0 55.0 hortari, uel accuſare, uel conſolari poßimus. Hæc au¬

20.0 380.0 492.0 55.0 tem ſunt propria epiſcoporum officia.

153.0 117.0 399.0 47.0 AD TIM. CAP. IIII.

73.0 436.0 618.0 58.0 Ne neglexeris quod in te eſt doᛘ

20.0 489.0 671.0 63.0 num quod datum eſt tibi per proᛘ

21.0 547.0 668.0 56.0 phetiam cum impoſitione manu¬

18.0 598.0 524.0 57.0 um authoritate ſacerdotij.

629.0 120.0 78.0 52.0 146

61.0 656.0 629.0 47.0 Admonet Timotheum officij ſui currenti́ admo

18.0 693.0 675.0 53.0 uet calcar. Multa ſunt inquit quæ admonent ut gnaui

18.0 738.0 673.0 50.0 ter prouinciã quam nactus es adminiſtres. Habes exi

17.0 780.0 673.0 52.0 mium & ad hoc negotium appoſitißimum à deo da¬

16.0 825.0 674.0 50.0 tum donum, quod proculdubio excitabis ni malis ac¬

16.0 867.0 673.0 56.0 cuſari neglectus & inertiæ. Accedit iuſta ad epiſcopa

16.0 912.0 673.0 54.0 tum uocatio. Ne enim temere ingeßiſti te, quod mul

15.0 954.0 674.0 53.0 ti ſolent, ſed prophetia & arcanus quidam afflatus id

14.0 998.0 673.0 53.0 muneris tibi impoſuit te́ ad hoc ſacrum miniſterium

14.0 1041.0 673.0 53.0 deſignauit. Accedit præterea & manuum ſeniorum

15.0 1087.0 672.0 50.0 impoſitio, quæ iſta comprobauit & publico muneri

15.0 1131.0 671.0 51.0 publice præfecit. Hæc inquam omnia admonent ut ſu¬

15.0 1174.0 671.0 50.0 ſcepto muneri reſpondeas per omnia. Colligimus au¬

14.0 1217.0 672.0 50.0 tem nos ex hoc Pauli loco tria in cuiusuis epiſcopi or¬

15.0 1259.0 667.0 61.0 dinatione neceſſaria eſſe. Primum ut habeat donum

470 1348 68 0 t 2
