1000 1547
18 161 670 55 nam, ad quã & uocatus es & pro¬

17 213 671 60 feſſus es bonam profeſſionem coᛘ

17 270 411 56 ram multis teſtibus.

190 110 380 46 AD TIM. CA.P VI.

59 335 623 46 Conuerſus iam ad Timotheum docet quæ hic dece

14 371 663 55 ant epiſcopum imò Chriſtianum quemlibet, ut ſcilicet

15 419 673 52 auaritiam fugiat & quæ ex ipſa naſcuntur, cogitet

15 463 674 49 autem ſeſe totum Deo eſſe conſecratum non cupidita

15 508 674 48 ti & Pluto. Tu uero, inquit, qui Deo conſecratus es

13 550 672 51 hæc indigna tua profeßione fugito, ueras opes ſequẽs

14 593 674 50 iuſtitiam, pietatem, fidem, charitatem & c. In his enim

16 638 671 52 qui diues est uere fœlix ueras opes aſſequutus est.

18 682 667 51 Qui uero hiſce caret, opes uel amplißimas poßidet,

13 727 674 49 onus habet non opes. Iuſtitia unicui ſuum reddit, ne

16 770 671 48 minem fraudat, neminem afficit iniuria. Pietas aßidu¬

14 813 675 49 um est dei ſtudium cultus & religio uera. Fides niti¬

14 862 677 43 tur bonis æternis, aſpernatur peritura. Charitas miſe¬

14 902 676 45 ricors est, condonat & libenter communicat omni¬

15 945 676 48 bus́ inſeruit fideliter. Patientia ſpe immortalitatis et

14 988 677 52 amore iuſti perdurat in aduerſis, fert æquo animo fa¬

15 1035 675 41 mem, nuditatem & omnium rerum inopiam. Nouit

14 1075 675 51 enim meliorem eſſe pauperem iuſtum quàm diuitem

14 1120 673 47 iniquum. Manſuetudo animi tranquillitas est quæ irã,

14 1164 676 48 uindictam, rixas & perturbatiores animi affectus cõ

15 1204 674 54 peſcit. Hæc uero decent epiſcopum Chriſtianum, hi¬

17 1249 670 62 ſce aſſequendis at cumulandis opibus inuigilet, iſtas

621 116 73 47 170

696 330 124 46 Quid dece¬

688 367 132 42 at Chriſtia

686 393 66 44 num.

473 1307 74 41 9 2
