1000 1547
368.0 105.0 484.0 43.0 COMMENT. IN I. EPIST.

321.0 158.0 660.0 50.0 & omnino nubere uelint. Et ſanè nubere per ſe qui¬

319.0 201.0 661.0 43.0 dem uitio caret. Honorabile enim est connubium a¬

320.0 244.0 664.0 54.0 pud omnes. Quia uero fidem et Chriſto ſponſo & ec¬

319.0 288.0 665.0 49.0 cleſiæ dederunt ſemel, & ſeſe ſua ſponte abdicarunt

320.0 330.0 664.0 51.0 connubio, hinc laſciuia & nuptiæ earum in ignomini

321.0 375.0 665.0 50.0 am uergunt Chriſti, id quod Paulus dixit Laſciuire ad

319.0 417.0 665.0 47.0 uerſus Chriſtum. Et prophani homines culpam iſtam

319.0 462.0 665.0 51.0 ijs non imputant quorum uitio fit, ſed religioni omnẽ

321.0 505.0 663.0 51.0 & Chriſto impingunt, clamantes, Hæc illa nimirum

319.0 549.0 665.0 50.0 egregia uiduarum Chriſtianarum caſtimonia est, hæc

321.0 592.0 663.0 50.0 ſacroſancta Chriſtianorum fides, hæc deni illa ec¬

319.0 634.0 664.0 53.0 cleſia est quæ libidini nutrimenta ſuppeditat, ſeilicet.

320.0 680.0 661.0 47.0 At boc quidem alterum uitium est quo & Chri¬

319.0 721.0 665.0 52.0 ſtũ et eccleſiam totam deni reli gionẽ infamant. Ad

320.0 764.0 662.0 48.0 hæret huic & alterum, nempe quod uiduæ ſibijpſis

319.0 810.0 665.0 48.0 perpetuam inurunt ignominiæ maculam, dum ſcilicet

322.0 850.0 661.0 52.0 fidem pactam ſoluunt. Paulus enim per κρῖμα id est

319.0 897.0 666.0 47.0 iudicium, quod interpres noſter non male uertit con¬

319.0 938.0 664.0 47.0 demnationem non intellexit animæ perditionem ſed

319.0 980.0 662.0 53.0 maculam infamiæ ein nadred unnò furzugldao

317.0 1022.0 666.0 51.0 man ſy diumb vßryot vnò bſoillt. Verum at

317.0 1068.0 665.0 46.0 tigimus hunc locum & in Comment. noſtris in cap.

319.0 1111.0 665.0 48.0 23.Act. apoſt. Et Paraphraſtes eodem modo hunc lo¬

315.0 1152.0 666.0 50.0 cum explicans, At interim hanc infamiæ maculam,

315.0 1193.0 669.0 55.0 inquit, ſibi contrahunt, quod fidem quam Chriſto pa

315.0 1244.0 666.0 58.0 cti uidentur fecerint irritam, duplici nomine notandæ

934.0 1296.0 41.0 48.0 &.
