1000 1547
290 148 665 47 in Martha, in Philippo. Acto.21.& Publio Acto.2s.

290 189 667 51 Maiores noſtri epiſcopis amplißimas opes in hoc

290 236 666 47 donarunt ut hoſpitalitatem exercerent liberaliter, cæ

288 276 668 52 terum iniuria temporum & auaritia impiorum epi¬

289 320 668 48 ſcoporũ factũ est, ut nõ modo nulla amplius exercea

288 363 668 51 tur ab illis hoſpitalitas, uerum etiam illis opibus nunc

287 408 669 50 non ut epiſcopi & diſpenſatores præſideant ſed ut

290 453 666 49 principes imperitent ijs́ ad luxum & tyrannidem

289 497 667 45 pro animi uoto in detrimentum eccleſiæ maximum

292 535 664 51 abutantur. διδ ακτικὸμ, id est docibilem, id quod a¬

288 581 666 51 ctiue intelligendum eſt, nempe qui docere poßit. Hæc

286 626 668 50 prima & potißima est epiſcopi functio. Qualis uero

287 669 667 51 eſſe debeat doctrina & alibi & in primo huius epi¬

285 714 670 48 ſtolæ cap. oſtendimus, hic de facultate & modo docen

283 755 672 52 di loquitur. Inuenias qui non neſciant quid ſit docen¬

285 802 671 47 dum, ſed docere interim neſciant. Oportet ergo epi¬

284 842 670 51 ſcopum nõ tam doctum eſſe quàm docibilem, hoc est

285 887 670 50 appoſitum ad docendum, qui uidelicet ſciat quid qui

284 930 669 49 bus quatenus & quomodo docenda ſint quælibet. E¬

283 974 671 51 ant ergo nũc amuſi bardi ſtupidi́ aphronij & dam

282 1016 672 51 nent dicendi artem ſine qua nemo appoſite docebit, ni

285 1060 669 52 ſi cui natura & deus ipſe ſarſit quod arte diminutum

284 1106 670 45 est. Contemptis ergo illiteratorum nugis & quere¬

285 1148 669 50 lis qui conſultum uolunt eccleſijs fideliter inſtituant

285 1192 669 49 iuuentutem eccleſiaſticam in oratorijs præceptis hoc

284 1234 670 60 eſt in recta dicendi arte. Agnoſcimus enim & hanc

380 94 484 50 COMMENT. IN I. EPIST.

158 535 117 43 Aptum ad

156 572 128 44 docendum.

897 1282 58 44 non
