1000 1547
50 151 672 59 catus eſt gentibus, fides illi habi¬

50 207 671 59 ta eſt in mundo, receptus eſt in

52 262 146 67 gloria.

208 102 369 43 AD TIM. CAP III.

79 332 631 50 Dixerat eccleſiam eſſe baſim ueritatis, id uero nũc

46 375 664 52 explicans quæ nam illa ſit ueritas cui innitatur eccle¬

47 418 670 54 ſia & quàm certa quantæue ſit authoritas exponit,

47 464 675 50 id́ exordiolo præmiſſo commendat dicens, uαι ὀμο

46 506 677 54 λογουμένως id est & confeſſe, & citra conntra¬

46 549 677 53 uerſiam, ſiue ut Ambroſius uertit, Et quidem omniũ

47 593 676 55 confeßione magnum est illud pietatis Chriſtianæ my¬

48 637 675 54 ſterium, ſummarium uidelicet religionis noſtræ. Hic

47 681 676 53 addit quod ſenſum abſoluat, Vt eccleſiam hoc tenentẽ

48 727 670 52 myſterium non temere uocauerim columnã & funda

48 768 674 52 mentum ueritatis. Iam ſequitur breuis huius myſterij

47 813 677 54 expoſitio, Deus manifeſtatus est in carne, quod quid a

47 855 677 56 liud est quàm quod loannes quo ſcripſit, Et uerbũ ca

48 900 675 54 ro factũ est? Pertinent huc quæcun in ſacris tradun

48 945 671 51 tur de diuinitate Chriſti & incarnatione eius, deq́

48 987 673 55 cauſis & efficatia eius. In hoc filius noſtrã induit car

48 1033 676 55 nem peccati, ut per peccatum damnaret peccatũ cre¬

48 1074 676 55 dentes́ efficeret æternæ uitæ hæredes, hæc uidelicet

48 1118 676 55 eceleſiæ ſanctæ baſis est, & hæc prima & certa ueri

48 1162 677 54 tas est quod deus in Chriſto manifeſtauit ſe homini¬

50 1207 673 53 bus, hoc est per incarnationem euidenter apperuit to

48 1249 670 60 ti mundo quali ſit in genus humanum præditus ani¬

672 107 42 51 35

722 324 130 40 Summa ue

719 353 134 56 ritatis. pri¬

719 384 55 37 mæ,
