1000 1547
164.0 916.0 119.0 31.0 Monaſte¬

164.0 942.0 124.0 44.0 ria uetuſta.

370.0 95.0 481.0 46.0 COMMENT. IN I. EPIST.

310.0 148.0 662.0 48.0 peribus & uiris ſubueniretur eccleſiaſticis. Eius rei

309.0 183.0 662.0 55.0 gratia & hoc exemplum imitantes maiores noſtri

308.0 229.0 662.0 52.0 tam primarij quàm plebei uiri facultates ſuas donarũt

306.0 270.0 660.0 57.0 eccleſijs. Quò ego pertinere puto regũ donationes,

306.0 312.0 663.0 59.0 nobilium fundationes, decimas, poſſeßionum uſusfru¬

306.0 357.0 663.0 58.0 ctus, ipſas poſſeßiones, omnes deni opes eccleſiaſti¬

305.0 400.0 664.0 55.0 cas. Has uero priſci illi patres noſtri & religionis ue¬

304.0 446.0 661.0 54.0 ræ Mecœnates proculdubio ſtudioſis & pauperibus,

301.0 487.0 667.0 52.0 non otioſis & uentribus deſti narunt alendis. Ne du

303.0 529.0 664.0 58.0 bium est quin ueteres illi ſancti et docti epiſcopi iſtis

304.0 570.0 664.0 61.0 ſancte ſint uſi. Certe Gregorius ille magnus epiſcopus

300.0 617.0 666.0 56.0 Roma ad Cantuarien. Epiſcopum Auguſt. diſertis uer

302.0 658.0 665.0 60.0 bis, Mos, inquit, ſedis est apoſtolicæ ordinatis epiſco¬

303.0 704.0 663.0 57.0 pis præcepta tradere, ut ex omni ſtipendio quod acce

300.0 744.0 665.0 59.0 dit quatuor fieri debeant portiones, una uidelicet e¬

304.0 788.0 660.0 61.0 piſcopo & familiæ propter hoſpitalitatem at ſuſce

301.0 835.0 664.0 53.0 ptionem, alia clero, tertia pauperibus, quarta eccle¬

300.0 876.0 663.0 56.0 ſijs reparandis. Intellexit autem per Clerum diacono¬

300.0 918.0 663.0 55.0 rum ſiue ſtudioſorum collegia. Nam & ueterum cœ¬

299.0 960.0 663.0 61.0 nobia aliud non fuerunt quàm ſtudioſorum collegia

296.0 1007.0 666.0 55.0 & pauperum xenodochia. Id quod liquet uel ex Au¬

295.0 1047.0 664.0 59.0 guſtini uita per Poſidonium conſcripta, in cuius 5.11.

294.0 1095.0 667.0 53.0 23. & 24. cap. plurima quæ huc faciunt inuenies. Ha¬

292.0 1134.0 667.0 61.0 ctenus ergo in diſpenſandis facultatibus eccleſiaſticis

288.0 1178.0 671.0 57.0 haud uehementer peccatum est uel à mediæ ætatis ac

294.0 1221.0 664.0 67.0 poſterioris ſæculi epiſcopis. Tandem uero ubi tempo¬

889.0 1281.0 68.0 43.0 rum
