<?xml version='1.0' encoding='UTF-8'?>
<alto xmlns:xsi="http://www.w3.org/2001/XMLSchema-instance" xmlns="http://www.loc.gov/standards/alto/ns-v4#" xsi:schemaLocation="http://www.loc.gov/standards/alto/ns-v4# http://www.loc.gov/standards/alto/v4/alto-4-2.xsd">
  <Description>
    <MeasurementUnit>pixel</MeasurementUnit>
    <sourceImageInformation>
      <fileName>7326092.jpeg</fileName>
    </sourceImageInformation>
  </Description>
  <Tags>
    <OtherTag ID="BT7" LABEL="CustomZone" DESCRIPTION="block type CustomZone"/><OtherTag ID="BT8" LABEL="DamageZone" DESCRIPTION="block type DamageZone"/><OtherTag ID="BT9" LABEL="DigitizationArtefactZone" DESCRIPTION="block type DigitizationArtefactZone"/><OtherTag ID="BT10" LABEL="DropCapitalZone" DESCRIPTION="block type DropCapitalZone"/><OtherTag ID="BT11" LABEL="GraphicZone" DESCRIPTION="block type GraphicZone"/><OtherTag ID="BT12" LABEL="MainZone" DESCRIPTION="block type MainZone"/><OtherTag ID="BT13" LABEL="MarginTextZone" DESCRIPTION="block type MarginTextZone"/><OtherTag ID="BT14" LABEL="MusicZone" DESCRIPTION="block type MusicZone"/><OtherTag ID="BT15" LABEL="NumberingZone" DESCRIPTION="block type NumberingZone"/><OtherTag ID="BT17" LABEL="QuireMarksZone" DESCRIPTION="block type QuireMarksZone"/><OtherTag ID="BT18" LABEL="RunningTitleZone" DESCRIPTION="block type RunningTitleZone"/><OtherTag ID="BT19" LABEL="SealZone" DESCRIPTION="block type SealZone"/><OtherTag ID="BT20" LABEL="StampZone" DESCRIPTION="block type StampZone"/><OtherTag ID="BT21" LABEL="TableZone" DESCRIPTION="block type TableZone"/><OtherTag ID="BT22" LABEL="TitlePageZone" DESCRIPTION="block type TitlePageZone"/><OtherTag ID="BT3807" LABEL="MainZone-Continued" DESCRIPTION="block type MainZone-Continued"/><OtherTag ID="BT3808" LABEL="MarginTextZone-Notes" DESCRIPTION="block type MarginTextZone-Notes"/><OtherTag ID="BT3809" LABEL="MainZone-Head" DESCRIPTION="block type MainZone-Head"/><OtherTag ID="BT3810" LABEL="MainZone-P" DESCRIPTION="block type MainZone-P"/>
    <OtherTag ID="LT7" LABEL="CustomLine" DESCRIPTION="line type CustomLine"/><OtherTag ID="LT8" LABEL="DefaultLine" DESCRIPTION="line type DefaultLine"/><OtherTag ID="LT9" LABEL="DropCapitalLine" DESCRIPTION="line type DropCapitalLine"/><OtherTag ID="LT10" LABEL="HeadingLine" DESCRIPTION="line type HeadingLine"/><OtherTag ID="LT11" LABEL="InterlinearLine" DESCRIPTION="line type InterlinearLine"/><OtherTag ID="LT12" LABEL="MusicLine" DESCRIPTION="line type MusicLine"/>
  </Tags>
  <Layout>
    <Page WIDTH="1000" HEIGHT="1547" PHYSICAL_IMG_NR="95" ID="eSc_dummypage_">
      <PrintSpace HPOS="0" VPOS="0" WIDTH="1000" HEIGHT="1547">
        <TextBlock HPOS="368.0" VPOS="116.0" WIDTH="502.0" HEIGHT="42.0" ID="block_1" TAGREFS="BT18">
          <Shape><Polygon POINTS="368 116 870 116 870 158 368 158 368 116"/></Shape>
          <TextLine ID="line_1" TAGREFS="LT8" BASELINE="370 148 871 144" HPOS="369.0" VPOS="116.0" WIDTH="502.0" HEIGHT="45.0">
            <Shape><Polygon POINTS="859 116 851 116 842 116 834 116 825 116 816 116 808 116 799 116 791 116 782 116 773 116 765 116 756 116 748 116 739 116 730 116 722 116 713 116 705 116 696 116 687 116 679 116 670 116 662 116 653 116 644 116 636 116 627 116 619 116 610 116 601 116 593 116 584 116 576 116 567 116 558 116 550 116 541 116 533 116 524 116 515 116 507 116 498 116 490 116 481 116 472 116 464 116 455 116 447 116 438 116 430 116 429 118 416 116 412 116 404 116 395 116 386 116 379 116 369 120 370 148 370 153 429 154 435 160 436 160 437 160 438 160 439 160 440 160 440 159 445 155 466 161 466 161 467 161 468 161 469 161 478 154 503 159 504 159 505 159 522 153 569 160 570 160 612 153 648 159 649 159 650 159 670 152 698 157 699 157 725 152 736 158 736 158 737 158 738 158 804 153 838 158 839 158 840 158 871 149 871 144 868 116 859 116"/></Shape>
            <String CONTENT="COMMENT. IN I. EPIST." HPOS="369.0" VPOS="116.0" WIDTH="502.0" HEIGHT="45.0" WC="0.9929929914928618"/>
          </TextLine>
        </TextBlock>
        <TextBlock HPOS="295.0" VPOS="172.0" WIDTH="678.0" HEIGHT="1129.0" ID="block_2" TAGREFS="BT3807">
          <Shape><Polygon POINTS="295 172 973 172 973 1301 295 1301 295 172"/></Shape>
          <TextLine ID="line_2" TAGREFS="LT8" BASELINE="303 201 968 196" HPOS="302.0" VPOS="172.0" WIDTH="666.0" HEIGHT="45.0">
            <Shape><Polygon POINTS="964 172 956 172 947 172 938 172 930 172 921 172 913 172 904 172 895 172 887 172 878 172 870 172 861 172 852 172 844 172 835 172 827 172 818 172 809 172 801 172 792 172 784 172 775 172 766 172 758 172 749 172 743 172 302 173 303 201 303 211 326 216 327 216 446 209 464 216 465 216 466 217 500 217 500 216 501 216 522 209 531 215 532 215 533 215 533 216 570 216 570 215 601 208 709 214 710 214 711 214 728 207 770 207 783 213 784 213 785 213 878 206 892 213 893 213 894 213 967 212 968 196 965 172 964 172"/></Shape>
            <String CONTENT="doceat ueras eſſe opes. Nam quanto animus corpore" HPOS="302.0" VPOS="172.0" WIDTH="666.0" HEIGHT="45.0" WC="0.9972028975584069"/>
          </TextLine>
          <TextLine ID="line_3" TAGREFS="LT8" BASELINE="304 246 969 240" HPOS="303.0" VPOS="207.0" WIDTH="666.0" HEIGHT="52.0">
            <Shape><Polygon POINTS="304 246 304 259 340 255 391 258 392 258 392 258 411 253 451 257 452 257 495 251 720 250 767 255 768 255 809 250 821 254 822 254 822 254 823 254 835 250 841 254 842 254 843 254 844 254 968 250 969 240 967 216 912 216 898 207 897 207 896 207 879 207 878 207 877 207 877 207 862 216 849 210 848 210 847 210 815 216 754 208 753 208 752 208 728 217 685 208 684 208 683 208 682 208 668 218 656 209 655 209 654 209 653 209 614 216 587 213 586 213 585 213 584 213 576 220 537 220 523 210 522 210 521 210 521 210 478 213 477 213 476 213 466 219 423 211 423 211 422 211 396 218 368 212 367 212 366 212 343 221 303 221 304 246"/></Shape>
            <String CONTENT="præſtantior est tanto excellentiora ſunt animi bona." HPOS="303.0" VPOS="207.0" WIDTH="666.0" HEIGHT="52.0" WC="0.9982855239739785"/>
          </TextLine>
          <TextLine ID="line_4" TAGREFS="LT8" BASELINE="304 288 969 282" HPOS="303.0" VPOS="250.0" WIDTH="666.0" HEIGHT="50.0">
            <Shape><Polygon POINTS="304 288 304 296 490 300 491 300 492 300 508 295 547 299 548 299 574 294 586 299 587 299 588 299 736 293 759 298 760 298 760 298 761 298 762 298 769 292 809 292 845 297 846 297 874 291 967 296 969 282 967 259 944 259 931 250 930 250 929 250 882 250 881 250 880 250 855 259 820 255 819 255 818 255 817 255 810 259 741 256 740 256 719 260 684 251 683 251 682 251 681 251 673 256 588 252 588 252 587 252 572 259 551 253 550 253 549 253 548 253 535 260 519 257 518 257 491 263 429 263 398 254 398 254 397 254 340 263 321 256 320 256 319 256 319 256 303 262 304 288"/></Shape>
            <String CONTENT="Certa bonum certamen fidei. Hoc autem opus hic la¬" HPOS="303.0" VPOS="250.0" WIDTH="666.0" HEIGHT="50.0" WC="0.9923331320285798"/>
          </TextLine>
          <TextLine ID="line_5" TAGREFS="LT8" BASELINE="304 333 969 326" HPOS="303.0" VPOS="293.0" WIDTH="666.0" HEIGHT="53.0">
            <Shape><Polygon POINTS="304 333 304 339 320 345 321 345 322 345 323 345 340 340 383 343 384 343 429 339 439 346 440 346 441 346 441 346 487 339 526 342 527 342 576 337 622 344 623 344 663 336 678 343 679 343 680 343 885 342 913 336 938 341 938 341 939 341 969 332 969 326 968 301 892 293 891 293 890 293 871 301 845 293 844 293 814 293 813 293 812 293 811 293 800 303 779 303 760 294 760 294 759 294 758 294 744 300 724 294 723 294 723 294 722 294 721 294 709 303 658 298 657 298 656 298 656 298 648 304 589 304 552 297 551 297 550 297 549 297 536 305 479 305 466 299 466 299 465 299 435 304 426 298 425 298 424 298 386 298 386 298 385 298 367 307 349 307 337 299 337 299 336 299 335 299 303 299 304 333"/></Shape>
            <String CONTENT="bor est. Conanti enim ueras animi opes aſſequi con¬" HPOS="303.0" VPOS="293.0" WIDTH="666.0" HEIGHT="53.0" WC="0.9986612878593744"/>
          </TextLine>
          <TextLine ID="line_6" TAGREFS="LT8" BASELINE="304 376 969 370" HPOS="303.0" VPOS="336.0" WIDTH="666.0" HEIGHT="56.0">
            <Shape><Polygon POINTS="304 376 305 392 323 386 382 390 383 390 407 385 473 391 474 391 503 385 587 390 588 390 625 382 671 387 672 387 673 387 685 381 732 381 747 388 748 388 748 388 749 388 769 381 800 387 801 388 816 388 816 387 817 387 818 387 827 380 846 387 847 387 848 387 894 379 967 382 969 370 967 345 931 338 930 338 929 338 916 344 901 336 901 336 900 336 879 336 878 336 877 336 877 336 861 346 800 346 761 337 760 337 723 346 705 337 704 337 703 337 702 337 677 347 656 339 656 339 655 339 654 339 638 348 621 348 597 338 596 338 595 338 564 342 539 339 539 339 538 339 511 348 466 340 465 340 464 340 446 349 396 350 374 350 354 341 353 341 352 341 303 342 304 376"/></Shape>
            <String CONTENT="fertim occurſitant hoſtes exercitatißimi, cupiditates" HPOS="303.0" VPOS="336.0" WIDTH="666.0" HEIGHT="56.0" WC="0.9888463121540142"/>
          </TextLine>
          <TextLine ID="line_7" TAGREFS="LT8" BASELINE="302 420 969 413" HPOS="301.0" VPOS="379.0" WIDTH="668.0" HEIGHT="54.0">
            <Shape><Polygon POINTS="302 420 302 428 387 428 440 433 441 433 441 433 442 433 449 428 523 431 524 431 562 426 569 431 570 431 570 431 571 432 596 432 596 431 656 426 707 430 708 430 744 429 745 429 755 424 789 429 790 429 791 429 803 423 884 428 885 428 886 428 900 422 933 428 934 428 934 428 969 421 969 413 968 385 938 379 937 379 936 379 912 387 899 379 898 379 897 379 896 379 895 379 883 385 863 382 862 382 834 389 759 389 743 381 742 381 742 381 691 382 690 382 689 382 681 387 652 382 651 382 539 391 459 385 458 385 457 385 428 392 391 391 381 385 380 385 380 385 379 385 341 390 331 385 331 385 330 385 329 385 328 385 319 393 301 393 302 420"/></Shape>
            <String CONTENT="uidelicet creberrimæ quibus infracto &amp; audaci ani¬" HPOS="301.0" VPOS="379.0" WIDTH="668.0" HEIGHT="54.0" WC="0.9824472916126251"/>
          </TextLine>
          <TextLine ID="line_8" TAGREFS="LT8" BASELINE="302 464 970 457" HPOS="301.0" VPOS="423.0" WIDTH="669.0" HEIGHT="57.0">
            <Shape><Polygon POINTS="302 464 302 471 331 476 331 477 331 476 360 472 380 480 380 480 381 480 433 471 551 478 552 478 593 477 594 477 595 477 605 470 635 476 636 477 695 477 695 476 696 476 720 468 757 468 767 474 768 474 769 474 770 474 828 467 850 475 851 475 852 476 881 476 881 475 882 475 883 475 893 466 970 466 970 457 969 431 912 423 911 423 853 431 791 432 782 425 781 425 780 425 760 425 760 425 759 425 758 425 747 432 682 428 681 428 632 434 615 426 614 426 554 426 553 426 489 427 488 427 468 434 448 428 447 428 447 428 446 428 429 435 389 428 388 428 387 428 370 437 301 437 302 464"/></Shape>
            <String CONTENT="mo reſiſtendum fide́ est repugnandum. At in hoc" HPOS="301.0" VPOS="423.0" WIDTH="669.0" HEIGHT="57.0" WC="0.9880792741872826"/>
          </TextLine>
          <TextLine ID="line_9" TAGREFS="LT8" BASELINE="302 507 969 500" HPOS="301.0" VPOS="468.0" WIDTH="668.0" HEIGHT="53.0">
            <Shape><Polygon POINTS="302 507 302 517 383 521 384 521 470 515 509 519 509 520 552 520 552 519 552 519 567 514 589 519 590 519 647 513 699 518 700 518 756 513 811 516 812 516 813 516 822 512 851 516 852 517 885 517 885 516 886 516 887 516 894 511 968 514 969 500 967 471 943 476 927 468 926 468 899 468 898 468 897 468 865 476 846 469 846 469 845 469 844 469 817 476 766 470 765 470 764 470 745 477 699 474 698 474 697 474 696 474 691 479 551 480 529 472 528 472 527 472 527 472 514 478 502 473 501 473 500 473 499 473 498 473 487 480 472 472 472 472 471 472 401 473 301 483 302 507"/></Shape>
            <String CONTENT="conflictu ſubinde in mentem reuocandum ad quid nos" HPOS="301.0" VPOS="468.0" WIDTH="668.0" HEIGHT="53.0" WC="0.9990386497974396"/>
          </TextLine>
          <TextLine ID="line_10" TAGREFS="LT8" BASELINE="303 550 970 544" HPOS="302.0" VPOS="513.0" WIDTH="668.0" HEIGHT="51.0">
            <Shape><Polygon POINTS="303 550 303 562 338 564 339 564 372 558 390 564 391 564 392 564 465 563 466 563 477 557 522 562 523 562 524 562 525 562 533 556 588 556 682 562 683 562 684 562 701 555 718 559 719 559 720 559 771 555 788 560 789 560 790 560 823 555 862 560 863 560 864 560 881 555 902 558 903 558 904 558 916 553 926 557 927 557 928 557 969 552 970 544 969 520 950 513 949 513 948 513 947 513 924 520 828 520 804 514 803 514 803 514 760 521 718 517 717 517 717 517 705 521 695 515 694 515 693 515 693 515 692 515 676 521 645 516 644 516 644 516 643 516 636 521 608 516 607 516 607 516 587 523 558 517 557 517 517 523 494 517 493 517 492 517 454 518 453 518 436 524 415 518 414 518 413 518 412 518 411 518 405 522 380 519 380 519 379 519 365 525 302 525 303 550"/></Shape>
            <String CONTENT="uocarit dominus, non ad uoluptates et opes parandas" HPOS="302.0" VPOS="513.0" WIDTH="668.0" HEIGHT="51.0" WC="0.9985479502116933"/>
          </TextLine>
          <TextLine ID="line_11" TAGREFS="LT8" BASELINE="302 594 968 587" HPOS="301.0" VPOS="553.0" WIDTH="667.0" HEIGHT="58.0">
            <Shape><Polygon POINTS="302 594 302 603 319 607 320 607 321 607 336 603 344 610 345 610 346 610 347 611 366 611 366 610 367 610 368 610 379 603 412 609 413 609 486 601 527 605 527 605 567 600 594 606 595 606 595 606 611 602 632 607 633 607 634 607 690 606 691 606 692 606 698 602 710 605 711 605 711 605 712 605 727 599 746 605 747 605 748 605 828 598 858 598 868 605 869 605 870 605 871 605 907 604 907 604 926 597 966 599 968 587 966 556 889 553 889 553 888 553 864 561 816 554 815 554 815 554 795 564 742 564 727 556 726 556 725 556 724 556 704 565 659 565 633 556 632 556 631 556 631 556 606 566 578 566 565 559 564 559 564 559 563 559 546 567 520 567 499 558 498 558 497 558 455 565 425 558 382 558 381 558 380 558 355 568 301 568 302 594"/></Shape>
            <String CONTENT="amplas, ſed ad æterna conſequenda gaudia. Difficile" HPOS="301.0" VPOS="553.0" WIDTH="667.0" HEIGHT="58.0" WC="0.992415984471639"/>
          </TextLine>
          <TextLine ID="line_12" TAGREFS="LT8" BASELINE="302 638 969 631" HPOS="301.0" VPOS="599.0" WIDTH="668.0" HEIGHT="52.0">
            <Shape><Polygon POINTS="302 638 302 648 338 646 374 651 375 651 376 651 377 651 387 645 423 645 449 650 450 650 523 644 602 648 603 648 641 642 650 647 650 647 651 647 695 642 871 646 872 646 873 646 896 640 951 645 952 645 953 645 969 638 969 631 967 606 940 606 928 599 927 599 883 599 882 599 881 599 880 599 869 607 826 607 808 600 807 600 806 600 805 600 783 608 762 608 750 600 749 600 748 600 748 600 747 600 746 600 738 605 719 600 718 600 717 600 668 601 668 601 667 601 658 606 576 602 576 602 575 602 564 607 552 602 552 602 551 602 550 602 549 602 536 610 509 606 508 606 455 611 445 604 444 604 443 604 413 604 412 604 411 604 394 610 355 605 355 605 301 612 302 638"/></Shape>
            <String CONTENT="autem est iuxta uerbum domini diuitem ingredi in re" HPOS="301.0" VPOS="599.0" WIDTH="668.0" HEIGHT="52.0" WC="0.9845812157088635"/>
          </TextLine>
          <TextLine ID="line_13" TAGREFS="LT8" BASELINE="303 682 968 674" HPOS="302.0" VPOS="642.0" WIDTH="666.0" HEIGHT="56.0">
            <Shape><Polygon POINTS="303 682 303 698 326 697 327 697 328 697 338 690 448 697 449 697 473 696 474 696 475 696 484 689 565 695 566 695 567 695 578 690 596 695 597 695 598 695 599 695 600 695 607 690 669 694 670 694 671 694 695 686 745 686 754 692 754 692 755 692 756 692 798 685 820 685 832 691 833 691 834 691 876 685 930 690 931 690 932 690 945 684 967 684 968 674 966 648 938 642 938 642 845 648 821 642 820 642 819 642 818 642 795 649 779 644 779 644 778 644 777 644 765 650 693 650 672 643 671 643 670 643 638 650 631 644 630 644 629 644 601 644 600 644 561 653 479 653 471 646 470 646 469 646 450 646 449 646 302 655 303 682"/></Shape>
            <String CONTENT="gnum dei. Iſta uero ut quàm ſtrenue &amp; diligenter fa¬" HPOS="302.0" VPOS="642.0" WIDTH="666.0" HEIGHT="56.0" WC="0.988154650859113"/>
          </TextLine>
          <TextLine ID="line_14" TAGREFS="LT8" BASELINE="301 725 969 719" HPOS="300.0" VPOS="686.0" WIDTH="669.0" HEIGHT="53.0">
            <Shape><Polygon POINTS="301 725 301 733 326 733 338 739 339 739 340 739 368 733 441 736 441 736 506 732 520 738 521 738 521 739 587 739 587 738 617 731 681 737 682 737 727 730 748 735 748 735 749 735 772 731 812 735 813 735 846 730 929 734 930 734 968 727 969 719 968 693 944 687 944 687 870 686 869 686 868 686 844 694 791 694 783 687 782 687 781 687 780 687 779 687 763 696 640 696 623 689 622 689 584 689 583 689 582 689 565 697 420 697 396 690 395 690 394 690 375 696 327 691 326 691 325 691 325 691 315 699 300 699 301 725"/></Shape>
            <String CONTENT="cias inuitat te tua profeßio quam coram multis teſti¬" HPOS="300.0" VPOS="686.0" WIDTH="669.0" HEIGHT="53.0" WC="0.9895843222456159"/>
          </TextLine>
          <TextLine ID="line_15" TAGREFS="LT8" BASELINE="303 768 967 761" HPOS="302.0" VPOS="729.0" WIDTH="665.0" HEIGHT="54.0">
            <Shape><Polygon POINTS="303 768 303 777 364 783 365 783 366 783 367 783 375 777 443 782 444 782 498 776 551 782 552 782 642 774 686 780 687 780 718 773 799 779 800 779 801 779 815 774 876 778 877 778 877 778 897 772 966 772 967 761 964 733 920 737 883 729 883 729 863 730 862 730 861 730 852 737 849 733 848 733 847 733 846 733 775 739 762 731 761 731 760 731 734 731 733 731 732 731 709 738 674 734 673 734 672 734 656 739 641 732 640 732 639 732 638 732 638 732 626 740 598 740 589 734 588 734 588 734 587 734 550 741 517 736 516 736 478 741 455 734 454 734 398 734 397 734 396 734 378 743 367 739 366 739 365 739 335 743 312 735 312 735 311 735 310 735 309 735 309 736 302 741 303 768"/></Shape>
            <String CONTENT="bus profeſſus es. Sic enim ab anteactis &amp; priſtino a¬" HPOS="302.0" VPOS="729.0" WIDTH="665.0" HEIGHT="54.0" WC="0.9790782591082016"/>
          </TextLine>
          <TextLine ID="line_16" TAGREFS="LT8" BASELINE="301 812 967 806" HPOS="300.0" VPOS="776.0" WIDTH="667.0" HEIGHT="48.0">
            <Shape><Polygon POINTS="301 812 301 824 967 818 967 806 964 776 929 780 911 776 910 776 909 776 908 776 898 781 873 776 872 776 871 776 871 776 860 782 808 782 789 776 788 776 787 776 733 783 699 783 690 777 689 777 688 777 687 777 657 784 579 784 566 779 565 779 564 779 489 785 478 781 478 781 477 781 394 786 363 781 362 781 361 781 345 785 340 781 339 781 338 781 337 781 300 782 301 812"/></Shape>
            <String CONTENT="nimi rerum́ agendarum ardore ad maiora incitat." HPOS="300.0" VPOS="776.0" WIDTH="667.0" HEIGHT="48.0" WC="0.9850111429889997"/>
          </TextLine>
          <TextLine ID="line_17" TAGREFS="LT8" BASELINE="303 856 967 849" HPOS="302.0" VPOS="817.0" WIDTH="665.0" HEIGHT="51.0">
            <Shape><Polygon POINTS="303 856 303 864 375 868 376 868 377 868 399 862 447 868 447 868 448 868 473 862 514 865 515 865 571 861 585 866 586 866 587 866 588 866 599 860 648 865 649 865 650 865 650 865 657 860 679 863 680 863 680 863 691 859 708 864 709 864 710 864 827 857 857 862 858 862 966 858 967 849 965 823 896 817 895 817 849 823 840 817 840 817 839 817 819 817 818 817 797 818 797 818 796 818 788 824 745 818 744 818 743 818 724 825 656 819 656 819 655 819 654 819 646 825 625 820 624 820 623 820 622 820 615 826 552 826 524 820 523 820 522 820 501 827 471 822 470 822 429 827 422 822 421 822 420 822 377 822 376 822 375 822 374 822 364 829 326 825 325 825 302 830 303 856"/></Shape>
            <String CONTENT="Quaſi dicat, Hactenus magna conſtantia ueritatem" HPOS="302.0" VPOS="817.0" WIDTH="665.0" HEIGHT="51.0" WC="0.9894224728147188"/>
          </TextLine>
          <TextLine ID="line_18" TAGREFS="LT8" BASELINE="302 898 967 892" HPOS="301.0" VPOS="860.0" WIDTH="666.0" HEIGHT="55.0">
            <Shape><Polygon POINTS="302 898 302 915 319 915 319 914 319 914 320 914 328 908 446 913 447 913 447 913 471 907 500 912 501 912 561 906 598 911 599 911 600 911 616 906 631 911 631 911 632 911 723 905 739 910 740 910 741 910 770 904 783 909 784 909 785 910 828 910 828 909 869 902 966 901 967 892 965 864 891 862 890 862 889 862 872 867 830 860 829 860 828 860 814 867 765 868 754 862 754 862 753 862 752 862 751 862 750 862 742 868 724 868 698 862 635 862 634 862 633 862 620 868 613 862 613 862 612 862 551 862 550 862 549 862 548 862 539 871 490 871 475 863 474 863 473 863 403 868 385 864 384 864 383 864 349 873 301 873 302 898"/></Shape>
            <String CONTENT="prædicaſti ſed &amp; uita pia fidem tuam atteſtatus es a¬" HPOS="301.0" VPOS="860.0" WIDTH="666.0" HEIGHT="55.0" WC="0.9869105309810279"/>
          </TextLine>
          <TextLine ID="line_19" TAGREFS="LT8" BASELINE="299 941 965 935" HPOS="298.0" VPOS="904.0" WIDTH="667.0" HEIGHT="53.0">
            <Shape><Polygon POINTS="299 941 299 950 325 957 326 957 347 953 358 957 359 957 360 957 410 955 411 955 411 955 418 950 466 955 467 955 468 955 469 955 478 949 535 955 536 955 537 955 551 948 575 954 576 954 576 954 577 954 578 954 585 949 615 952 616 952 617 952 633 947 668 953 668 953 669 953 683 947 717 952 718 952 719 952 720 952 730 947 880 952 881 952 938 951 939 951 965 943 965 935 963 906 820 910 805 904 804 904 803 904 737 904 704 912 654 912 631 905 631 905 630 905 629 905 606 912 581 909 580 909 544 913 463 907 462 907 395 915 331 915 321 909 320 909 319 909 319 909 298 912 299 941"/></Shape>
            <String CONTENT="deo ut multi ſint qui prædicent uirtutes tuas, perges" HPOS="298.0" VPOS="904.0" WIDTH="667.0" HEIGHT="53.0" WC="0.9981574258714352"/>
          </TextLine>
          <TextLine ID="line_20" TAGREFS="LT8" BASELINE="298 985 963 977" HPOS="297.0" VPOS="947.0" WIDTH="666.0" HEIGHT="55.0">
            <Shape><Polygon POINTS="298 985 298 993 337 1002 337 1002 374 1001 374 1001 375 1001 381 996 389 1001 390 1001 391 1001 392 1002 430 1002 430 1001 431 1001 458 993 496 996 496 996 497 996 509 991 528 995 529 995 582 990 601 998 602 998 603 999 630 999 630 998 697 989 739 996 740 996 741 996 756 989 825 996 826 996 827 996 828 996 837 987 850 991 851 991 852 991 852 991 867 987 880 995 881 995 882 995 883 995 883 995 899 987 963 984 963 977 961 953 880 953 855 947 854 947 853 947 816 948 815 948 815 948 807 953 797 947 796 947 795 947 794 947 793 947 781 951 764 947 763 947 762 947 693 956 635 948 634 948 633 948 607 957 563 949 562 949 520 959 472 959 453 951 453 951 452 951 418 956 404 952 403 952 402 952 401 952 400 952 390 959 332 959 324 953 323 953 322 953 321 953 297 957 298 985"/></Shape>
            <String CONTENT="ita colophonem rebus optime cœptis imponere. A¬" HPOS="297.0" VPOS="947.0" WIDTH="666.0" HEIGHT="55.0" WC="0.9993961962560812"/>
          </TextLine>
          <TextLine ID="line_21" TAGREFS="LT8" BASELINE="296 1029 965 1021" HPOS="295.0" VPOS="986.0" WIDTH="670.0" HEIGHT="60.0">
            <Shape><Polygon POINTS="296 1029 296 1039 310 1045 311 1045 312 1046 370 1046 370 1045 371 1045 386 1038 448 1041 449 1041 450 1041 451 1041 458 1037 489 1037 509 1044 509 1044 510 1044 511 1044 526 1036 569 1043 570 1043 570 1043 599 1035 720 1041 721 1041 755 1033 780 1040 781 1040 782 1040 783 1040 794 1035 814 1040 815 1040 815 1040 816 1040 830 1033 883 1039 883 1039 884 1039 896 1034 908 1038 909 1038 910 1038 911 1038 912 1038 920 1032 938 1036 938 1036 939 1036 965 1030 965 1021 963 995 951 995 941 986 940 986 939 986 938 986 938 986 918 993 892 986 891 986 890 986 870 987 869 987 868 987 858 995 836 990 835 990 834 990 804 996 774 990 679 989 678 989 677 989 676 989 662 997 652 990 651 990 650 990 650 990 649 990 626 997 554 990 553 990 552 990 552 990 540 999 486 999 478 993 478 993 477 993 476 993 442 1000 368 996 368 996 337 1001 327 993 326 993 325 993 325 993 295 993 296 1029"/></Shape>
            <String CONTENT="lij exponunt de profeßione baptiſmatis, qua ſeſe ob¬" HPOS="295.0" VPOS="986.0" WIDTH="670.0" HEIGHT="60.0" WC="0.977626730616276"/>
          </TextLine>
          <TextLine ID="line_22" TAGREFS="LT8" BASELINE="295 1072 962 1063" HPOS="295.0" VPOS="1033.0" WIDTH="667.0" HEIGHT="53.0">
            <Shape><Polygon POINTS="295 1072 295 1086 389 1086 389 1085 390 1085 409 1080 494 1084 495 1084 526 1077 543 1083 544 1083 545 1083 546 1083 562 1076 630 1076 717 1081 717 1081 718 1081 735 1075 749 1081 750 1081 751 1081 792 1076 822 1080 822 1080 823 1080 847 1073 890 1078 891 1078 892 1078 903 1072 928 1076 929 1076 962 1072 962 1063 960 1039 828 1033 827 1033 826 1033 825 1033 814 1041 686 1042 648 1035 647 1035 646 1035 624 1043 575 1036 574 1036 573 1036 558 1044 538 1038 537 1038 536 1038 507 1044 488 1038 487 1038 486 1038 458 1043 434 1038 433 1038 406 1042 393 1039 392 1039 392 1039 391 1039 373 1046 336 1046 324 1041 323 1041 322 1041 300 1046 295 1072"/></Shape>
            <String CONTENT="uinxerit Chriſto, mundo autem &amp; pompis eius re¬" HPOS="295.0" VPOS="1033.0" WIDTH="667.0" HEIGHT="53.0" WC="0.9881425309688487"/>
          </TextLine>
          <TextLine ID="line_23" TAGREFS="LT8" BASELINE="295 1115 963 1107" HPOS="295.0" VPOS="1073.0" WIDTH="668.0" HEIGHT="54.0">
            <Shape><Polygon POINTS="295 1115 295 1124 515 1127 515 1127 701 1119 709 1125 710 1125 711 1125 711 1125 739 1125 739 1125 786 1120 848 1123 849 1123 873 1118 884 1123 885 1123 886 1123 887 1123 908 1118 946 1122 947 1122 948 1122 963 1116 963 1107 961 1082 891 1073 890 1073 889 1073 876 1078 834 1074 834 1074 833 1074 812 1082 782 1075 781 1075 780 1075 760 1081 749 1075 748 1075 748 1075 722 1076 721 1076 720 1076 705 1084 686 1084 672 1076 671 1076 670 1076 669 1076 626 1082 593 1076 592 1076 591 1076 590 1076 576 1087 539 1087 521 1077 520 1077 519 1077 518 1077 517 1077 503 1087 437 1083 436 1083 435 1083 421 1088 404 1082 404 1082 403 1082 402 1082 385 1088 370 1081 369 1081 368 1081 368 1081 367 1081 357 1088 321 1084 320 1084 300 1088 295 1115"/></Shape>
            <String CONTENT="nunciarit. In qua ſententia uideo eſſe &amp; Ambroſium" HPOS="295.0" VPOS="1073.0" WIDTH="668.0" HEIGHT="54.0" WC="0.9886845171451568"/>
          </TextLine>
          <TextLine ID="line_24" TAGREFS="LT8" BASELINE="294 1158 964 1151" HPOS="294.0" VPOS="1118.0" WIDTH="670.0" HEIGHT="53.0">
            <Shape><Polygon POINTS="294 1158 294 1167 377 1171 378 1171 405 1166 432 1170 433 1170 461 1165 544 1169 545 1169 571 1164 686 1167 687 1167 713 1162 730 1167 730 1167 731 1167 732 1167 745 1162 944 1165 944 1165 945 1165 964 1160 964 1151 963 1120 943 1118 942 1118 941 1118 940 1118 930 1126 918 1126 908 1118 907 1118 907 1118 906 1118 905 1118 904 1118 895 1126 791 1127 781 1119 780 1119 779 1119 779 1119 778 1119 753 1125 730 1120 729 1120 728 1120 704 1128 690 1121 689 1121 576 1121 575 1121 574 1121 546 1129 516 1122 515 1122 480 1129 462 1122 461 1122 460 1122 417 1123 417 1123 416 1123 406 1131 371 1131 336 1125 335 1125 334 1125 333 1125 324 1132 294 1132 294 1158"/></Shape>
            <String CONTENT="cuius uerba hæc ſunt, Fidei uictoria est cum omnia ui" HPOS="294.0" VPOS="1118.0" WIDTH="670.0" HEIGHT="53.0" WC="0.9859036128475981"/>
          </TextLine>
          <TextLine ID="line_25" TAGREFS="LT8" BASELINE="294 1203 963 1193" HPOS="294.0" VPOS="1161.0" WIDTH="669.0" HEIGHT="55.0">
            <Shape><Polygon POINTS="294 1203 294 1210 353 1216 354 1216 355 1216 367 1210 441 1210 475 1215 476 1215 513 1209 533 1214 534 1214 535 1214 595 1208 654 1212 655 1212 656 1212 670 1206 683 1211 684 1211 685 1211 790 1204 830 1210 831 1210 832 1210 846 1204 857 1209 858 1209 858 1209 884 1204 929 1208 930 1208 963 1201 963 1193 963 1169 939 1161 938 1161 938 1161 937 1161 936 1161 922 1169 899 1169 841 1161 840 1161 798 1170 695 1164 694 1164 693 1164 693 1164 682 1172 646 1166 645 1166 644 1166 620 1173 583 1167 582 1167 582 1167 581 1167 571 1174 551 1174 531 1167 530 1167 476 1167 475 1167 474 1167 473 1167 473 1167 468 1172 453 1167 453 1167 452 1167 384 1172 364 1168 363 1168 362 1168 338 1178 298 1178 294 1203"/></Shape>
            <String CONTENT="tia &amp; crimina ſubiugantur, ut ad æternæ uitæ præmia" HPOS="294.0" VPOS="1161.0" WIDTH="669.0" HEIGHT="55.0" WC="0.9900151619724199"/>
          </TextLine>
          <TextLine ID="line_26" TAGREFS="LT8" BASELINE="293 1246 963 1238" HPOS="292.0" VPOS="1204.0" WIDTH="671.0" HEIGHT="54.0">
            <Shape><Polygon POINTS="293 1246 293 1258 963 1250 963 1238 962 1209 882 1204 881 1204 834 1212 768 1205 767 1205 730 1214 693 1206 692 1206 691 1206 656 1215 580 1208 579 1208 550 1212 533 1208 533 1208 532 1208 531 1208 503 1217 472 1217 455 1210 454 1210 453 1210 453 1210 433 1217 292 1215 293 1246"/></Shape>
            <String CONTENT="ueniatur, cuius confeßio inter ipſa rudimenta fidei te" HPOS="292.0" VPOS="1204.0" WIDTH="671.0" HEIGHT="54.0" WC="0.9893218289922785"/>
          </TextLine>
          <TextLine ID="line_27" TAGREFS="LT8" BASELINE="294 1292 964 1282" HPOS="294.0" VPOS="1248.0" WIDTH="670.0" HEIGHT="66.0">
            <Shape><Polygon POINTS="294 1292 294 1314 316 1314 317 1314 318 1314 329 1307 405 1313 406 1313 462 1304 499 1304 509 1309 509 1309 510 1309 511 1309 567 1303 603 1309 604 1309 605 1309 619 1303 661 1308 662 1308 662 1308 675 1302 713 1301 734 1308 735 1308 736 1308 736 1308 766 1300 803 1306 804 1306 865 1305 909 1297 963 1300 964 1282 963 1248 907 1248 906 1248 905 1248 904 1248 893 1256 860 1256 846 1249 846 1249 845 1249 795 1257 769 1250 768 1250 767 1250 766 1250 766 1250 758 1256 715 1258 705 1253 704 1253 703 1253 702 1253 684 1258 668 1252 667 1252 638 1252 637 1252 636 1252 635 1252 626 1258 573 1253 572 1253 571 1253 542 1260 509 1257 509 1257 508 1257 498 1262 404 1264 373 1264 362 1257 361 1257 361 1257 360 1257 359 1257 346 1264 294 1258 294 1292"/></Shape>
            <String CONTENT="ſte interrogante &amp; reſpondente monimentis eccleſia" HPOS="294.0" VPOS="1248.0" WIDTH="670.0" HEIGHT="66.0" WC="0.9900933039188385"/>
          </TextLine>
        </TextBlock>
        <TextBlock HPOS="885.0" VPOS="1296.0" WIDTH="76.0" HEIGHT="52.0" ID="block_3" TAGREFS="BT17">
          <Shape><Polygon POINTS="885 1296 961 1296 961 1348 885 1348 885 1296"/></Shape>
          <TextLine ID="line_28" TAGREFS="LT8" BASELINE="891 1328 962 1326" HPOS="889.0" VPOS="1296.0" WIDTH="73.0" HEIGHT="51.0">
            <Shape><Polygon POINTS="950 1296 941 1296 932 1296 932 1296 889 1296 891 1328 891 1347 914 1347 915 1347 916 1347 916 1346 922 1341 945 1346 946 1346 947 1346 962 1339 962 1326 955 1300 950 1296"/></Shape>
            <String CONTENT="ſticis" HPOS="889.0" VPOS="1296.0" WIDTH="73.0" HEIGHT="51.0" WC="0.9992930591106415"/>
          </TextLine>
        </TextBlock>
      </PrintSpace>
    </Page>
  </Layout>
</alto>
