1000 1547
302 146 663 49 offuſum. Ego uero de tota paſtorali cura expono. Spe

300 185 665 53 culator enim & uigil est epiſcopus qui quoquo uer¬

303 226 660 57 ſus oculos uigiles circumagendo hoſtes tum domeſti¬

300 272 663 51 cos tũ exteros obſeruare cauereq́ debet ne irruptione

301 314 664 56 facta periclitetur gregis dominicæ ſalus et pietas. Huc

299 360 664 52 pertinet Ezech.ca.3. et 33.item Acto.2ο. σώ͂φρονα,

298 402 665 55 ſobrium. Id uero ad animũ refero epiſcopi, cuius pro

298 445 665 55 prium eſt ſapere & matura prudentia rebus conſule

298 489 661 54 re quibuslibet. Et dominus in euangelio prudentiã &

298 533 666 54 fidelitatem requirit à diſpenſatore myſteriorum dei.

298 576 665 53 Mens uero praua & prauis imbuta opinionibus recte

300 618 662 58 putatur eſſe ebria, cui opponitur ſobrietas. κὁσ μῖομ

300 663 663 52 modeſtum ſiue ornatum hoc est compoſitum & bene

299 707 667 52 moratum, id quod ad totũ corporis habitum & cultũ

298 750 666 53 refertur. Plurimũ enim momenti iſta in uita hominis

299 794 667 53 habẽt. Veſtis igitur ne ſit inculta, rurſus ne ſit ſumptu

299 836 667 56 oſa laborioſáue. Nã ut hoc luxũ habet, ſic illud neſcio

300 880 665 51 quid hypocriticũ reſipit. Quidã exiſtimant ſe pietatẽ

300 924 667 54 Chriſtianã nõ poſſe niſi militari ueſte uel rufticana et

300 967 666 54 prorſus ſordida exprimere, horum ſtudiũ unice huc

302 1011 666 54 ſpectat ut ueſte maxime prophana utãtur. Sũt alij qui

301 1057 665 51 in nouo quo priuato & maxime hypocritico ueſti¬

300 1098 668 54 endi genere bonam pietatis partẽ exiſtimant ſitã, his

301 1139 667 57 ſordent uulgares ſed honeſtæ ueſtes. At prudẽs epiſco

304 1185 665 56 pus honeſtißimos quos in plebe ueſtiũ genere forma

305 1226 663 62 & uſu imitatur, ita hanc rẽ temperans ut nihil in ipſo

354 93 487 47 COMMENT. IN I. EPIST.

170 393 113 47 Sobrium.

166 639 123 45 Modeſtun

884 1277 88 48 hære¬
