1000 1547
401.0 116.0 476.0 47.0 COMMENT. IN I. EPIST.

312.0 170.0 662.0 50.0 quàm de ijs qui docti quidem ſunt & periti diuinæ le

313.0 206.0 658.0 57.0 gis, ſed non ſolide. Solet autem eruditio immatura &

312.0 247.0 665.0 58.0 inflare & confidentes facere. Addit igitur Paulus cau

313.0 287.0 663.0 64.0 ſam cur nolit nouitium, Ne inflatus & plus nimio ſibi

312.0 336.0 662.0 56.0 placens incidat in maledicorum condemnationem,

313.0 378.0 666.0 58.0 hoc est, ne illi qui religionem noſtram unice ut uelli¬

315.0 421.0 665.0 57.0 cent obſeruant, iuſtam à nouitio conuitiandi anſam ac

315.0 465.0 664.0 60.0 cipiant, merito́ & faſtum & inconſtantiam eius ac

313.0 509.0 667.0 58.0 cuſent. Nam ſolent literatores et neophyti procatius

313.0 556.0 668.0 55.0 erumpere & parum expenſa temere proponere, quæ

315.0 600.0 663.0 54.0 demum retractare & nonnunquam plane coguntur

313.0 638.0 668.0 56.0 recantare, id quod authoritatem eorũ imminuit haud

315.0 681.0 667.0 60.0 exigue ſed & miniſterium ipſum nonnihil infame red

315.0 726.0 667.0 59.0 dit, quocirca apoſtolus reijcit neophytos, et uel erûdi

315.0 767.0 666.0 60.0 tione iuſta inſignes, uel diutino uſu exercitos eccleſiæ

315.0 812.0 669.0 57.0 iubet præficere. Addit & aliud, Oportet autem illum

316.0 856.0 664.0 57.0 & bonum habere teſtimonium ab extraneis. Per ex¬

315.0 900.0 667.0 55.0 traneos uero intellexit alienos à Chriſtiana religione

315.0 943.0 667.0 57.0 ethnicos uidelicet. Tanta inquam innocentia conſpi¬

315.0 986.0 669.0 58.0 cuum uult eſſe epiſcopum ut ne gentes quidem habe¬

315.0 1028.0 671.0 58.0 ant quod iure obijciant flagitium. Et Aelius Lampridi

315.0 1070.0 671.0 60.0 us in uita Alexãdri Seueri ſcribit Chriftianos ſi quan¬

316.0 1118.0 668.0 54.0 do ſacerdotes ordinare uoluiſſent prius ipſorum pro

316.0 1160.0 667.0 60.0 poſuiſſe nomina palàm, hortatos́ populũut ſi quis

315.0 1204.0 669.0 55.0 quid haberet criminis probaret manifeſtis rebus. Qui

316.0 1246.0 667.0 81.0 mos ex hoc nimirum præcepto Pauli inoleuit et ad id

911.0 1293.0 72.0 52.0 utilis
