<?xml version='1.0' encoding='UTF-8'?>
<alto xmlns:xsi="http://www.w3.org/2001/XMLSchema-instance" xmlns="http://www.loc.gov/standards/alto/ns-v4#" xsi:schemaLocation="http://www.loc.gov/standards/alto/ns-v4# http://www.loc.gov/standards/alto/v4/alto-4-2.xsd">
  <Description>
    <MeasurementUnit>pixel</MeasurementUnit>
    <sourceImageInformation>
      <fileName>7326017.jpeg</fileName>
    </sourceImageInformation>
  </Description>
  <Tags>
    <OtherTag ID="BT7" LABEL="CustomZone" DESCRIPTION="block type CustomZone"/><OtherTag ID="BT8" LABEL="DamageZone" DESCRIPTION="block type DamageZone"/><OtherTag ID="BT9" LABEL="DigitizationArtefactZone" DESCRIPTION="block type DigitizationArtefactZone"/><OtherTag ID="BT10" LABEL="DropCapitalZone" DESCRIPTION="block type DropCapitalZone"/><OtherTag ID="BT11" LABEL="GraphicZone" DESCRIPTION="block type GraphicZone"/><OtherTag ID="BT12" LABEL="MainZone" DESCRIPTION="block type MainZone"/><OtherTag ID="BT13" LABEL="MarginTextZone" DESCRIPTION="block type MarginTextZone"/><OtherTag ID="BT14" LABEL="MusicZone" DESCRIPTION="block type MusicZone"/><OtherTag ID="BT15" LABEL="NumberingZone" DESCRIPTION="block type NumberingZone"/><OtherTag ID="BT17" LABEL="QuireMarksZone" DESCRIPTION="block type QuireMarksZone"/><OtherTag ID="BT18" LABEL="RunningTitleZone" DESCRIPTION="block type RunningTitleZone"/><OtherTag ID="BT19" LABEL="SealZone" DESCRIPTION="block type SealZone"/><OtherTag ID="BT20" LABEL="StampZone" DESCRIPTION="block type StampZone"/><OtherTag ID="BT21" LABEL="TableZone" DESCRIPTION="block type TableZone"/><OtherTag ID="BT22" LABEL="TitlePageZone" DESCRIPTION="block type TitlePageZone"/><OtherTag ID="BT3807" LABEL="MainZone-Continued" DESCRIPTION="block type MainZone-Continued"/><OtherTag ID="BT3808" LABEL="MarginTextZone-Notes" DESCRIPTION="block type MarginTextZone-Notes"/><OtherTag ID="BT3809" LABEL="MainZone-Head" DESCRIPTION="block type MainZone-Head"/><OtherTag ID="BT3810" LABEL="MainZone-P" DESCRIPTION="block type MainZone-P"/>
    <OtherTag ID="LT7" LABEL="CustomLine" DESCRIPTION="line type CustomLine"/><OtherTag ID="LT8" LABEL="DefaultLine" DESCRIPTION="line type DefaultLine"/><OtherTag ID="LT9" LABEL="DropCapitalLine" DESCRIPTION="line type DropCapitalLine"/><OtherTag ID="LT10" LABEL="HeadingLine" DESCRIPTION="line type HeadingLine"/><OtherTag ID="LT11" LABEL="InterlinearLine" DESCRIPTION="line type InterlinearLine"/><OtherTag ID="LT12" LABEL="MusicLine" DESCRIPTION="line type MusicLine"/>
  </Tags>
  <Layout>
    <Page WIDTH="1000" HEIGHT="1547" PHYSICAL_IMG_NR="20" ID="eSc_dummypage_">
      <PrintSpace HPOS="0" VPOS="0" WIDTH="1000" HEIGHT="1547">
        <TextBlock HPOS="39.0" VPOS="145.0" WIDTH="687.0" HEIGHT="1141.0" ID="block_1" TAGREFS="BT3807">
          <Shape><Polygon POINTS="39 145 726 145 726 1286 39 1286 39 145"/></Shape>
          <TextLine ID="line_1" TAGREFS="LT8" BASELINE="50 176 723 171" HPOS="49.0" VPOS="145.0" WIDTH="674.0" HEIGHT="44.0">
            <Shape><Polygon POINTS="711 145 703 145 694 145 686 145 677 145 668 145 660 145 651 145 643 145 634 145 625 145 617 145 612 145 570 146 567 145 565 145 557 145 548 145 539 145 537 145 532 146 520 145 514 145 505 145 496 145 488 145 479 145 471 145 462 145 460 145 452 147 417 145 411 145 402 145 393 145 385 145 383 145 368 147 347 145 342 145 333 145 325 145 316 145 307 145 301 145 294 146 275 145 273 145 264 145 256 145 247 145 239 145 230 145 222 145 184 149 162 145 161 145 153 145 144 145 135 145 127 145 118 145 110 145 101 145 92 145 92 145 87 149 75 145 75 145 67 145 63 145 49 150 50 176 50 189 722 187 723 171 721 146 713 145 711 145"/></Shape>
            <String CONTENT="neam. Senſus enim est, Tametſi functio diaconi paulò" HPOS="49.0" VPOS="145.0" WIDTH="674.0" HEIGHT="44.0" WC="0.9860537580724033"/>
          </TextLine>
          <TextLine ID="line_2" TAGREFS="LT8" BASELINE="50 219 723 216" HPOS="49.0" VPOS="183.0" WIDTH="674.0" HEIGHT="50.0">
            <Shape><Polygon POINTS="50 219 50 228 203 233 204 233 261 228 268 233 269 233 269 233 270 233 271 233 272 233 282 227 314 227 326 232 327 232 328 232 374 227 389 232 390 232 391 233 447 233 447 232 448 232 464 227 471 232 472 232 472 232 473 232 510 226 538 232 539 232 539 232 554 226 579 232 580 232 581 232 598 226 619 232 619 232 620 232 667 226 705 232 706 232 707 232 723 226 723 216 722 191 692 184 691 184 690 184 689 184 681 191 611 191 601 183 601 183 600 183 599 183 598 183 580 190 506 187 505 187 504 187 495 192 483 192 473 184 472 184 472 184 452 184 451 184 450 184 449 184 440 192 389 192 371 184 370 184 330 184 329 184 328 184 327 184 318 192 278 192 257 185 256 185 255 185 254 185 233 190 164 185 163 185 162 185 161 185 153 191 123 185 85 185 84 185 83 185 73 190 49 186 50 219"/></Shape>
            <String CONTENT="inferior ſit functione epiſcopi, id tamen neminem red¬" HPOS="49.0" VPOS="183.0" WIDTH="674.0" HEIGHT="50.0" WC="0.9955796798070272"/>
          </TextLine>
          <TextLine ID="line_3" TAGREFS="LT8" BASELINE="49 260 722 262" HPOS="49.0" VPOS="226.0" WIDTH="673.0" HEIGHT="55.0">
            <Shape><Polygon POINTS="49 260 49 276 137 280 138 280 139 280 153 274 161 278 162 278 163 278 164 278 177 273 192 277 193 277 194 277 228 273 255 280 256 280 257 280 257 280 277 273 334 273 344 279 345 279 346 279 347 279 348 279 367 273 411 281 411 281 412 281 413 281 424 274 495 281 496 281 496 281 497 281 509 274 539 281 540 281 541 281 542 281 552 275 587 279 588 279 588 279 589 279 598 274 663 274 684 281 685 281 686 281 721 281 722 262 720 227 646 234 599 228 598 228 536 234 521 227 521 227 492 227 491 227 490 227 472 235 431 235 376 226 277 226 276 226 276 226 275 226 265 234 118 234 109 229 108 229 107 229 106 229 98 233 69 229 68 229 49 232 49 260"/></Shape>
            <String CONTENT="dat ignauum. Spectãda ſunt propoſita præmia. Quiſ" HPOS="49.0" VPOS="226.0" WIDTH="673.0" HEIGHT="55.0" WC="0.9926875174045563"/>
          </TextLine>
          <TextLine ID="line_4" TAGREFS="LT8" BASELINE="48 305 723 304" HPOS="47.0" VPOS="271.0" WIDTH="676.0" HEIGHT="51.0">
            <Shape><Polygon POINTS="48 305 48 322 122 321 122 321 123 321 131 316 248 316 271 320 272 320 317 316 343 322 344 322 345 322 363 317 374 322 374 322 375 322 435 321 435 321 449 316 519 321 520 321 521 321 533 315 569 315 581 321 582 321 582 322 617 322 617 321 618 321 631 315 667 321 668 321 723 319 723 304 722 280 655 271 654 271 653 271 652 271 638 280 580 280 563 271 562 271 561 271 560 271 533 280 484 280 471 271 470 271 469 271 468 271 467 271 451 278 442 271 441 271 441 271 417 271 416 271 415 271 382 280 366 272 365 272 296 272 295 272 234 280 222 272 221 272 220 272 179 272 178 272 177 272 177 272 165 280 147 273 146 273 145 273 120 278 88 272 87 272 86 272 85 272 73 280 61 275 61 275 60 275 59 275 47 280 48 305"/></Shape>
            <String CONTENT="quis enim in hoc ordine ſe geſſerit gnauiter &amp; inte¬" HPOS="47.0" VPOS="271.0" WIDTH="676.0" HEIGHT="51.0" WC="0.9835442510934976"/>
          </TextLine>
          <TextLine ID="line_5" TAGREFS="LT8" BASELINE="49 349 723 347" HPOS="48.0" VPOS="315.0" WIDTH="675.0" HEIGHT="51.0">
            <Shape><Polygon POINTS="49 349 49 366 81 359 96 364 97 364 98 364 165 359 175 365 176 365 177 365 177 365 178 365 193 359 214 365 214 365 215 366 256 366 256 365 257 365 273 358 284 364 285 364 286 364 287 364 308 359 366 364 367 364 368 364 379 358 390 364 391 364 392 364 428 360 452 364 453 364 453 364 472 358 510 363 511 363 541 357 555 363 556 363 557 363 722 360 723 347 721 320 692 315 691 315 690 315 679 321 596 321 578 315 577 315 576 315 576 315 555 320 503 315 503 315 502 315 487 321 469 316 468 316 467 316 466 316 454 322 421 322 414 316 413 316 412 316 352 316 351 316 310 321 295 316 294 316 294 316 293 316 278 321 212 317 211 317 210 317 195 322 178 317 177 317 177 317 176 317 175 317 168 323 97 323 80 317 79 317 79 317 48 323 49 349"/></Shape>
            <String CONTENT="gre, non modo gradum ſibi ſternit ad munina excel¬" HPOS="48.0" VPOS="315.0" WIDTH="675.0" HEIGHT="51.0" WC="0.994943836927414"/>
          </TextLine>
          <TextLine ID="line_6" TAGREFS="LT8" BASELINE="47 393 723 393" HPOS="47.0" VPOS="360.0" WIDTH="676.0" HEIGHT="49.0">
            <Shape><Polygon POINTS="47 393 47 402 86 408 87 408 88 408 89 408 96 403 165 408 165 408 166 408 178 403 228 408 229 408 324 403 379 408 380 408 404 403 439 408 440 408 441 408 462 403 476 408 477 408 478 409 560 409 560 408 561 408 562 408 569 403 680 408 681 408 722 402 723 393 722 360 667 360 666 360 665 360 664 360 650 368 628 367 619 360 619 360 618 360 617 360 557 365 512 360 511 360 510 360 509 360 496 368 445 364 444 364 411 368 373 360 372 360 371 360 370 360 358 369 280 369 257 360 256 360 255 360 254 360 225 368 190 363 189 363 188 363 187 363 177 369 133 369 111 361 110 361 110 361 109 361 85 367 60 361 59 361 58 361 57 361 56 361 47 367 47 393"/></Shape>
            <String CONTENT="lentiora, uerum etiam auctionem accipiet à deo ſpiri" HPOS="47.0" VPOS="360.0" WIDTH="676.0" HEIGHT="49.0" WC="0.9869113721937504"/>
          </TextLine>
          <TextLine ID="line_7" TAGREFS="LT8" BASELINE="48 437 723 435" HPOS="47.0" VPOS="402.0" WIDTH="676.0" HEIGHT="53.0">
            <Shape><Polygon POINTS="48 437 48 447 76 454 77 454 110 450 132 454 133 454 134 454 148 448 176 453 177 453 177 453 178 453 188 448 239 448 252 454 253 454 254 454 316 450 323 454 324 454 325 454 325 455 367 455 367 454 398 447 441 453 441 453 509 448 527 453 527 453 528 453 557 448 625 453 625 453 723 446 723 435 722 412 699 402 699 402 698 402 642 410 621 403 620 403 619 403 619 403 588 411 495 411 484 402 483 402 482 402 461 402 460 402 460 402 459 402 445 412 380 412 366 406 365 406 364 406 363 406 362 406 356 410 330 410 319 403 319 403 318 403 317 403 287 409 279 403 278 403 277 403 228 403 227 403 226 403 226 403 214 413 184 413 168 403 167 403 166 403 165 403 141 408 127 403 126 403 97 403 96 403 95 403 85 408 67 403 67 403 66 403 65 403 47 409 48 437"/></Shape>
            <String CONTENT="tusſſancti, ωoλιίμ inquam παρρησίαμ multam li¬" HPOS="47.0" VPOS="402.0" WIDTH="676.0" HEIGHT="53.0" WC="0.9895441221694151"/>
          </TextLine>
          <TextLine ID="line_8" TAGREFS="LT8" BASELINE="46 481 721 479" HPOS="45.0" VPOS="446.0" WIDTH="676.0" HEIGHT="51.0">
            <Shape><Polygon POINTS="46 481 46 493 188 490 209 497 210 497 211 497 212 497 227 490 255 497 256 497 257 497 257 497 258 497 268 491 341 497 342 497 343 497 356 490 397 489 429 496 430 497 461 497 461 496 462 496 479 489 520 496 521 497 562 497 562 496 563 496 576 491 640 496 641 496 720 492 721 479 718 454 636 454 620 446 619 446 619 446 618 446 602 455 561 455 533 446 532 446 531 446 530 446 516 453 498 446 497 446 496 446 496 446 495 446 484 454 453 454 431 446 430 446 429 446 401 452 391 447 390 447 389 447 388 447 387 447 380 453 371 447 370 447 369 447 349 447 348 447 347 447 333 454 324 447 323 447 322 447 294 447 293 447 260 455 239 448 238 448 213 447 212 447 211 447 210 447 201 454 178 448 177 448 177 448 176 448 158 455 112 447 111 447 110 447 89 453 75 447 74 447 45 447 46 481"/></Shape>
            <String CONTENT="bertatem in fide, id est fidei religionis ſapientiæ́ cœ" HPOS="45.0" VPOS="446.0" WIDTH="676.0" HEIGHT="51.0" WC="0.9817891897899764"/>
          </TextLine>
          <TextLine ID="line_9" TAGREFS="LT8" BASELINE="44 525 721 525" HPOS="44.0" VPOS="492.0" WIDTH="677.0" HEIGHT="49.0">
            <Shape><Polygon POINTS="44 525 44 532 68 540 69 540 70 540 71 540 97 533 123 540 124 540 125 541 150 541 150 540 151 540 164 534 196 540 196 541 267 541 267 540 268 540 289 533 319 540 319 541 368 541 368 540 368 540 384 534 396 540 397 540 398 541 439 541 439 540 471 533 494 540 495 540 496 540 496 540 516 533 585 538 586 538 652 533 662 540 663 540 664 540 665 541 686 541 686 540 721 532 721 525 721 501 706 494 705 494 705 494 704 494 689 498 672 494 671 494 670 494 669 494 668 494 660 501 643 492 642 492 641 492 640 492 616 501 594 493 593 493 592 493 558 501 527 495 526 495 470 501 457 493 456 493 455 493 454 493 453 493 432 501 343 501 307 492 306 492 306 492 266 501 253 492 252 492 251 492 224 492 223 492 222 492 204 501 150 501 116 500 102 492 101 492 44 492 44 525"/></Shape>
            <String CONTENT="leſtis apertam liberalem́ cognitionem. Duo itaque" HPOS="44.0" VPOS="492.0" WIDTH="677.0" HEIGHT="49.0" WC="0.9919609820842743"/>
          </TextLine>
          <TextLine ID="line_10" TAGREFS="LT8" BASELINE="44 569 722 568" HPOS="43.0" VPOS="534.0" WIDTH="679.0" HEIGHT="52.0">
            <Shape><Polygon POINTS="44 569 45 586 68 579 92 579 101 585 102 585 103 585 104 586 136 586 136 585 137 585 149 579 169 585 170 585 171 585 171 585 190 579 250 579 259 585 260 585 261 585 262 585 317 579 380 585 381 585 382 585 393 579 407 584 408 584 409 584 437 578 451 584 452 584 453 584 509 579 622 584 623 584 650 578 662 583 662 583 663 583 664 583 665 583 671 578 676 582 677 582 678 582 679 582 721 577 722 568 720 544 683 544 661 534 660 534 659 534 658 534 634 544 586 544 564 534 563 534 562 534 561 534 525 544 507 536 506 536 505 536 504 536 491 542 478 534 478 534 477 534 476 534 475 534 457 544 421 544 410 534 409 534 408 534 407 534 366 535 365 535 346 545 302 545 288 535 287 535 286 535 285 535 253 541 241 537 240 537 239 537 239 537 238 537 227 545 205 545 190 535 190 535 189 535 188 535 187 535 166 541 151 537 150 537 149 537 148 537 147 537 137 544 118 537 117 537 116 537 43 538 44 569"/></Shape>
            <String CONTENT="ſunt quæ ſirenue ſuum officium facientibus pollice¬" HPOS="43.0" VPOS="534.0" WIDTH="679.0" HEIGHT="52.0" WC="0.9959161503642213"/>
          </TextLine>
          <TextLine ID="line_11" TAGREFS="LT8" BASELINE="43 612 721 612" HPOS="43.0" VPOS="578.0" WIDTH="678.0" HEIGHT="53.0">
            <Shape><Polygon POINTS="43 612 43 623 98 623 108 630 109 630 110 630 110 631 170 631 170 630 205 623 214 630 215 630 216 630 217 631 250 631 250 630 251 630 270 623 288 630 288 630 289 630 321 624 331 630 331 630 332 630 333 631 373 631 373 630 374 630 402 623 435 630 436 630 437 630 462 623 501 623 527 630 527 630 528 631 546 631 546 630 546 630 547 630 557 623 577 630 578 630 579 630 721 622 721 612 721 584 703 578 702 578 701 578 674 583 668 579 667 579 666 579 626 578 625 578 625 578 624 578 618 582 601 578 601 578 600 578 599 578 598 578 589 584 561 578 560 578 534 584 525 578 524 578 523 578 522 578 490 585 463 585 453 578 453 578 452 578 451 578 450 578 429 585 264 585 247 580 246 580 245 580 245 580 234 585 170 585 158 578 157 578 156 578 127 584 78 578 77 578 43 582 43 612"/></Shape>
            <String CONTENT="tur apoſtolus: prius prope terreſtre est, fore ſcilicet ut" HPOS="43.0" VPOS="578.0" WIDTH="678.0" HEIGHT="53.0" WC="0.9955130404439466"/>
          </TextLine>
          <TextLine ID="line_12" TAGREFS="LT8" BASELINE="43 657 721 655" HPOS="42.0" VPOS="623.0" WIDTH="679.0" HEIGHT="51.0">
            <Shape><Polygon POINTS="43 657 43 666 90 672 91 672 92 672 103 667 201 667 214 674 215 674 216 674 217 674 239 668 273 674 274 674 275 674 288 667 305 672 306 672 306 672 307 672 308 672 316 667 368 667 379 673 380 673 380 673 381 673 382 673 410 666 449 666 461 673 462 673 463 673 464 674 505 674 505 673 506 673 507 673 515 668 535 673 536 673 537 674 625 674 625 673 626 673 638 666 646 673 647 673 648 673 649 673 720 668 721 655 720 629 712 623 711 623 711 623 710 623 663 623 662 623 662 623 654 630 618 630 604 623 603 623 602 623 601 623 601 623 590 630 570 630 549 623 548 623 547 623 546 623 527 629 507 623 506 623 505 623 504 623 484 630 448 630 435 623 434 623 394 623 393 623 353 630 320 623 319 623 319 623 297 629 280 623 279 623 278 623 277 623 276 623 265 631 228 631 203 623 202 623 202 623 159 624 159 624 158 624 151 630 128 623 127 623 126 623 125 623 102 630 42 629 43 657"/></Shape>
            <String CONTENT="excellentiori præficiatur officio: poſterius plane ſpiri" HPOS="42.0" VPOS="623.0" WIDTH="679.0" HEIGHT="51.0" WC="0.9856759405561856"/>
          </TextLine>
          <TextLine ID="line_13" TAGREFS="LT8" BASELINE="43 700 718 699" HPOS="42.0" VPOS="666.0" WIDTH="676.0" HEIGHT="53.0">
            <Shape><Polygon POINTS="43 700 43 710 120 710 134 716 134 716 135 716 136 716 148 710 174 715 175 715 176 715 186 711 226 718 227 718 271 710 284 718 285 718 286 718 287 719 308 719 308 718 309 718 310 718 320 710 355 710 411 718 412 718 452 710 466 718 467 718 468 718 491 714 558 718 558 718 559 718 578 712 593 716 594 716 595 716 595 716 596 716 605 710 650 710 674 718 675 718 676 718 717 716 718 699 717 674 640 674 629 666 628 666 627 666 626 666 625 666 602 672 588 667 587 667 586 667 585 667 576 672 492 673 448 666 447 666 447 666 446 666 439 672 431 666 430 666 429 666 402 666 401 666 400 666 399 666 391 672 378 669 377 669 376 669 337 673 327 666 326 666 325 666 275 666 274 666 273 666 251 673 239 666 238 666 237 666 236 666 220 672 204 666 203 666 202 666 202 666 186 674 147 674 128 666 128 666 87 666 86 666 85 666 85 666 74 673 42 674 43 700"/></Shape>
            <String CONTENT="tuale &amp; cœleſte est, fore ut fidei &amp; cognitionis auge" HPOS="42.0" VPOS="666.0" WIDTH="676.0" HEIGHT="53.0" WC="0.9925436917340981"/>
          </TextLine>
          <TextLine ID="line_14" TAGREFS="LT8" BASELINE="42 744 719 744" HPOS="42.0" VPOS="715.0" WIDTH="677.0" HEIGHT="47.0">
            <Shape><Polygon POINTS="42 744 42 759 106 755 115 760 116 760 116 760 117 760 152 754 191 761 192 761 193 761 217 754 251 759 251 759 306 756 312 760 313 760 314 760 315 760 359 754 445 761 446 761 447 761 472 754 499 761 500 761 501 761 541 757 582 761 582 761 583 761 599 755 618 761 619 761 619 761 674 754 687 761 687 761 688 762 719 762 719 744 718 718 692 721 677 715 676 715 649 715 648 715 616 721 576 715 575 715 574 715 558 721 550 715 549 715 548 715 528 715 527 715 527 715 509 721 474 721 450 715 449 715 448 715 447 715 433 721 380 721 329 715 328 715 327 715 326 715 317 721 288 721 268 715 267 715 266 715 240 721 225 715 224 715 223 715 222 715 208 721 148 721 112 715 111 715 110 715 110 715 101 720 66 715 65 715 64 715 42 721 42 744"/></Shape>
            <String CONTENT="atur donum. Recte enimuereq́ Paraphraſtes, ut in re" HPOS="42.0" VPOS="715.0" WIDTH="677.0" HEIGHT="47.0" WC="0.9836418126143661"/>
          </TextLine>
          <TextLine ID="line_15" TAGREFS="LT8" BASELINE="45 788 719 787" HPOS="44.0" VPOS="755.0" WIDTH="675.0" HEIGHT="50.0">
            <Shape><Polygon POINTS="45 788 45 805 62 804 63 804 64 804 73 797 136 797 146 804 147 804 147 804 148 804 182 797 195 804 196 804 196 804 235 800 257 803 258 803 259 803 281 797 329 804 330 804 365 797 380 804 380 804 381 804 382 804 409 796 429 801 430 801 488 797 503 803 503 803 504 803 505 803 532 796 565 803 566 803 603 798 662 803 662 803 718 795 719 787 718 762 694 755 693 755 693 755 660 762 549 762 537 757 536 757 535 757 534 757 517 761 498 755 497 755 496 755 496 755 495 755 485 761 460 757 460 757 375 762 350 758 349 758 311 762 286 756 285 756 284 756 251 762 242 756 241 756 240 756 218 756 217 756 216 756 215 756 208 761 136 762 122 756 122 756 75 756 74 756 44 763 45 788"/></Shape>
            <String CONTENT="publica prophana inquit uocatur ad præturam qui in" HPOS="44.0" VPOS="755.0" WIDTH="675.0" HEIGHT="50.0" WC="0.9775247275829315"/>
          </TextLine>
          <TextLine ID="line_16" TAGREFS="LT8" BASELINE="42 831 719 832" HPOS="42.0" VPOS="797.0" WIDTH="677.0" HEIGHT="52.0">
            <Shape><Polygon POINTS="42 831 42 840 59 848 60 848 61 848 122 843 150 848 151 848 190 843 201 847 202 847 202 847 203 847 204 847 210 843 339 848 340 848 341 848 357 842 381 848 382 848 383 848 384 848 401 843 453 849 453 849 482 843 503 849 504 849 505 849 506 849 507 849 515 843 568 848 569 848 570 848 584 843 688 843 717 849 719 832 718 803 673 798 672 798 671 798 648 805 639 799 638 799 638 799 637 799 636 799 615 807 579 807 548 800 547 800 502 807 490 798 490 798 489 798 488 798 467 802 446 798 445 798 444 798 423 807 397 807 334 797 333 797 332 797 331 797 317 807 292 807 281 797 280 797 279 797 265 797 264 797 263 797 263 797 250 807 197 807 176 797 175 797 174 797 173 797 172 797 159 806 131 798 130 798 83 797 82 797 81 797 65 806 42 806 42 831"/></Shape>
            <String CONTENT="ædilitate ſtrenue ſe geſſerit, rurſus à prætura ad tribu" HPOS="42.0" VPOS="797.0" WIDTH="677.0" HEIGHT="52.0" WC="0.9946581512166742"/>
          </TextLine>
          <TextLine ID="line_17" TAGREFS="LT8" BASELINE="43 874 716 878" HPOS="42.0" VPOS="842.0" WIDTH="674.0" HEIGHT="53.0">
            <Shape><Polygon POINTS="43 874 42 886 78 889 79 889 106 885 130 892 131 892 132 892 165 885 208 885 241 892 242 892 243 892 265 886 281 890 282 890 282 890 330 886 352 892 353 892 354 892 355 892 380 886 429 893 429 894 508 894 508 893 509 893 509 893 520 886 536 891 537 891 538 891 539 891 547 886 592 894 593 895 658 895 658 894 659 894 660 894 667 890 714 894 716 878 715 850 693 845 692 845 691 845 683 849 675 843 674 843 674 843 596 843 595 843 595 843 576 850 503 846 502 846 484 849 477 845 476 845 475 845 474 845 447 849 426 843 425 843 424 843 293 849 252 842 251 842 251 842 226 849 93 849 83 842 82 842 81 842 80 842 43 847 43 874"/></Shape>
            <String CONTENT="natum aut conſulatum qui illic quoq uicerit ſeipſum," HPOS="42.0" VPOS="842.0" WIDTH="674.0" HEIGHT="53.0" WC="0.9915410566788453"/>
          </TextLine>
          <TextLine ID="line_18" TAGREFS="LT8" BASELINE="42 919 719 919" HPOS="42.0" VPOS="887.0" WIDTH="677.0" HEIGHT="50.0">
            <Shape><Polygon POINTS="42 919 42 929 119 935 120 935 158 930 180 936 181 936 182 937 242 937 242 936 243 936 263 930 281 935 282 935 282 935 283 935 294 931 380 931 388 936 389 936 390 936 391 937 446 937 446 936 447 936 465 931 505 936 506 936 507 936 522 930 550 936 551 936 552 936 576 930 604 935 605 935 606 935 626 930 632 935 633 935 634 935 635 935 661 931 668 936 668 936 669 936 670 937 696 937 696 936 697 936 719 929 719 919 719 894 608 894 590 887 589 887 588 887 588 887 572 893 556 887 555 887 554 887 553 887 539 894 493 894 478 887 478 887 450 887 449 887 448 887 447 887 441 892 434 887 433 887 432 887 431 887 430 887 418 894 352 894 333 887 332 887 331 887 331 887 312 893 303 887 302 887 301 887 254 887 253 887 217 893 208 887 207 887 206 887 157 887 156 887 155 887 141 893 95 887 94 887 93 887 73 893 42 887 42 919"/></Shape>
            <String CONTENT="ita diaconi functio declarat qui ſit ſacerdotis aut apo" HPOS="42.0" VPOS="887.0" WIDTH="677.0" HEIGHT="50.0" WC="0.9895318562334234"/>
          </TextLine>
          <TextLine ID="line_19" TAGREFS="LT8" BASELINE="43 965 718 962" HPOS="42.0" VPOS="928.0" WIDTH="676.0" HEIGHT="52.0">
            <Shape><Polygon POINTS="43 965 44 980 68 973 214 979 215 979 269 972 357 972 364 978 365 978 366 978 367 978 442 972 452 978 453 978 453 978 454 979 493 979 493 978 527 972 631 978 631 978 676 972 717 978 718 962 717 935 625 928 625 928 624 928 608 935 593 929 592 929 591 929 564 935 525 935 511 929 510 929 509 929 509 929 490 935 475 929 474 929 452 929 451 929 450 929 449 929 440 936 423 936 415 929 414 929 413 929 412 929 382 935 374 929 374 929 373 929 351 929 350 929 349 929 336 935 296 931 295 931 275 935 251 929 250 929 249 929 248 929 229 937 194 937 172 929 171 929 171 929 170 929 169 929 159 937 125 937 111 929 110 929 50 929 49 929 49 929 48 929 48 930 42 935 43 965"/></Shape>
            <String CONTENT="ſtoli loco dignus. Et in euãgelio diſertis uerbis de dono" HPOS="42.0" VPOS="928.0" WIDTH="676.0" HEIGHT="52.0" WC="0.9907767495204662"/>
          </TextLine>
          <TextLine ID="line_20" TAGREFS="LT8" BASELINE="42 1006 719 1008" HPOS="42.0" VPOS="974.0" WIDTH="677.0" HEIGHT="50.0">
            <Shape><Polygon POINTS="42 1006 42 1017 60 1023 61 1023 61 1023 62 1023 76 1019 83 1023 84 1023 85 1023 85 1023 236 1019 242 1023 243 1023 244 1023 245 1023 380 1020 398 1024 399 1024 400 1024 421 1020 431 1024 432 1024 433 1024 434 1024 449 1020 470 1024 471 1024 718 1020 719 1008 717 980 700 983 667 975 666 975 665 975 664 975 651 983 635 978 634 978 633 978 632 978 619 983 598 975 597 975 554 975 553 975 552 975 552 975 541 984 503 984 484 976 484 976 420 975 419 975 349 982 338 974 337 974 337 974 336 974 335 974 314 982 276 982 266 975 265 975 264 975 263 975 263 975 241 980 226 974 226 974 225 974 224 974 223 974 212 982 190 982 153 974 153 974 128 975 127 975 126 975 114 982 42 981 42 1006"/></Shape>
            <String CONTENT="rum auctione loquens dominus id propoſuit parado¬" HPOS="42.0" VPOS="974.0" WIDTH="677.0" HEIGHT="50.0" WC="0.9901970369475228"/>
          </TextLine>
          <TextLine ID="line_21" TAGREFS="LT8" BASELINE="42 1051 718 1050" HPOS="41.0" VPOS="1017.0" WIDTH="677.0" HEIGHT="49.0">
            <Shape><Polygon POINTS="42 1051 42 1059 96 1066 97 1066 98 1066 120 1059 165 1063 165 1063 242 1060 284 1066 285 1066 286 1066 300 1060 366 1063 367 1063 368 1063 386 1058 403 1065 404 1065 404 1065 405 1065 426 1058 480 1058 496 1065 497 1065 498 1065 538 1058 556 1065 557 1065 558 1066 634 1066 634 1065 635 1065 648 1059 675 1065 676 1065 717 1064 718 1050 717 1024 652 1024 638 1017 638 1017 637 1017 580 1024 547 1017 546 1017 546 1017 545 1017 538 1022 519 1019 518 1019 493 1024 461 1017 460 1017 460 1017 459 1017 448 1025 365 1025 349 1018 349 1018 348 1018 253 1023 177 1018 176 1018 136 1025 121 1020 120 1020 119 1020 41 1025 42 1051"/></Shape>
            <String CONTENT="xon, Omni habenti dabitur &amp; abundabit, qui uero" HPOS="41.0" VPOS="1017.0" WIDTH="677.0" HEIGHT="49.0" WC="0.9840334121217119"/>
          </TextLine>
          <TextLine ID="line_22" TAGREFS="LT8" BASELINE="42 1094 716 1094" HPOS="42.0" VPOS="1062.0" WIDTH="674.0" HEIGHT="50.0">
            <Shape><Polygon POINTS="42 1094 42 1107 329 1112 330 1112 358 1106 538 1112 539 1112 539 1112 540 1112 546 1107 610 1111 611 1111 612 1111 629 1106 644 1111 644 1111 645 1111 676 1106 685 1111 686 1111 687 1111 716 1106 716 1094 716 1069 663 1062 662 1062 635 1069 596 1069 582 1062 581 1062 580 1062 579 1062 565 1069 529 1069 490 1062 490 1062 435 1067 391 1062 390 1062 389 1062 373 1068 366 1062 365 1062 364 1062 335 1062 334 1062 333 1062 318 1069 286 1069 274 1062 273 1062 272 1062 227 1068 200 1062 199 1062 152 1068 143 1062 142 1062 141 1062 141 1062 140 1062 122 1067 97 1062 96 1062 95 1062 78 1069 42 1069 42 1094"/></Shape>
            <String CONTENT="non habet etiam id quod habet auferetur ab eo. Mat¬" HPOS="42.0" VPOS="1062.0" WIDTH="674.0" HEIGHT="50.0" WC="0.9918781180007785"/>
          </TextLine>
          <TextLine ID="line_23" TAGREFS="LT8" BASELINE="42 1139 718 1137" HPOS="42.0" VPOS="1106.0" WIDTH="676.0" HEIGHT="49.0">
            <Shape><Polygon POINTS="42 1139 42 1148 78 1153 79 1153 105 1148 123 1155 124 1155 125 1155 126 1155 127 1155 138 1148 171 1148 237 1155 238 1155 239 1155 239 1155 249 1149 285 1147 349 1154 349 1154 412 1148 443 1155 444 1155 509 1148 541 1154 542 1154 575 1149 607 1154 607 1154 608 1154 609 1154 619 1147 682 1154 683 1154 684 1154 685 1154 693 1148 717 1148 718 1137 717 1113 613 1106 612 1106 611 1106 595 1113 533 1113 507 1106 506 1106 505 1106 504 1106 484 1113 417 1106 416 1106 415 1106 414 1106 402 1113 280 1109 279 1109 231 1114 199 1107 198 1107 137 1114 110 1107 110 1107 51 1107 50 1107 49 1107 49 1107 42 1112 42 1139"/></Shape>
            <String CONTENT="thæi2s. Ne uero nouum est quod egregia inges" HPOS="42.0" VPOS="1106.0" WIDTH="676.0" HEIGHT="49.0" WC="0.9944527639283074"/>
          </TextLine>
          <TextLine ID="line_24" TAGREFS="LT8" BASELINE="44 1182 717 1182" HPOS="44.0" VPOS="1149.0" WIDTH="673.0" HEIGHT="49.0">
            <Shape><Polygon POINTS="44 1194 388 1198 389 1198 390 1198 399 1194 456 1194 483 1198 484 1198 540 1194 559 1198 560 1198 561 1198 585 1194 614 1198 615 1198 717 1193 717 1182 717 1156 694 1157 682 1151 681 1151 680 1151 680 1151 656 1157 631 1150 631 1150 630 1150 629 1150 628 1150 618 1157 588 1151 587 1151 586 1151 572 1158 511 1158 503 1153 503 1153 502 1153 501 1153 500 1153 490 1157 472 1151 472 1151 471 1151 447 1156 406 1149 405 1149 404 1149 374 1157 367 1151 366 1151 365 1151 276 1149 276 1149 240 1158 164 1158 134 1149 134 1149 133 1149 88 1154 81 1149 80 1149 79 1149 79 1149 58 1154 45 1150 44 1182 44 1194"/></Shape>
            <String CONTENT="nia ſpebus &amp; pollicitationibus ducuntur incitantur" HPOS="44.0" VPOS="1149.0" WIDTH="673.0" HEIGHT="49.0" WC="0.9982198584079742"/>
          </TextLine>
          <TextLine ID="line_25" TAGREFS="LT8" BASELINE="42 1225 718 1227" HPOS="42.0" VPOS="1193.0" WIDTH="676.0" HEIGHT="50.0">
            <Shape><Polygon POINTS="42 1225 42 1235 64 1241 65 1241 66 1242 100 1242 100 1241 101 1241 102 1241 109 1236 143 1241 144 1241 190 1235 214 1239 214 1239 325 1235 358 1241 359 1241 360 1241 370 1236 390 1240 391 1240 454 1235 467 1242 468 1242 469 1243 544 1243 544 1242 573 1235 584 1242 585 1242 586 1242 587 1242 636 1235 661 1240 662 1240 717 1235 718 1227 717 1201 688 1201 676 1194 675 1194 674 1194 674 1194 653 1200 542 1200 528 1194 527 1194 484 1194 483 1194 482 1194 465 1200 432 1194 431 1194 430 1194 412 1200 405 1194 404 1194 404 1194 380 1193 379 1193 340 1199 319 1193 318 1193 285 1193 284 1193 283 1193 282 1193 274 1198 258 1194 257 1194 257 1194 169 1199 157 1194 156 1194 155 1194 154 1194 153 1194 146 1199 42 1199 42 1225"/></Shape>
            <String CONTENT="at capiuntur. Debetur ſane uirtuti ſuum præmium" HPOS="42.0" VPOS="1193.0" WIDTH="676.0" HEIGHT="50.0" WC="0.9981662395099798"/>
          </TextLine>
          <TextLine ID="line_26" TAGREFS="LT8" BASELINE="44 1274 713 1271" HPOS="43.0" VPOS="1235.0" WIDTH="670.0" HEIGHT="61.0">
            <Shape><Polygon POINTS="44 1274 44 1288 118 1288 132 1293 133 1293 134 1293 194 1288 202 1295 203 1295 204 1295 205 1295 229 1290 254 1296 255 1296 256 1296 257 1296 286 1288 377 1296 378 1296 433 1288 463 1296 464 1296 465 1296 504 1286 522 1295 523 1295 524 1295 525 1295 546 1288 559 1295 560 1295 561 1295 562 1295 563 1295 570 1290 578 1295 579 1295 580 1295 581 1295 650 1290 666 1295 667 1295 668 1296 712 1296 713 1271 711 1237 670 1235 669 1235 668 1235 668 1235 658 1241 615 1235 614 1235 613 1235 596 1241 580 1235 579 1235 578 1235 577 1235 562 1242 495 1242 474 1235 473 1235 472 1235 415 1242 395 1237 394 1237 393 1237 364 1243 355 1237 355 1237 354 1237 353 1237 251 1242 211 1236 210 1236 135 1244 98 1237 98 1237 97 1237 96 1237 88 1244 73 1238 73 1238 72 1238 71 1238 43 1245 44 1274"/></Shape>
            <String CONTENT="&amp; honor iuſtus. Proinde præter ius &amp; phas ſpe ſus" HPOS="43.0" VPOS="1235.0" WIDTH="670.0" HEIGHT="61.0" WC="0.9922951532869922"/>
          </TextLine>
        </TextBlock>
        <TextBlock HPOS="202.0" VPOS="91.0" WIDTH="377.0" HEIGHT="41.0" ID="block_2" TAGREFS="BT18">
          <Shape><Polygon POINTS="202 91 579 91 579 132 202 132 202 91"/></Shape>
          <TextLine ID="line_27" TAGREFS="LT8" BASELINE="203 120 583 122" HPOS="202.0" VPOS="87.0" WIDTH="381.0" HEIGHT="49.0">
            <Shape><Polygon POINTS="564 91 555 91 546 91 538 91 529 91 521 91 513 91 492 92 482 91 478 91 469 91 460 91 452 91 443 91 435 91 426 91 417 91 409 91 400 91 392 91 388 91 387 91 377 91 374 91 366 91 357 91 349 91 340 91 331 91 323 91 314 91 306 91 297 91 288 91 284 91 280 91 271 91 263 91 254 91 245 91 237 91 228 91 220 91 211 91 203 91 203 120 202 128 239 134 239 134 281 128 349 135 350 135 403 129 411 135 411 135 412 135 413 135 453 131 483 136 484 136 521 130 526 134 527 134 527 134 528 134 559 131 581 136 583 122 582 87 571 92 566 91 564 91"/></Shape>
            <String CONTENT="AD TIM. CAP. III." HPOS="202.0" VPOS="87.0" WIDTH="381.0" HEIGHT="49.0" WC="0.9984486909473643"/>
          </TextLine>
        </TextBlock>
        <TextBlock HPOS="656.0" VPOS="95.0" WIDTH="73.0" HEIGHT="46.0" ID="block_3" TAGREFS="BT15">
          <Shape><Polygon POINTS="656 95 729 95 729 141 656 141 656 95"/></Shape>
          <TextLine ID="line_28" TAGREFS="LT8" BASELINE="667 128 717 130" HPOS="664" VPOS="95" WIDTH="52" HEIGHT="49">
            <Shape><Polygon POINTS="704 95 691 95 678 95 665 95 665 127 664 137 713 144 716 128 714 95 704 95"/></Shape>
            <String CONTENT="133" HPOS="664" VPOS="95" WIDTH="52" HEIGHT="49" WC="0.9999398390452067"/>
          </TextLine>
        </TextBlock>
        <TextBlock HPOS="482.0" VPOS="1293.0" WIDTH="102.0" HEIGHT="49.0" ID="block_4" TAGREFS="BT17">
          <Shape><Polygon POINTS="482 1293 584 1293 584 1342 482 1342 482 1293"/></Shape>
          <TextLine ID="line_29" TAGREFS="LT8" BASELINE="494 1324 571 1323" HPOS="494" VPOS="1323" WIDTH="77" HEIGHT="1">
            <String CONTENT="r 5" HPOS="494" VPOS="1323" WIDTH="77" HEIGHT="1"/>
          </TextLine>
        </TextBlock>
      </PrintSpace>
    </Page>
  </Layout>
</alto>
