1000 1547
23 148 682 48 gis quàm prohibuerunt. Pontifitij uero prohibuerunt

21 184 674 57 nõ damnarũt. Cæterum fides et religio ſyncera quoa

21 228 674 50 iam monuimus tradit liberum eſſe homini cuilibet du¬

20 272 675 51 cere uxorem aut nubere uiro, hoc uel illo cibo ueſci.

19 316 674 56 At ab iſta ſimplicitate fidei defecerunt noſtri ſpecie́

18 361 681 55 deluſi ſanctimoniæ, magnifica ſuaſore ſathana & iu¬

19 406 679 52 bente hypocriſi de cœlibatu, de uotis, de uirginitate,

18 448 684 54 de ieiunijs, de delectu & abſtinentia ciborum tantum

18 493 685 54 non omnem his ſalutem tribuentes diſputarunt, imò et

20 538 684 55 leges promulgarunt, quas uiolare aut refigere uel no¬

21 578 683 57 tare ſaltem licebat nemini. In ficta autem hæc ſancti¬

21 623 683 50 monia uiuentes ceu ſancti ac diui quidam cœlitus de¬

23 667 681 55 lapſi adorabantur à nobis, quod foris omnia ipſorum

21 713 683 54 ad oſtentationem eſſent inſtructißima & apparerent

24 753 680 60 purißima. Domi interim quales fuerint ipſi melius no¬

24 798 679 56 runt, & nos non neſcimus ipſorum conſcientias fuiſſe

23 843 683 55 aduſtas & multa immunditia pollutißimas, Nihil hic

24 885 682 60 fingo, nihil ex ſuſpitione effutio, ipſa experientia lo¬

25 929 682 58 quitur quid factum ſit & quid etiam hodie fiat. Con¬

24 974 685 55 templare enim mihi Eſſenos noſtros hoc est Cartuſia¬

26 1019 684 55 nos, contemplare omnes in uniuerſum monaſticos ui¬

30 1062 673 56 ros & mulieres, adde his & ſacrificos pontifitios,

30 1105 677 59 & cogeris fateri in tanta turba otioſorum hominum

29 1154 676 48 non inueniri multos uere continentes. Iam ut maxime

30 1192 675 55 inueniatur unus at alter qui uel ob dei donum rarũ,

28 1237 677 64 uel ob uires effœtas aut ualetudine fractus uiuat conti¬

160 96 400 44 AD TIM. CAP. IIII.

650 101 51 45 139

699 183 115 41 In Mona¬

701 217 131 39 chos & uo

700 247 130 50 ta monaſti¬

703 273 35 40 ca.

526 1325 68 3 S 3
