1000 1547
49 147 672 45 repetitum damnant uel improbant: hinc à Paulo di¬

49 185 670 48 ſerte Vnius uxoris maritum, unius inquam dictum

46 228 672 52 putant. Quaſi uero ſecundæ nuptiæ primis ſint pollu

45 272 673 45 tiores, & Paulus uerũ non dixerit cum in Corinthijs

43 312 674 56 inconiugatis & uiduis præſcripſit bonum eſſe ſi ſic

42 360 675 49 manſerint, cæterum ſi ſe non contineant contrahant

41 403 676 50 matrimonium. Vnius ergo dixit ut excluderet uxorũ

43 449 668 45 gregem & concubinarum turbam, ſanctum uero &

40 489 676 54 iuſtum matrimonium ſtabiliret, quod non inter plures

41 535 674 49 ſed duos tantum confit. Id quod et dominus apud Mat

37 577 679 51 thæum docuit in cap.29. Verum plura de ſacerdotum

38 623 678 48 connubio annotauimus alibi. Sanè planum est non mo

39 666 672 52 do ex monumentis ueterum ſed neotericorum quo

37 710 678 48 omnes Galliarum & Germaniæ epiſcopos ſero tan¬

36 752 678 54 dem profeßionem cœlibatus recepiſſe feciſſe́. Ab an

35 794 679 54 tiquo enim uxores habuiſſe longe certißimum est. Id

36 839 678 51 quod & Lambertus Schaffnaburgenſis hiſtoricus in

35 885 678 50 rebus Germanicis luculenter exponit eo præcipue in

35 929 678 48 loco ubi geſta præclara anni 1o74. deſcribit. Mira tũ

33 972 679 51 erat in epiſcopis eius temporis conſtantia. Confiden¬

33 1015 678 49 ter enim & negligebant et damnabant ſanctiones et

35 1058 676 51 decreta Romani præſulis uxores́ ſecundum uer¬

30 1099 671 54 bum domini retinebant. vnφάλιoμ uigilantem retu¬

31 1145 677 53 lere alij ad animum. Theophylactus enim, Sobrium

31 1190 674 51 ait eſſe oportet epiſcopum, hoc est perſpicacem &

30 1234 677 55 meditabundum nullis huius ſæculi curis uel mœrore

177 92 389 41 AD TIM. CAP. III.

656 98 53 37 125

716 1118 104 47 Vigilantẽ

527 1291 68 48 a 5
