1000 1547
382.0 85.0 485.0 49.0 COMMENT. IN I. EPIST.

294.0 138.0 668.0 51.0 miniſteriũ. Quo circa mirari non poſſum qua fidutia

294.0 175.0 666.0 55.0 expoſuerint quidã hũc Pauli locũ nõ de coniugio epi¬

296.0 216.0 661.0 59.0 ſcoporũ, ſed de eccleſia potius et ſacerdotio, quod ui¬

294.0 261.0 666.0 58.0 delicet Paulus nolit epiſcopo uni plures cõmitti eccle

294.0 304.0 665.0 58.0 ſias. Quorſum enim (ut multa alia tranſeam) referent

293.0 348.0 664.0 57.0 quod ſequitur, Qui ſuæ domui bene præſit, ꝗ liberos

290.0 392.0 666.0 55.0 habeat ſubiectos & per omnia reuerentes? Si uero et

290.0 432.0 660.0 60.0 hæc exponant de membris eccleſiæ, hoc est fidelibus,

287.0 478.0 667.0 58.0 reuincentur per ea quæ ſequuntur protinus, Si quis

289.0 522.0 665.0 56.0 propriæ domui præeſſe non nouit, quomodo eccleſi¬

284.0 562.0 669.0 60.0 am dei curabit? Hic enim nota manifeſtißima oſtendit

287.0 605.0 664.0 61.0 ſe loqui de familia & uxore non ſpirituali ſed carna¬

282.0 647.0 668.0 62.0 li ſancta́. Iam quod obijciunt apoſtolos quidem ha¬

282.0 690.0 668.0 63.0 buiſſe uxores, ſed non circumduxiſſe ſecum in miniſte

280.0 734.0 670.0 62.0 rio, confutatur ex hoc loco, qui palàm quid fieri de¬

278.0 778.0 672.0 63.0 beat præſcribit, non quid geſtum ſit exponit. Epiſco¬

279.0 823.0 668.0 58.0 pus uerbi dei miniſter est. At hunc oportet unius uxo

276.0 865.0 672.0 61.0 ris maritum eſſe, eo ſcilicet quia epiſcopus est, ſan¬

276.0 906.0 669.0 57.0 ctum connubium alijs commendare & à fornicatio

274.0 952.0 670.0 57.0 ne abſterrere debet. Deinde clarißimis uerbis ipſe a¬

275.0 994.0 665.0 58.0 poſtolus in epiſtola ad Corinth. 9.cap. An non habe¬

272.0 1040.0 667.0 55.0 mus, ait, poteſtatem ſororem mulierem circumducen

272.0 1081.0 666.0 61.0 di quemadmodum & cæteri apoſtoli & fratres domi

271.0 1123.0 664.0 59.0 ni & Cephas? Hunc in modum cõuicti comminiſcun

269.0 1166.0 667.0 63.0 tur aliud, quibus contendere quàm ueritati obſequi iu

270.0 1210.0 660.0 68.0 cundius eſt, primum enim matrimonium admittunt,

843.0 1276.0 86.0 51.0 repe¬
