<?xml version='1.0' encoding='UTF-8'?>
<alto xmlns:xsi="http://www.w3.org/2001/XMLSchema-instance" xmlns="http://www.loc.gov/standards/alto/ns-v4#" xsi:schemaLocation="http://www.loc.gov/standards/alto/ns-v4# http://www.loc.gov/standards/alto/v4/alto-4-2.xsd">
  <Description>
    <MeasurementUnit>pixel</MeasurementUnit>
    <sourceImageInformation>
      <fileName>7326022.jpeg</fileName>
    </sourceImageInformation>
  </Description>
  <Tags>
    <OtherTag ID="BT7" LABEL="CustomZone" DESCRIPTION="block type CustomZone"/><OtherTag ID="BT8" LABEL="DamageZone" DESCRIPTION="block type DamageZone"/><OtherTag ID="BT9" LABEL="DigitizationArtefactZone" DESCRIPTION="block type DigitizationArtefactZone"/><OtherTag ID="BT10" LABEL="DropCapitalZone" DESCRIPTION="block type DropCapitalZone"/><OtherTag ID="BT11" LABEL="GraphicZone" DESCRIPTION="block type GraphicZone"/><OtherTag ID="BT12" LABEL="MainZone" DESCRIPTION="block type MainZone"/><OtherTag ID="BT13" LABEL="MarginTextZone" DESCRIPTION="block type MarginTextZone"/><OtherTag ID="BT14" LABEL="MusicZone" DESCRIPTION="block type MusicZone"/><OtherTag ID="BT15" LABEL="NumberingZone" DESCRIPTION="block type NumberingZone"/><OtherTag ID="BT17" LABEL="QuireMarksZone" DESCRIPTION="block type QuireMarksZone"/><OtherTag ID="BT18" LABEL="RunningTitleZone" DESCRIPTION="block type RunningTitleZone"/><OtherTag ID="BT19" LABEL="SealZone" DESCRIPTION="block type SealZone"/><OtherTag ID="BT20" LABEL="StampZone" DESCRIPTION="block type StampZone"/><OtherTag ID="BT21" LABEL="TableZone" DESCRIPTION="block type TableZone"/><OtherTag ID="BT22" LABEL="TitlePageZone" DESCRIPTION="block type TitlePageZone"/><OtherTag ID="BT3807" LABEL="MainZone-Continued" DESCRIPTION="block type MainZone-Continued"/><OtherTag ID="BT3808" LABEL="MarginTextZone-Notes" DESCRIPTION="block type MarginTextZone-Notes"/><OtherTag ID="BT3809" LABEL="MainZone-Head" DESCRIPTION="block type MainZone-Head"/><OtherTag ID="BT3810" LABEL="MainZone-P" DESCRIPTION="block type MainZone-P"/>
    <OtherTag ID="LT7" LABEL="CustomLine" DESCRIPTION="line type CustomLine"/><OtherTag ID="LT8" LABEL="DefaultLine" DESCRIPTION="line type DefaultLine"/><OtherTag ID="LT9" LABEL="DropCapitalLine" DESCRIPTION="line type DropCapitalLine"/><OtherTag ID="LT10" LABEL="HeadingLine" DESCRIPTION="line type HeadingLine"/><OtherTag ID="LT11" LABEL="InterlinearLine" DESCRIPTION="line type InterlinearLine"/><OtherTag ID="LT12" LABEL="MusicLine" DESCRIPTION="line type MusicLine"/>
  </Tags>
  <Layout>
    <Page WIDTH="1000" HEIGHT="1547" PHYSICAL_IMG_NR="25" ID="eSc_dummypage_">
      <PrintSpace HPOS="0" VPOS="0" WIDTH="1000" HEIGHT="1547">
        <TextBlock HPOS="388.0" VPOS="105.0" WIDTH="469.0" HEIGHT="39.0" ID="block_1" TAGREFS="BT18">
          <Shape><Polygon POINTS="388 105 857 105 857 144 388 144 388 105"/></Shape>
          <TextLine ID="line_1" TAGREFS="LT8" BASELINE="390 134 858 133" HPOS="389.0" VPOS="103.0" WIDTH="469.0" HEIGHT="44.0">
            <Shape><Polygon POINTS="853 104 845 104 836 104 828 104 819 104 810 104 802 104 793 104 785 104 776 104 767 104 759 104 750 104 742 104 733 104 724 104 716 104 707 104 699 104 690 104 681 104 673 104 667 104 664 104 656 104 647 104 638 104 630 104 624 104 621 105 616 104 613 104 604 104 595 104 587 104 586 104 584 105 582 104 578 104 570 104 561 104 552 104 550 104 544 105 541 104 535 104 527 104 518 104 509 104 501 104 492 104 484 104 475 104 466 104 458 104 453 104 452 105 435 104 432 104 423 104 415 104 406 104 398 104 389 104 390 134 390 142 410 147 411 147 411 147 422 142 621 147 622 147 623 147 624 147 624 146 625 146 628 142 634 146 635 146 636 146 637 146 638 146 654 141 661 146 662 146 662 146 663 146 699 142 712 146 713 146 714 146 715 146 716 146 723 141 737 146 738 146 739 147 774 147 774 146 775 146 776 146 785 141 850 146 851 146 852 146 852 146 858 141 858 133 858 105 853 103 853 104"/></Shape>
            <String CONTENT="COMMENT. IN I. EPIST." HPOS="389.0" VPOS="103.0" WIDTH="469.0" HEIGHT="44.0" WC="0.9967429098628816"/>
          </TextLine>
        </TextBlock>
        <TextBlock HPOS="279.0" VPOS="154.0" WIDTH="682.0" HEIGHT="1128.0" ID="block_2" TAGREFS="BT3807">
          <Shape><Polygon POINTS="279 154 961 154 961 1282 279 1282 279 154"/></Shape>
          <TextLine ID="line_2" TAGREFS="LT8" BASELINE="288 188 954 185" HPOS="288.0" VPOS="153.0" WIDTH="666.0" HEIGHT="50.0">
            <Shape><Polygon POINTS="889 153 884 153 877 158 857 158 838 153 838 153 829 153 821 153 820 153 812 157 806 153 803 153 795 153 791 153 768 158 752 153 752 153 743 153 740 153 734 158 705 158 695 153 692 153 683 153 675 153 654 156 633 153 631 153 623 153 614 153 608 159 584 159 575 153 571 153 563 153 554 153 546 153 541 153 537 157 527 153 526 153 525 153 524 153 508 160 478 160 466 153 465 153 460 153 451 153 442 153 434 153 425 153 417 153 408 153 399 153 391 153 382 153 380 153 365 159 302 156 301 156 300 156 288 160 288 188 288 197 377 203 378 203 411 197 419 203 420 203 421 203 422 203 423 203 435 197 489 202 490 202 490 202 511 196 550 202 551 202 552 202 552 202 560 196 592 196 601 202 602 202 603 202 604 203 624 203 624 202 625 202 638 196 644 202 645 202 646 202 647 203 731 203 731 202 732 202 760 195 797 195 804 201 805 201 806 201 807 201 932 195 951 201 954 185 951 154 906 158 897 153 889 153"/></Shape>
            <String CONTENT="mo, optimo clementißimo ſaluifico. Proinde relucel" HPOS="288.0" VPOS="153.0" WIDTH="666.0" HEIGHT="50.0" WC="0.9866207492351532"/>
          </TextLine>
          <TextLine ID="line_3" TAGREFS="LT8" BASELINE="287 230 954 227" HPOS="286.0" VPOS="195.0" WIDTH="668.0" HEIGHT="51.0">
            <Shape><Polygon POINTS="287 230 287 239 466 246 467 246 468 246 469 246 480 238 509 238 566 245 567 246 657 246 657 245 658 245 659 245 668 238 716 244 717 244 751 240 757 244 758 244 759 244 760 245 865 245 865 244 866 244 882 238 953 238 954 227 953 202 937 195 936 195 935 195 934 195 910 201 902 195 901 195 901 195 900 195 867 201 811 197 810 197 778 201 771 196 770 196 769 196 768 196 718 202 690 196 689 196 688 196 676 203 625 203 607 197 607 197 606 197 605 197 589 202 570 197 570 197 569 197 568 197 567 197 558 202 534 196 533 196 533 196 532 196 508 203 489 197 488 197 487 197 410 201 347 197 346 197 286 204 287 230"/></Shape>
            <String CONTENT="in Chriſto ipſißima dei imago, adeo ut patrem uiderit" HPOS="286.0" VPOS="195.0" WIDTH="668.0" HEIGHT="51.0" WC="0.989599881307134"/>
          </TextLine>
          <TextLine ID="line_4" TAGREFS="LT8" BASELINE="288 275 953 271" HPOS="287.0" VPOS="238.0" WIDTH="666.0" HEIGHT="52.0">
            <Shape><Polygon POINTS="288 275 288 290 325 290 325 289 325 289 326 289 333 284 370 289 371 289 453 283 479 288 480 288 507 283 563 288 564 288 638 282 711 287 711 287 781 282 793 287 794 287 795 287 952 283 953 271 952 248 932 241 932 241 931 241 930 241 929 241 920 248 894 248 883 238 882 238 881 238 880 238 785 248 760 240 760 240 759 240 725 248 706 239 705 239 705 239 704 239 682 249 603 249 582 240 581 240 580 240 579 240 551 250 537 250 522 240 521 240 521 240 520 240 484 245 453 240 453 240 452 240 431 249 417 241 416 241 415 241 414 241 413 241 402 250 367 250 355 241 355 241 354 241 299 241 298 241 297 241 287 245 288 275"/></Shape>
            <String CONTENT="ipſum qui uidit filium, Ioan.14. Sequitur, Iuſti ficatus" HPOS="287.0" VPOS="238.0" WIDTH="666.0" HEIGHT="52.0" WC="0.9929117315581867"/>
          </TextLine>
          <TextLine ID="line_5" TAGREFS="LT8" BASELINE="288 318 954 315" HPOS="287.0" VPOS="282.0" WIDTH="667.0" HEIGHT="53.0">
            <Shape><Polygon POINTS="288 318 288 328 317 335 318 335 367 330 435 335 435 335 436 335 455 328 503 334 503 334 555 328 645 333 646 333 678 327 717 333 717 333 757 327 779 332 779 332 780 332 781 332 803 326 823 332 824 332 825 333 856 333 856 332 857 332 858 332 866 326 953 332 954 315 952 289 864 288 837 282 836 282 835 282 824 288 798 284 797 284 797 284 774 289 739 283 738 283 699 290 625 290 617 284 616 284 615 284 614 284 532 290 491 284 468 284 467 284 466 284 452 291 394 291 378 285 377 285 376 285 287 288 288 318"/></Shape>
            <String CONTENT="in ſpiritu, quod loquutionis genus idioma reſipit He¬" HPOS="287.0" VPOS="282.0" WIDTH="667.0" HEIGHT="53.0" WC="0.989159310763737"/>
          </TextLine>
          <TextLine ID="line_6" TAGREFS="LT8" BASELINE="288 361 952 360" HPOS="287.0" VPOS="327.0" WIDTH="665.0" HEIGHT="51.0">
            <Shape><Polygon POINTS="288 361 288 372 614 378 615 378 636 373 782 377 783 377 784 377 796 371 933 375 934 375 935 375 952 370 952 360 950 335 888 335 866 327 865 327 865 327 864 327 863 327 853 334 822 327 822 327 761 328 760 328 760 328 754 332 748 327 747 327 746 327 745 327 717 332 711 328 711 328 710 328 709 328 669 331 658 327 657 327 656 327 656 327 642 333 620 327 619 327 619 327 582 334 550 328 549 328 525 333 507 330 506 330 505 330 494 336 450 336 435 329 435 329 434 329 433 329 411 336 339 336 287 329 288 361"/></Shape>
            <String CONTENT="braicum. Hoc enim ſignificat, Per ſpiritũ declaratus" HPOS="287.0" VPOS="327.0" WIDTH="665.0" HEIGHT="51.0" WC="0.9959231311420225"/>
          </TextLine>
          <TextLine ID="line_7" TAGREFS="LT8" BASELINE="284 406 949 403" HPOS="283.0" VPOS="370.0" WIDTH="666.0" HEIGHT="52.0">
            <Shape><Polygon POINTS="284 406 284 415 312 415 319 420 319 420 320 420 321 420 378 415 398 421 398 421 399 421 425 416 437 421 438 421 439 422 488 422 488 421 489 421 503 415 512 421 513 421 514 421 515 421 538 421 538 421 539 421 539 421 549 414 568 414 582 421 582 421 583 421 584 421 603 414 624 420 625 420 625 420 626 420 627 420 633 415 640 420 641 420 642 420 643 420 644 420 656 414 679 414 693 421 693 421 694 421 722 421 722 421 723 421 723 421 734 413 788 413 797 420 798 420 799 420 800 420 801 420 815 415 876 420 877 420 877 420 892 413 948 417 949 403 948 377 927 370 926 370 883 370 883 370 837 377 828 370 828 370 827 370 805 370 804 370 803 370 790 378 760 378 747 371 746 371 745 371 744 371 723 378 699 372 698 372 697 372 677 379 551 379 505 371 504 371 476 372 475 372 460 379 443 372 442 372 441 372 394 379 374 379 366 372 365 372 364 372 316 372 315 372 314 372 313 372 301 379 283 379 284 406"/></Shape>
            <String CONTENT="est deus &amp; is eſſe qui à patre nobis datus ſit, iuſtitia," HPOS="283.0" VPOS="370.0" WIDTH="666.0" HEIGHT="52.0" WC="0.9824194476522249"/>
          </TextLine>
          <TextLine ID="line_8" TAGREFS="LT8" BASELINE="288 448 952 446" HPOS="287.0" VPOS="414.0" WIDTH="665.0" HEIGHT="51.0">
            <Shape><Polygon POINTS="288 448 288 465 328 464 329 464 339 459 351 464 352 464 353 465 402 465 402 464 403 464 404 464 411 459 421 464 422 464 423 464 497 459 506 464 507 464 508 464 509 464 509 464 530 458 601 458 607 464 608 464 609 464 610 464 704 458 728 464 729 464 730 464 743 458 754 463 755 463 756 464 797 464 797 463 798 463 809 458 844 463 845 463 846 463 860 458 950 460 952 446 950 421 850 421 828 415 828 415 827 415 826 415 815 419 808 414 807 414 806 414 773 414 772 414 771 414 757 421 723 417 722 417 721 417 720 417 713 422 662 422 644 415 643 415 615 415 614 415 613 415 613 415 602 421 542 415 541 415 540 415 523 421 489 415 488 415 487 415 486 415 475 423 438 423 426 415 425 415 424 415 423 415 423 415 409 423 398 423 389 415 388 415 387 415 343 415 343 415 342 415 326 422 317 415 316 415 315 415 314 415 287 415 288 448"/></Shape>
            <String CONTENT="ſanctificatio, redẽptio &amp; ſalus uera, iuſtificans omnes" HPOS="287.0" VPOS="414.0" WIDTH="665.0" HEIGHT="51.0" WC="0.989197409578732"/>
          </TextLine>
          <TextLine ID="line_9" TAGREFS="LT8" BASELINE="286 492 951 489" HPOS="285.0" VPOS="456.0" WIDTH="666.0" HEIGHT="51.0">
            <Shape><Polygon POINTS="286 492 286 504 318 507 319 507 319 507 332 501 340 507 341 507 342 507 343 507 362 507 362 507 363 507 375 501 460 501 497 507 498 507 499 507 515 500 558 500 566 506 567 506 568 506 569 507 618 507 618 506 619 506 619 506 628 500 657 504 658 504 682 500 691 506 692 506 693 506 693 507 729 507 729 506 730 506 748 500 796 505 797 505 841 499 881 505 882 505 883 505 883 505 890 500 950 505 951 489 950 464 900 456 899 456 898 456 897 456 887 464 839 464 799 456 798 456 767 463 754 456 753 456 752 456 706 457 705 457 705 457 695 464 666 464 654 458 653 458 546 457 546 457 506 464 490 458 490 458 489 458 488 458 474 462 460 458 460 458 459 458 430 458 429 458 417 465 343 465 329 458 328 458 327 458 285 465 286 492"/></Shape>
            <String CONTENT="qui p eundem ſpiritũ ipſi fidunt ſoli relictis omnibus" HPOS="285.0" VPOS="456.0" WIDTH="666.0" HEIGHT="51.0" WC="0.9725951324809682"/>
          </TextLine>
          <TextLine ID="line_10" TAGREFS="LT8" BASELINE="286 535 950 535" HPOS="286.0" VPOS="502.0" WIDTH="664.0" HEIGHT="51.0">
            <Shape><Polygon POINTS="286 535 286 553 331 553 331 552 331 552 332 552 342 546 350 552 351 552 352 552 353 553 406 553 406 552 407 552 408 552 415 546 429 552 429 552 430 553 467 553 467 552 468 552 469 552 478 546 507 552 508 552 554 546 589 551 590 551 616 546 629 552 630 552 631 552 631 552 651 546 706 551 707 551 740 547 754 552 754 552 755 552 862 546 870 552 871 552 871 552 872 552 921 548 950 552 950 535 950 510 926 503 926 503 925 503 882 510 822 502 822 502 736 510 722 502 721 502 636 502 635 502 561 510 508 502 507 502 506 502 505 502 496 511 484 511 429 502 428 502 427 502 403 511 349 511 340 503 339 503 338 503 337 503 337 503 325 507 308 502 307 502 306 502 306 502 286 510 286 535"/></Shape>
            <String CONTENT="ſpebus medijs et elementis uiſibilibus externisue. Huc" HPOS="286.0" VPOS="502.0" WIDTH="664.0" HEIGHT="51.0" WC="0.9849261343479156"/>
          </TextLine>
          <TextLine ID="line_11" TAGREFS="LT8" BASELINE="283 580 952 578" HPOS="282.0" VPOS="544.0" WIDTH="670.0" HEIGHT="52.0">
            <Shape><Polygon POINTS="283 580 283 588 298 595 299 595 300 596 330 596 330 595 331 595 353 588 407 588 418 595 419 595 420 595 421 595 422 595 441 588 450 595 451 595 452 595 453 596 476 596 476 595 477 595 478 595 489 588 510 593 511 593 535 588 564 595 564 595 565 595 566 595 567 595 577 588 590 595 591 595 592 596 615 596 615 595 616 595 617 595 627 587 683 587 694 594 695 594 696 594 697 594 698 594 719 588 748 593 748 593 749 593 750 593 759 587 790 587 798 594 799 594 800 594 801 594 851 589 863 594 864 594 865 594 893 589 950 594 952 578 951 550 939 546 938 546 938 546 937 546 920 550 901 544 900 544 899 544 898 544 884 550 830 546 829 546 799 550 785 544 784 544 783 544 735 550 711 544 710 544 709 544 708 544 707 544 698 550 692 546 691 546 690 546 689 546 649 550 617 544 616 544 564 545 563 545 562 545 553 551 380 545 379 545 378 545 377 545 367 552 328 552 309 545 308 545 307 545 306 545 282 551 283 580"/></Shape>
            <String CONTENT="iã pertinẽt ſequentia ſcripturæ teſtimonia, Ro.1. Qui" HPOS="282.0" VPOS="544.0" WIDTH="670.0" HEIGHT="52.0" WC="0.9904487631537697"/>
          </TextLine>
          <TextLine ID="line_12" TAGREFS="LT8" BASELINE="283 623 951 621" HPOS="282.0" VPOS="587.0" WIDTH="669.0" HEIGHT="54.0">
            <Shape><Polygon POINTS="283 623 283 641 312 635 349 640 349 640 350 640 351 640 360 635 413 640 414 640 415 640 435 635 452 640 453 640 453 640 494 635 596 640 597 640 674 634 764 634 772 639 773 639 773 639 774 639 892 634 902 639 903 639 904 639 905 639 922 634 950 639 951 621 950 593 917 587 916 587 865 593 854 587 853 587 809 587 808 587 807 587 793 593 755 593 746 587 745 587 744 587 743 587 742 587 742 587 734 593 662 589 661 589 606 593 541 588 540 588 539 588 524 593 477 588 476 588 475 588 460 593 411 588 411 588 318 593 301 588 300 588 300 588 299 588 282 594 283 623"/></Shape>
            <String CONTENT="declaratus fuit filius dei per potentiam et ſpiritum ſan" HPOS="282.0" VPOS="587.0" WIDTH="669.0" HEIGHT="54.0" WC="0.9967779634254319"/>
          </TextLine>
          <TextLine ID="line_13" TAGREFS="LT8" BASELINE="282 666 951 664" HPOS="281.0" VPOS="632.0" WIDTH="670.0" HEIGHT="50.0">
            <Shape><Polygon POINTS="282 666 282 675 312 682 313 682 390 681 391 681 407 675 440 681 441 682 483 682 483 681 484 681 507 675 624 675 685 681 686 681 687 681 701 674 751 674 760 681 760 681 761 681 762 682 834 682 834 681 834 681 835 681 843 676 903 681 904 681 905 681 906 681 913 675 950 673 951 664 950 638 926 632 925 632 924 632 909 638 859 632 858 632 793 638 766 632 766 632 740 638 731 633 730 633 730 633 643 632 642 632 612 636 603 633 602 633 601 633 601 633 589 639 525 635 524 635 523 635 513 640 438 640 419 633 418 633 417 633 355 639 342 633 341 633 294 633 293 633 292 633 281 637 282 666"/></Shape>
            <String CONTENT="ctificationis. Item loan.1. Vidi ſpiritum, inquit Bapti¬" HPOS="281.0" VPOS="632.0" WIDTH="670.0" HEIGHT="50.0" WC="0.9951286007251058"/>
          </TextLine>
          <TextLine ID="line_14" TAGREFS="LT8" BASELINE="282 710 950 708" HPOS="282.0" VPOS="675.0" WIDTH="668.0" HEIGHT="52.0">
            <Shape><Polygon POINTS="282 710 282 727 350 722 368 727 368 727 369 727 370 727 391 721 397 726 398 726 398 726 399 726 400 726 401 726 410 721 443 721 474 727 475 727 541 727 542 727 560 720 621 720 631 727 632 727 633 727 634 727 680 720 717 726 718 726 719 726 745 719 783 719 799 726 800 726 801 726 802 726 803 726 812 719 822 726 822 726 823 726 824 727 854 727 854 726 855 726 872 719 894 726 895 726 895 726 949 720 950 708 949 682 935 675 934 675 933 675 932 675 907 682 814 682 799 675 798 675 797 675 739 681 728 675 727 675 726 675 725 675 724 675 713 682 676 678 675 678 654 682 631 676 630 676 629 676 628 676 606 682 576 676 576 676 552 680 518 676 517 676 516 676 495 683 469 678 468 678 467 678 451 683 432 677 431 677 430 677 429 677 415 683 386 677 386 677 282 680 282 710"/></Shape>
            <String CONTENT="ſta, deſcendentem ſpecie columbæ de cœlo &amp; manſit" HPOS="282.0" VPOS="675.0" WIDTH="668.0" HEIGHT="52.0" WC="0.9878558443517101"/>
          </TextLine>
          <TextLine ID="line_15" TAGREFS="LT8" BASELINE="282 754 949 751" HPOS="282.0" VPOS="721.0" WIDTH="667.0" HEIGHT="50.0">
            <Shape><Polygon POINTS="282 754 282 771 338 770 339 770 351 764 400 764 408 770 409 770 410 770 411 771 429 771 429 770 430 770 441 765 500 770 501 770 550 763 722 763 735 769 736 769 736 769 948 763 949 751 947 727 922 722 921 722 920 722 905 727 898 721 897 721 896 721 828 721 828 721 827 721 815 727 794 721 793 721 792 721 752 721 751 721 738 727 705 723 704 723 703 723 693 727 652 723 651 723 613 728 507 724 506 724 505 724 504 724 497 728 451 725 450 725 449 725 438 729 352 728 346 723 345 723 344 723 343 723 282 726 282 754"/></Shape>
            <String CONTENT="ſuper eum, &amp; ego non noueram eum, ſed qui miſit me" HPOS="282.0" VPOS="721.0" WIDTH="667.0" HEIGHT="50.0" WC="0.9932066750526428"/>
          </TextLine>
          <TextLine ID="line_16" TAGREFS="LT8" BASELINE="281 797 949 795" HPOS="280.0" VPOS="763.0" WIDTH="669.0" HEIGHT="50.0">
            <Shape><Polygon POINTS="281 797 281 805 301 812 302 812 303 812 304 812 315 806 324 813 325 813 325 813 326 813 357 813 357 813 358 813 359 813 370 806 392 813 392 813 393 813 429 807 468 813 469 813 470 813 483 806 505 813 506 813 507 813 508 813 524 806 567 810 568 810 569 810 582 806 621 809 622 809 623 809 624 809 631 805 662 809 663 809 664 809 675 806 689 811 690 811 691 811 692 811 710 807 720 812 721 812 722 813 754 813 754 812 754 812 765 807 776 812 777 812 778 812 821 807 827 812 828 812 828 812 829 813 879 813 879 812 949 803 949 795 947 768 876 763 875 763 847 769 724 764 723 764 696 769 688 763 687 763 687 763 656 763 655 763 654 763 634 769 615 763 614 763 613 763 558 770 545 764 544 764 543 764 513 770 349 770 321 764 320 764 280 770 281 797"/></Shape>
            <String CONTENT="ut baptizarem aqua is dixit mihi, Super quem uideris" HPOS="280.0" VPOS="763.0" WIDTH="669.0" HEIGHT="50.0" WC="0.99258725803632"/>
          </TextLine>
          <TextLine ID="line_17" TAGREFS="LT8" BASELINE="282 841 948 837" HPOS="281.0" VPOS="805.0" WIDTH="667.0" HEIGHT="53.0">
            <Shape><Polygon POINTS="282 841 282 858 304 857 305 857 306 857 315 851 429 857 430 857 431 857 453 850 552 850 564 856 564 856 565 856 566 856 583 851 604 856 605 856 606 856 640 849 650 856 650 856 651 856 652 856 653 856 671 849 769 856 770 856 828 849 834 854 835 854 836 854 837 854 838 854 848 849 915 855 916 855 948 847 948 837 946 809 910 806 909 806 865 813 844 805 843 805 842 805 841 805 840 805 829 813 765 806 764 806 763 806 762 806 748 813 658 810 657 810 600 814 592 809 591 809 590 809 589 809 588 809 588 809 581 815 560 815 546 807 546 807 545 807 544 807 506 813 489 807 488 807 487 807 486 807 485 807 478 813 447 807 447 807 361 815 349 807 348 807 347 807 346 807 281 807 282 841"/></Shape>
            <String CONTENT="ſpiritum deſcendentem ac manentem ſuper eum, hie" HPOS="281.0" VPOS="805.0" WIDTH="667.0" HEIGHT="53.0" WC="0.9938518951336542"/>
          </TextLine>
          <TextLine ID="line_18" TAGREFS="LT8" BASELINE="282 884 947 881" HPOS="281.0" VPOS="849.0" WIDTH="666.0" HEIGHT="51.0">
            <Shape><Polygon POINTS="282 884 282 892 317 899 318 900 348 900 348 899 349 899 349 899 359 892 390 899 391 900 422 900 422 899 423 899 442 892 455 897 456 897 457 897 480 892 489 899 490 899 490 899 491 899 523 898 524 898 525 898 537 892 556 892 568 898 569 898 570 898 570 898 613 892 668 892 683 898 684 898 685 899 723 899 723 898 724 898 725 898 735 891 788 891 828 898 829 898 830 898 831 898 840 892 851 898 852 898 852 898 946 892 947 881 945 856 900 856 888 849 887 849 886 849 885 849 870 853 854 849 853 849 852 849 852 849 840 855 773 849 772 849 771 849 760 856 723 856 703 856 694 849 693 849 693 849 692 849 650 856 637 849 636 849 635 849 615 854 600 849 599 849 503 849 503 849 502 849 501 849 490 856 476 852 475 852 474 852 406 856 390 850 389 850 388 850 343 856 308 850 307 850 306 850 281 857 282 884"/></Shape>
            <String CONTENT="est qui baptizat ſpiritu ſancto. Et ego uidi &amp; teſtatus" HPOS="281.0" VPOS="849.0" WIDTH="666.0" HEIGHT="51.0" WC="0.9831868204203519"/>
          </TextLine>
          <TextLine ID="line_19" TAGREFS="LT8" BASELINE="282 929 947 924" HPOS="281.0" VPOS="891.0" WIDTH="666.0" HEIGHT="56.0">
            <Shape><Polygon POINTS="282 929 282 947 319 940 348 945 349 945 349 945 350 945 357 939 399 939 421 945 422 945 423 946 470 946 470 945 503 938 527 943 528 943 529 943 552 938 585 944 586 944 587 944 599 938 643 937 656 943 656 943 657 943 658 943 667 939 722 943 723 943 723 943 736 937 752 942 753 942 754 942 782 937 834 942 835 942 911 941 946 935 947 924 944 899 831 899 809 891 808 891 807 891 806 891 786 898 753 892 752 892 751 892 750 892 741 899 726 894 725 894 724 894 693 901 644 901 636 894 635 894 634 894 633 894 601 898 590 892 589 892 553 892 552 892 552 892 532 899 518 893 517 893 429 893 429 893 428 893 410 903 391 903 345 894 344 894 343 894 343 894 329 903 316 894 315 894 314 894 313 894 281 894 282 929"/></Shape>
            <String CONTENT="ſum hunc eſſe filium dei. Huc pertinet poſtrema pars" HPOS="281.0" VPOS="891.0" WIDTH="666.0" HEIGHT="56.0" WC="0.9721581511772596"/>
          </TextLine>
          <TextLine ID="line_20" TAGREFS="LT8" BASELINE="282 973 451 969 947 969" HPOS="281.0" VPOS="938.0" WIDTH="666.0" HEIGHT="48.0">
            <Shape><Polygon POINTS="282 973 282 985 303 981 350 985 351 985 352 985 368 979 393 985 394 986 415 986 415 985 416 985 417 985 426 979 485 985 486 985 517 979 544 984 545 984 546 984 546 984 552 979 582 983 582 983 619 978 632 984 633 984 634 985 748 985 748 984 748 984 765 978 848 978 854 984 855 984 856 984 857 984 946 978 947 969 945 945 926 945 917 938 916 938 915 938 914 938 875 946 812 946 785 938 785 938 784 938 783 938 782 938 773 946 760 946 751 938 750 938 749 938 748 938 703 944 698 940 697 940 696 940 649 938 648 938 604 946 564 940 563 940 533 946 509 939 508 939 507 939 476 946 446 939 423 939 423 939 422 939 421 939 414 944 358 939 357 939 356 939 335 946 281 947 282 973"/></Shape>
            <String CONTENT="3. capitis ad Rom. Præterea teſtatur ſpiritus omnium" HPOS="281.0" VPOS="938.0" WIDTH="666.0" HEIGHT="48.0" WC="0.9859070479869843"/>
          </TextLine>
          <TextLine ID="line_21" TAGREFS="LT8" BASELINE="281 1014 947 1012" HPOS="280.0" VPOS="978.0" WIDTH="667.0" HEIGHT="53.0">
            <Shape><Polygon POINTS="281 1014 281 1031 337 1029 338 1029 354 1023 439 1030 440 1031 531 1031 531 1030 532 1030 558 1023 592 1023 601 1030 602 1030 603 1030 604 1030 671 1024 717 1029 717 1029 718 1029 736 1022 760 1027 761 1027 762 1027 772 1022 824 1022 840 1029 841 1029 842 1030 896 1030 896 1029 897 1029 898 1029 908 1022 945 1027 947 1012 945 986 826 986 812 978 811 978 810 978 809 978 809 978 808 978 796 985 731 978 730 978 675 985 641 985 631 978 630 978 629 978 628 978 588 983 578 978 577 978 576 978 576 978 561 986 545 978 544 978 521 978 520 978 519 978 518 978 508 987 480 987 462 978 461 978 460 978 433 984 417 978 416 978 415 978 414 978 399 985 388 980 387 980 386 980 386 980 364 986 326 978 325 978 280 984 281 1014"/></Shape>
            <String CONTENT="ſanctorum Ieſum eſſe Chriſtum &amp; filium dei, agnum" HPOS="280.0" VPOS="978.0" WIDTH="667.0" HEIGHT="53.0" WC="0.9995507257325309"/>
          </TextLine>
          <TextLine ID="line_22" TAGREFS="LT8" BASELINE="281 1057 946 1054" HPOS="280.0" VPOS="1025.0" WIDTH="666.0" HEIGHT="47.0">
            <Shape><Polygon POINTS="281 1057 281 1068 435 1072 435 1072 436 1072 447 1067 472 1071 473 1071 553 1067 571 1071 572 1071 573 1071 574 1071 575 1071 582 1067 650 1070 651 1070 652 1070 653 1070 659 1065 791 1065 826 1070 827 1070 828 1070 840 1065 919 1065 928 1070 929 1070 930 1070 931 1070 946 1064 946 1054 944 1025 890 1033 852 1033 842 1025 841 1025 840 1025 822 1025 822 1025 821 1025 820 1025 811 1032 795 1028 794 1028 793 1028 778 1033 649 1033 541 1027 540 1027 539 1027 539 1027 528 1033 500 1033 473 1027 472 1027 472 1027 471 1027 446 1034 431 1027 430 1027 392 1027 392 1027 391 1027 380 1033 351 1029 350 1029 280 1035 281 1057"/></Shape>
            <String CONTENT="inquam illum dei qui tollit peccatum mundi. Innuit" HPOS="280.0" VPOS="1025.0" WIDTH="666.0" HEIGHT="47.0" WC="0.9949266457557678"/>
          </TextLine>
          <TextLine ID="line_23" TAGREFS="LT8" BASELINE="282 1100 948 1100" HPOS="282.0" VPOS="1068.0" WIDTH="666.0" HEIGHT="45.0">
            <Shape><Polygon POINTS="282 1100 282 1108 290 1112 291 1112 292 1112 366 1108 401 1112 402 1112 446 1108 493 1108 500 1112 501 1112 502 1112 503 1113 561 1113 561 1112 562 1112 563 1112 569 1108 601 1112 602 1112 603 1112 613 1108 947 1112 948 1100 947 1071 916 1074 903 1068 902 1068 841 1068 840 1068 840 1068 824 1075 720 1075 705 1069 705 1069 704 1069 668 1073 649 1068 648 1068 647 1068 646 1068 645 1068 637 1074 630 1068 629 1068 628 1068 607 1068 607 1068 606 1068 605 1068 597 1074 535 1070 534 1070 533 1070 533 1070 527 1075 487 1075 479 1068 478 1068 478 1068 444 1068 443 1068 442 1068 441 1068 433 1075 408 1075 383 1068 382 1068 337 1068 336 1068 335 1068 334 1068 325 1075 282 1075 282 1100"/></Shape>
            <String CONTENT="item hic Pault locus uerum dei cultum ueram iuſtitiam" HPOS="282.0" VPOS="1068.0" WIDTH="666.0" HEIGHT="45.0" WC="0.9903925657272339"/>
          </TextLine>
          <TextLine ID="line_24" TAGREFS="LT8" BASELINE="281 1144 940 1142" HPOS="280.0" VPOS="1109.0" WIDTH="660.0" HEIGHT="51.0">
            <Shape><Polygon POINTS="281 1144 281 1155 330 1159 331 1159 331 1159 332 1159 338 1155 489 1155 506 1159 507 1159 508 1159 551 1154 590 1159 591 1159 674 1154 682 1159 683 1159 684 1159 685 1160 720 1160 720 1159 770 1154 834 1158 835 1158 836 1158 854 1153 922 1157 923 1157 924 1157 940 1152 940 1142 938 1117 882 1117 869 1109 868 1109 867 1109 866 1109 803 1114 787 1109 786 1109 721 1109 720 1109 673 1110 672 1110 671 1110 659 1118 621 1113 620 1113 566 1118 532 1112 531 1112 530 1112 529 1112 520 1118 496 1118 473 1111 472 1111 472 1111 471 1111 470 1111 460 1119 431 1119 404 1111 403 1111 402 1111 401 1111 387 1118 360 1118 343 1111 342 1111 341 1111 340 1111 317 1119 280 1119 281 1144"/></Shape>
            <String CONTENT="non in rebus externis &amp; carnalibus, ſed in ſpiritu &amp;" HPOS="280.0" VPOS="1109.0" WIDTH="660.0" HEIGHT="51.0" WC="0.9778882884062253"/>
          </TextLine>
          <TextLine ID="line_25" TAGREFS="LT8" BASELINE="282 1188 946 1186" HPOS="281.0" VPOS="1152.0" WIDTH="665.0" HEIGHT="52.0">
            <Shape><Polygon POINTS="282 1188 282 1204 357 1196 377 1202 378 1202 420 1203 421 1203 422 1203 437 1196 503 1195 527 1195 539 1202 539 1202 540 1202 541 1202 756 1194 773 1199 774 1199 775 1199 776 1199 794 1194 812 1201 813 1201 814 1201 845 1195 856 1199 857 1199 858 1199 858 1199 867 1196 944 1200 946 1186 944 1160 909 1160 895 1152 895 1152 894 1152 871 1152 871 1152 870 1152 854 1161 806 1161 788 1152 787 1152 786 1152 723 1161 674 1161 659 1153 658 1153 657 1153 656 1153 633 1160 613 1153 612 1153 611 1153 610 1153 595 1161 533 1161 514 1153 513 1153 512 1153 445 1161 426 1154 425 1154 383 1154 382 1154 381 1154 361 1162 334 1162 319 1154 318 1154 317 1154 281 1156 282 1188"/></Shape>
            <String CONTENT="fide conſiſtere. In his ergo duobus membris quod deus" HPOS="281.0" VPOS="1152.0" WIDTH="665.0" HEIGHT="52.0" WC="0.9804262563867389"/>
          </TextLine>
          <TextLine ID="line_26" TAGREFS="LT8" BASELINE="282 1232 940 1229" HPOS="281.0" VPOS="1194.0" WIDTH="659.0" HEIGHT="54.0">
            <Shape><Polygon POINTS="282 1232 283 1247 288 1243 299 1248 300 1248 300 1248 301 1248 319 1241 338 1248 339 1248 340 1248 341 1248 355 1244 380 1248 381 1248 382 1248 410 1241 428 1247 429 1247 429 1247 430 1247 447 1240 497 1240 533 1247 609 1247 610 1247 611 1247 633 1239 670 1239 681 1247 682 1247 683 1247 684 1247 737 1247 737 1247 738 1247 751 1240 791 1243 792 1243 793 1243 803 1238 816 1242 817 1242 818 1242 819 1242 828 1239 837 1246 838 1246 839 1246 840 1247 866 1247 866 1246 867 1246 891 1238 938 1246 940 1229 938 1202 901 1194 900 1194 899 1194 898 1194 889 1201 878 1194 877 1194 877 1194 876 1194 831 1201 815 1196 815 1196 814 1196 813 1196 801 1201 767 1198 766 1198 766 1198 765 1198 759 1202 743 1195 742 1195 742 1195 741 1195 721 1201 664 1195 663 1195 662 1195 662 1195 653 1202 616 1198 615 1198 591 1204 518 1204 468 1196 467 1196 466 1196 441 1204 341 1197 340 1197 339 1197 325 1204 281 1204 282 1232"/></Shape>
            <String CONTENT="manifeſtatus est in carne, quod iuftificatus in ſpiritu," HPOS="281.0" VPOS="1194.0" WIDTH="659.0" HEIGHT="54.0" WC="0.9909713406647954"/>
          </TextLine>
          <TextLine ID="line_27" TAGREFS="LT8" BASELINE="282 1275 944 1272" HPOS="281.0" VPOS="1239.0" WIDTH="663.0" HEIGHT="69.0">
            <Shape><Polygon POINTS="282 1275 282 1308 310 1300 355 1308 355 1308 356 1308 357 1308 375 1296 409 1302 410 1302 411 1302 427 1295 447 1296 463 1308 464 1308 465 1308 466 1308 499 1300 509 1307 510 1307 511 1307 512 1308 650 1308 650 1307 651 1307 652 1307 667 1297 688 1307 689 1307 690 1307 691 1307 723 1296 733 1300 734 1300 735 1300 736 1300 754 1293 822 1293 846 1303 847 1303 848 1303 849 1303 880 1295 886 1299 887 1299 888 1299 889 1299 889 1299 901 1294 944 1298 944 1272 943 1243 891 1239 890 1239 889 1239 872 1247 849 1242 848 1242 809 1247 789 1240 788 1240 787 1240 786 1240 763 1246 749 1239 748 1239 748 1239 747 1239 720 1248 648 1248 638 1241 638 1241 637 1241 636 1241 607 1245 593 1240 592 1240 546 1240 545 1240 497 1247 446 1241 445 1241 444 1241 423 1249 354 1249 340 1241 339 1241 338 1241 306 1241 305 1241 304 1241 281 1249 282 1275"/></Shape>
            <String CONTENT="cõtmnetur totũ pietatis Chriſtianæ myſterium, in ijſdẽ" HPOS="281.0" VPOS="1239.0" WIDTH="663.0" HEIGHT="69.0" WC="0.9585621837984052"/>
          </TextLine>
        </TextBlock>
        <TextBlock HPOS="883.0" VPOS="1294.0" WIDTH="61.0" HEIGHT="34.0" ID="block_3" TAGREFS="BT17">
          <Shape><Polygon POINTS="883 1294 944 1294 944 1328 883 1328 883 1294"/></Shape>
          <TextLine ID="line_28" TAGREFS="LT8" BASELINE="884 1318 945 1318" HPOS="884.0" VPOS="1291.0" WIDTH="61.0" HEIGHT="49.0">
            <Shape><Polygon POINTS="936 1294 927 1294 919 1294 910 1294 901 1294 893 1294 884 1294 884 1318 884 1333 920 1340 921 1340 922 1340 945 1331 945 1318 945 1291 937 1291 936 1294"/></Shape>
            <String CONTENT="non" HPOS="884.0" VPOS="1291.0" WIDTH="61.0" HEIGHT="49.0" WC="0.9999677737553915"/>
          </TextLine>
        </TextBlock>
      </PrintSpace>
    </Page>
  </Layout>
</alto>
