1000 1547
360.0 115.0 488.0 40.0 COMMENT. IN I. EPIST.

283.0 168.0 456.0 50.0 hæc functio delegata est in eccleſia.

348.0 214.0 601.0 66.0 Ne poſthac bibas aquam, ſed

285.0 272.0 662.0 59.0 uino paululo utere propter ſtomaᛘ

285.0 322.0 662.0 62.0 chum tuum & crebras tuas infir¬

290.0 387.0 175.0 50.0 mitates.

334.0 436.0 615.0 47.0 Cohæret hoc præceptum cum ſuperioribus quod

283.0 472.0 663.0 56.0 in his meminiſſet puritatis, deinde præcepiſſet ut ſibi

288.0 518.0 659.0 52.0 ab alienis caueret peccatis, nunc ergo præcipit de u¬

288.0 561.0 661.0 54.0 ſu uini ne ſe nimia conficeret abſtinentia, hoc est ne pu

288.0 602.0 661.0 57.0 taret ſe puritati ſtudere, interim uero ſeſe propria pe

288.0 647.0 662.0 54.0 rimeret culpa. Nam crimen & infamiam homicidij la

288.0 689.0 664.0 56.0 trocinij́ ſubterfugere ac declinare non poteſt quiſ¬

290.0 734.0 662.0 53.0 quis nimia inedia aut nimio corporis neglectu ſe con¬

293.0 775.0 657.0 56.0 ficit & officijs pietatis ante tempus inutilem reddit.

291.0 819.0 660.0 56.0 Huc refero immoderata ſtudia, uigilias nimias, labo¬

290.0 864.0 660.0 55.0 res ultra uires ſuſceptos, & quæcun alia huius gene

292.0 905.0 660.0 55.0 ris ſunt. Prudenter enim deus ( quod ait Ambro.) ſibi

293.0 947.0 658.0 58.0 ſeruiri uult, non ut ſerui eius nimietate ſua debiles fi¬

292.0 995.0 660.0 53.0 ant & poſtea medicorum ſuffragia requirant. Tem¬

294.0 1034.0 658.0 59.0 perandum est enim ut ſi fieri poteſt cœptum obſequi

294.0 1078.0 660.0 57.0 um gradatim prouehatur quàm per incõſiderantiam

294.0 1123.0 661.0 54.0 minuatur. Intemperantia ipſam animam inquietam fa£

294.0 1165.0 662.0 55.0 cit ut cum de infirmitate ſollicita est non tantum dedi

296.0 1209.0 661.0 56.0 ta ſit diuinis ſeruitijs. Peccant ergo grauiter quotquot

297.0 1251.0 658.0 63.0 abſtinentia nimia & laboribus inexhauſtis uires ani¬

871.0 1304.0 79.0 47.0 mi&

153.0 428.0 125.0 33.0 Abſtinẽtia

155.0 458.0 130.0 36.0 epiſcopum

157.0 485.0 112.0 30.0 decet ſed

157.0 510.0 127.0 47.0 non nimia.
