1000 1547
287 141 665 55 diuerſam ſequitur doctrinam &

286 199 666 55 non accedit ſanis ſermonibus do¬

288 250 664 61 mini noſtri leſu Chriſti & ei quæ

288 305 662 57 ſecundum pietatem eſt doctrinæ,

286 358 668 58 is inflatus eſt, nihil ſciens, ſed inſa¬

287 411 665 63 niens circa quæſtiones & diſputaᛘ

288 471 334 58 tionum pugnas.

335 95 482 45 COMMENT, IN I. EPIST.

152 520 137 56 In diſputa¬

152 567 128 36 tores & de

153 591 127 36 ctrinæ di¬

155 619 117 43 uerſæ do¬

155 648 87 47 ctores.

331 535 622 46 Colligit ſummam rei & infert nune quod potißi¬

292 574 658 56 mum hac epiſtola intendit, ut epiſcopus eccleſijs ſa¬

283 621 668 52 nam doctrinam tradat. Hæc, inquit, quæ præſcripſi

286 666 667 49 hic & docui alibi doceto fideliter, ad ea hominum a¬

284 709 671 50 nimos exhortato & exerceto. Verum obijcit hic ali¬

284 752 666 49 quis, Atqui nolẽt multi hoc doctrinæ genus, uolent a¬

282 793 669 52 liud ſibi tradi, adeoq́ ipſimet aliud docebunt. Hic er¬

285 837 665 54 go apoſtolus, Si quis, inquit, diuerſam ſequitur doctri¬

282 882 668 49 nam & c. Perſtringit autem ueritatis & ſimplicita¬

282 924 667 51 tis Chriſtianæ aduerſarios ac corruptores, docẽs ipſos

282 969 665 47 omni modo fugiendos eſſe. Duo uero in his præcipue

282 1011 667 52 accuſat, ſtudium conflictandi & cumulandi opum ſi¬

281 1057 666 49 ue quæſtus. Quæ quidem epiſcoporum præcipue pe¬

281 1097 667 51 ſtes ſunt, quamobrem à Paulo in præſenti ſuis planè

280 1142 668 49 coloribus diſtinguuntur. Si quis inquit, ἐτεροδιιδα¬

282 1186 664 49 σκαλe͂, id est uel diuerſa docet uel diuerſam ſeqtur

282 1227 666 61 doctrinam, & non accedit ſanis ſermonibus donini

863 1271 85 60 noſtri
