1000 1547
399.0 99.0 470.0 42.0 COMMENT, IN I. EPIST.

289.0 152.0 675.0 49.0 qui opes & facultates omnes recte & cum iudicio di

298.0 192.0 662.0 50.0 ſpenſet. Nulla enim familia nulla domus ſine opum &

295.0 234.0 669.0 53.0 facultatũ uſu et diſpenſatione ſuſtentari adminiſtrari

297.0 282.0 667.0 48.0 ue poteſt. Id quod ppter eos moneo qbus ſubinde in o¬

297.0 322.0 664.0 50.0 re eſt uerbi miniſtros leberide nudiores eſſe debere,

296.0 364.0 667.0 53.0 at ideo hũc Pauli locũ non de opũ iuſta et frugali di

300.0 409.0 661.0 51.0 ſpẽſatione, ſed de liberis exponũt, ut Paulus per ipſam

294.0 451.0 669.0 53.0 domũ intellexerit liberos, quod quidẽ ut nõ infrequẽs

294.0 498.0 668.0 46.0 est ita nemo negare poteſt ad liberorum educationem

292.0 538.0 667.0 56.0 alimoniam et curam facultates quo neceſſarias eſſe.

292.0 586.0 665.0 46.0 Pertinent igitur ad rem domeſticam curandam pecu¬

294.0 629.0 656.0 48.0 nia, commutatio, locatio, contractus, emptio, uẽditio,

295.0 671.0 665.0 50.0 & ſi quæ alia ſunt rei familiaris. In his requirit apo¬

291.0 712.0 664.0 52.0 ſtolus hominem frugi & ſanctum, non prodigum &

292.0 758.0 665.0 47.0 qui rerum ſuarum nullum habeat penſum. Et expe¬

291.0 801.0 667.0 46.0 rientia magiſtra didicimus huiuſmodi decoctores mi¬

291.0 843.0 668.0 51.0 niſterio ſancto non ſemel maculas ignominiæ altißimas

291.0 886.0 666.0 53.0 inußiſſe. Idcirco Paulus frugi hominẽ deſignat. Vnde

290.0 931.0 664.0 50.0 cõſequitur quod minime anxia diffidens et peruerſa,

291.0 973.0 666.0 54.0 ſed ſyncera ſancta iuſta́ rei familiaris cura epiſcopũ

288.0 1018.0 669.0 49.0 ornat, neglectus uel auaritia defœdat. Deinde requiri

287.0 1061.0 670.0 48.0 tur ut epiſcopus liberos habeat obedientes et reueren

288.0 1106.0 667.0 48.0 tes, qui pudore ingenuo moribus́ compoſitis pietate

289.0 1147.0 668.0 50.0 ſingulari educationem patris ſanctam comprobent a¬

289.0 1191.0 668.0 50.0 lijs, ijs́ exemplum uitæ præferant melioris. Et liberi

290.0 1235.0 666.0 59.0 quidem parentũ uiua ſunt ſimulachra, in quibus ple¬

863.0 1289.0 88.0 49.0 rum
