1000 1547
20 159 665 44 reijciendis iunioribus uiduis matrimonio́ ſubiugan¬

20 194 667 53 dis uideri poterat alicui nimis ſeuerum, ſub finem ap¬

20 239 665 53 pendit præcepti ſui rationem ſiue defenſionem com¬

22 281 666 54 prehenſam parcißimis hiſce uerbis, Iam enim nonnul

20 329 667 48 læ deflexerunt ſequutæ Sathanam. Argumentatur e¬

20 372 667 49 nim ab exemplo & ait, Non temere præcipio iunio¬

20 415 668 49 res reijcere uiduas. Iam enim quarundam perfidia do

20 454 669 55 cuit quid ipſis fidamus, nihil plane. Nam ſemel ſuſce¬

22 501 669 54 ptæ in curam eccleſiæ mox at otij ſenſere blandimen

20 544 670 52 ta ſimul & laſciuire cœperunt, & ruptis pudicitiæ

18 587 675 54 uinculis ſcortari quo, circumcurſitare, curioſe age¬

20 632 672 52 re, cornicari, calumniari, breuiter ſathanam imitari

22 675 670 52 exintegro. Iſta porrò non fient cum maximo eccleſiæ

22 720 665 50 & religionis detrimento, ſi retineantur in officio &

22 763 671 53 coniugio ſancto ea́ ratione abarceantur ab otio à

20 807 668 55 hypocriſi & ſanctimonia ſiue caſtitate ficta. Hæc per

23 852 406 52 omnia quadrant & monaſticis.

194 103 344 45 AD TIM. CAP. V.

619 107 54 51 155

94 914 601 63 Quod ſi quis fidelis aut ſi qua

24 966 669 67 fidelis habet uiduas, ſuppeditet il¬

24 1026 669 56 lis & non oneretur eccleſia, ut his

28 1078 621 61 quæ ueræ uiduæ ſunt ſuppetat.

67 1160 633 51 Verum opponit hic aliquis, Tantæ uero opes quan

26 1201 676 52 tæ uiduæ meæ uel ad uitam ſuſtent andam uel maritum

28 1245 668 63 aliquem conciliandum ſufficerent non ſuppetunt, ic¬

488 1300 18 39 u

547 1334 18 1 3
