1000 1547
372.0 108.0 481.0 43.0 COMMENT. IN. I. EPIST.

298.0 159.0 662.0 48.0 in conſpectum cuncta uiuificantis dei producit, eius́

294.0 201.0 669.0 53.0 pfeßionis meminit quam dominus noſter fecit ſub Pon

296.0 246.0 664.0 49.0 tio Pilato, hoc est commonet ipſum paßionis & mor

295.0 292.0 666.0 46.0 tis dominieæ, quam interim prodere uidetur quisquis

296.0 335.0 666.0 50.0 hæc inſtituta uel negligit uel relinquit. His addit ſpem

297.0 379.0 665.0 47.0 & amplißimum ſanctorum præmium. In apparitio¬

295.0 420.0 668.0 50.0 ne enim domini noſtri leſu Chriſtt rependet dominus

295.0 465.0 668.0 48.0 unicui ſecundum facta ſua. Per apparitionem uero

295.0 506.0 669.0 50.0 domini intelligimus uel fatalem cuiusuis hominis di¬

295.0 550.0 668.0 49.0 em, uel iudicium illud extremum quo omnis caro iu¬

298.0 592.0 661.0 49.0 dicabitur. Hie interim obiter deſcribit gloriam &

296.0 635.0 666.0 50.0 maieſtatem æterni numinis, in hoc ut ſibi metueret &

299.0 683.0 663.0 45.0 principi tanto adhæreret fidelius, & de auxilio &

298.0 723.0 669.0 53.0 pollicitationibus eius minus dubitaret quisquis ei ſer¬

297.0 767.0 670.0 49.0 uit. Porrò non est quod hic quis à me prolixiorem

296.0 809.0 671.0 53.0 expectet diſputationem de eo quomodo pater ſolus

299.0 854.0 669.0 50.0 beatus ſit & immortalitatem habeat, aut quomodo

297.0 897.0 669.0 49.0 lucemis habitet inaceſſam inuiſibilis, quem nemo ui¬

297.0 941.0 670.0 50.0 derit hominum imò ne uidere quidem poßit. Iſta e¬

297.0 983.0 670.0 51.0 nim doctißime explicata ſunt à ſanctis patribus Au¬

300.0 1027.0 667.0 50.0 guſt. imprimis in lib. de Trinit. dei, item ab Ambro¬

300.0 1073.0 666.0 45.0 ſio contra Arrianos, & à Tertull. contra Praxeam.

300.0 1114.0 666.0 48.0 Id uero huc maxime mihi pertinere uidetur quod in

300.0 1154.0 663.0 52.0 hæc Pauli uerba ſcripſit Ambroſius, Non ſollicitus,

302.0 1202.0 669.0 49.0 inquit, de cura Timothei tam circumſpectus est, ſed

306.0 1243.0 662.0 59.0 propter ſucceſſores eius ut exemplo Timothei eccle¬

920.0 1291.0 47.0 49.0 ſiæ
