1000 1547
308 143 665 49 intenta est uanis, ſed ſerijs pijs & ſanctis, hoc ect, quæ

307 183 667 53 inſtar Annæ (cuius in2. cap. euangel. hiſto. meminit Lu

308 226 664 53 cas) noctes at dies impendit precibus ſacris ſedula aſ

307 269 668 53 ſidua́ est in omnibus officijs pietatis. Hic uero ora¬

306 313 669 51 tionis filum nonnihil interrumpens connectit ueræ ui

307 358 668 51 duæ, fucatæ exemplum ſiue notationem. Quæ uero in

320 402 656 52 delitijs uerſatur, inquit, eauiuens mortua est. Sunt e¬

306 446 668 49 nim uiduæ quæ pietatem prætexentes nihil quàm de¬

305 489 670 49 litias otium & licentiam carnis quærunt, nempe ut

305 528 669 57 hac ratione ſubterfugiãt moleſtias quas uberrime pro

305 575 670 52 fundit liberorum educatío & maiorum nutritio, ut

304 619 669 55 ſubducant ſe à cura domeſtica & mariti imperio, ut́

305 665 670 48 libere & ſine ullius magiſterio quod lubet uel faciant

304 706 672 51 uel omittant. At tales, inquit apoſtolus, uiuentes mor¬

306 746 669 55 tuæ ſunt, Ne enim uiuere exiſtimandi ſunt homines

306 795 670 49 qui carni non Deo uiuunt, cum extra pietatem non ſit

305 837 670 55 uita. De huiuſmodi mortuis loquutus in euangelio do

306 882 668 50 minus ad adoleſcentem quendam petentem ut ad ſuos

307 926 668 49 redire & funera parentum curare liceret, dixit, Sine

308 969 667 49 ut mortui ſepeliant mortuos ſuos, tu uero ſequere me.

308 1009 668 55 Sed & apudgentes ſunt prouerbia quæ plurimum

308 1055 667 53 huc faciunt. Sophocles enim prouerbiali figura dixit

308 1098 462 55 in Antigone, ut est in in Chiliadibus,

310 1143 213 49 oὺ τίθεμε ἐγὼ

310 1184 667 62 Σιῷ τοῦτορ, ἀλλἔα τυχομ ἠγοῦμααι νεκρόμ, id

309 1233 283 54 est, Hunc ego uiuere

384 91 491 41 COMMENT. IN I. EPIST.

181 402 110 49 Viduæ fu

177 431 69 37 catæ.

175 848 120 61 Matth.8.

901 1277 80 58 Haud
