1000 1547
20 146 676 50 loquitur de ijs quibus obtigere domini infideles. Hi in

22 185 671 54 quit, τούσἰδείους δεσπόταρ, id est proprios illos

21 229 670 57 dominos ſuos non ideo contẽnant quia infideles ſunt,

23 275 670 50 ſed omni honore dignos ducant, hoc est ament & re¬

19 320 673 52 uereantur & quæcun ipſis debent officia præſtent

22 360 671 53 fidelißime. Addit ſtimulum, Ne nomen & doctrina

19 405 668 53 dei male audiat. Siquidem non poterit non Chriſti &

20 450 673 51 nomen & doctrina apud Gentes fieri infamis & inui

20 491 673 53 dioſa ſi conſpexerint uos per illã planè mutatos nunc

20 537 673 54 procaciores incommodiores minus́ fidos eſſe factos

20 581 669 51 quàm eratis priusquàm nomen Chriſti profiteremini.

19 625 674 50 Nil planè nouum ſi aßidue querantur doctrinam quã

18 669 676 52 uocant nouam ſeditionis eſſe ſeminarium. Oportet i¬

19 715 672 48 gitur per omnia ita nos erga ethnicos gerere ut ſenti¬

18 755 675 52 ant per religionem factos eſſe commodiores iuſtiores

20 801 673 52 & officioſiores. At hac ratione ſi qua alia pertrahe

18 844 675 51 mus iſtos in religionem noſtram, cum morum aſperi¬

20 890 672 49 tate & conuitijs illos tam à nobis quàm à religione

20 932 662 52 prorſum alienemus. Deinde hoc ipſum præſcribit e¬

19 977 673 50 tiam Seruis ijs qui dominos nacti ſunt Chriſtianos.

23 1018 667 53 Qui uero fideles id est Chriſtianos habent dominos,

20 1066 676 49 inquit, non ideo contemnaut quod fratres facti ſunt

19 1107 678 52 hoc est quia fidem receperunt & in conſortium uene

19 1150 680 50 re fidelium. Tamet ſi enim fides Chriſtiana quod inte¬

19 1195 680 48 riorem attinet hominem omnes æquet, in Chriſto enim

19 1238 674 58 Ieſu nõ est maſculus aut fœmina, dominus aut ſeruus,

209 94 370 45 AD TIM. CAP. VI.

621 85 55 64 163

695 926 132 35 Serui Chri

695 958 130 54 ſtianorum.

484 1297 25 39 x

543 1298 28 50 3
