1000 1547
289.0 154.0 661.0 48.0 omnia, nimium́ frena conuiciatricis linguæ laxan¬

288.0 192.0 662.0 54.0 tes reorum animos tam à ſe quàm à uero prorſus alie

288.0 238.0 663.0 50.0 nant & repellunt, idem illi alios quo puſilanimita¬

288.0 281.0 657.0 52.0 tis at perfidiæ damnãt qui non pari improbitate &

287.0 323.0 664.0 53.0 ſeuitia utũtur in obiurgando. Cæterũ Paulus iubet e¬

288.0 366.0 662.0 56.0 piſcopum μηι πλήκτηpeſſe. Nam uult eũ abhorrere

286.0 411.0 664.0 51.0 à contentione & ſæuitia ne uideatur odio non amore

286.0 455.0 663.0 52.0 facere quod facit. Interim tamen ad ſcelera facineroſo

285.0 499.0 667.0 51.0 rum conniuere iſtum nolumus, ita nec crimina extenu

286.0 542.0 662.0 52.0 are ſed intrepide & ſancta cum moderatione argue¬

291.0 584.0 657.0 58.0 re et obiurgare iubemus. μιι αιαρομερδιη non turpis

282.0 629.0 666.0 53.0 lucri cupidum. Tametſi enim hoſpitalitas ab epiſcopo

283.0 672.0 664.0 50.0 requiratur attamẽ huius prætextu nullũ ſectabitur lu

282.0 714.0 666.0 55.0 crũ inhoneſtũ: quod faciũt qui cũ pietatis et religionis

282.0 760.0 668.0 50.0 detrimẽto munera accipiũt, deinde rebus turpibus in

281.0 800.0 666.0 56.0 honeſtis illiberalibus et epiſcopo indecoris quærũt ui

282.0 845.0 663.0 51.0 ctũ. Nõ dãnatur omne lucrũ ſed indecorũ modo & in

282.0 892.0 665.0 50.0 iuſtũ. Plura annotaui de hac re in s.ca.1. epi. Pet.&12

283.0 930.0 662.0 52.0 ἐπισκῆ ſed æquũ id eſt moderatũ pbũ humanum man

281.0 976.0 663.0 52.0 ſuetũ et frugi hominẽ. Hoc enim ſuperioribus uitijs op£

284.0 1019.0 655.0 54.0 ponit. αμα αχoν alienũ à pugna id eſt abſ iurgio &

279.0 1063.0 665.0 48.0 litigandi cõtendendiue ardore. Recte enim dictũ est

280.0 1107.0 664.0 53.0 ueritatẽ nimia cõtentione amitti. ἀφι λάργυρομ abar

281.0 1149.0 664.0 53.0 genti cupiditate alienũ, qui uidelicet ſtudiũ omne ſuũ

279.0 1195.0 665.0 50.0 intenderit corradendis pecunijs & congerendis the¬

282.0 1237.0 662.0 61.0 ſauris. Auaritia enim radix eſt omniũ malorum. Nec

154.0 580.0 127.0 37.0 Nõ turpis

153.0 611.0 128.0 39.0 lucri cupi¬

157.0 636.0 77.0 39.0 dum.

150.0 924.0 123.0 39.0 Sed æquũ

156.0 1005.0 119.0 37.0 Alienuma

151.0 1036.0 90.0 34.0 pugna.

159.0 1106.0 115.0 36.0 Alienũ ab

149.0 1134.0 102.0 40.0 auaritia.

374.0 104.0 480.0 47.0 COMMENT, IN I. EPIST.

868.0 1289.0 74.0 56.0 quiſ¬
