1000 1547
39 157 669 41 bona quam futuræ et æternæ uitæ gaudia. Nullibi le¬

40 190 670 52 gas quemquam ob corporalem exercitationem apud

36 228 662 58 deum eſſe iuſtificatum. Fide placuerunt deo quotquot

33 272 665 54 à mundi exordio placuerunt. Et charitatis opera non

33 317 665 55 corporis exercitia exiget dominus cum uenerit iudi¬

35 365 673 50 care uiuos et mortuos. Deni & ſancti patres omnes

36 406 669 54 approbarunt ſe deo fide innocentia & charitate &

36 450 676 55 non ceremonijs & diſciplina externa. Id quod Ste¬

37 495 674 55 phanus quo demonſtrat Acto. cap.7. Vbi ergo nunc

36 538 675 56 ſunt præcepta Monachorum de cultu dei & uitæ ſan

34 581 677 54 ctimonia? Confixa hic ruunt omnia, ne enim aliud

36 625 673 57 ſunt quàm prophanæ & aniles fabulæ. Paraphraſtes

35 666 675 60 ea quæ de pmißionib. ſcripſit Apoſtolus paulò diuerſi

36 714 675 55 us expoſuit. Cuius uerba ſi quis requirat hæc ſunt, Cæ

34 758 674 55 terũ euangelica pietas quæ nititur ſyncera fide uera́

35 800 677 56 charitate nullo nõ tẽpore in nullauitæ parte nõ eſtu¬

36 846 676 55 tilis quæ compendio profitetur quicquid uel in præ¬

36 888 675 57 ſenti tempore ſit expetendum uel ſperandum in futu¬

35 933 676 56 ra, adeo ut non ſit opus ullum aliunde præſidium ue¬

36 979 675 51 nari nobis. Quæ expoſitio ut ſuperiori non repugnat

36 1021 675 55 ita nihil habet impietatis. Deligat ergo lector pius

37 1068 203 57 quod ſequatur.

205 95 379 51 AD TIM. CAP. IIII.

630 88 68 60 143

705 219 132 54 Hebtæ. ni.

707 323 131 58 Matth.15.

130 1129 576 63 Indubitatus ſermo dignus́

38 1190 672 57 qui omnibus modis approbetur.

36 1237 671 71 Nam in hoc & laboramus & proᛘ
