1000 1547
374.0 96.0 494.0 46.0 COMMENT. IN I. EPIST.

290.0 149.0 672.0 46.0 lumnam quæ Chriſto nititur, ſolius paſtoris uocem au

288.0 187.0 673.0 54.0 dit, nec ipſa ſibi uiuit, ſed Chriſto qui & regnat totus

288.0 232.0 673.0 51.0 in ipſa. Iſti uero ſibi adhuc uiuentes & ſuam gloriam

290.0 275.0 671.0 51.0 & utilitatem quærentes paſtoris uocem nõ modo non

288.0 319.0 673.0 52.0 agnoſcunt, ſed & legibus latis teſtantur ſe Chriſti ad

286.0 363.0 674.0 52.0 uerſarios eſſe, interim audent ſanctæ prætextu eccle¬

287.0 406.0 673.0 52.0 ſiæ ſuas traditiones ineptißimas uenditare pro ſacro¬

288.0 449.0 672.0 51.0 ſanctis. Huc ſcilicet impudentiæ uenit hominum auda

285.0 493.0 674.0 53.0 cia. Eccleſia quæ Chriſto petræ nititur, Chriſti ſpiritus

285.0 538.0 674.0 52.0 alitur, Chriſto item capite regitur, Chriſti uerbo duci¬

286.0 581.0 675.0 52.0 tur, quæ in hoc uiuit & ipſe in ea, ipſa ſanè columna

287.0 623.0 670.0 52.0 & baſis ueritatis est. Veritati enim Chriſto nititur

284.0 667.0 676.0 53.0 uincit́ in eauirtus & gratia Chriſti. Hic enim toti

286.0 715.0 673.0 48.0 corpori & membris ſingulis ſalutem dat, quemadmo

285.0 757.0 676.0 52.0 dum expoſitum eſt in 4.& 5.cap. epiſto. ad Ephe.

285.0 801.0 673.0 49.0 Porrò qui hac exciderunt gratia, qui non ducuntur

288.0 844.0 673.0 51.0 uerbo Chriſti, aut qui non ad hunc quem diximus mo¬

288.0 887.0 671.0 51.0 dum reguntur ſpiritu & fide Chriſti, hoc est in qui¬

288.0 931.0 670.0 53.0 bus ne Chriſtus uiuit ne ipſi in eo, non est quod in

285.0 974.0 552.0 55.0 negotijs ſuis eccleſiæ quærant patrocinium.

351.0 1070.0 609.0 57.0 Et citra contrauerſiam magnũ

287.0 1118.0 675.0 59.0 eſt pietatis myſterium, Deus maniᛘ

286.0 1173.0 676.0 58.0 feſtatus eſt in carne, iuſtificatus eſt

288.0 1229.0 674.0 73.0 in ſpiritu, uiſus eſt angelis, prædi¬

883.0 1287.0 80.0 49.0 catus
