1000 1547
34 152 664 49 eſt ut in his recipiendis habeatur delectus, partim ne

33 194 666 57 ſupra uires oneretur eccleſia, partim ne officium con

33 237 660 56 feratur in indignas. Duo autem requirit inuera &

33 278 668 56 Chriſtiana uidua Paulus, ætatem uidelicet et uitam an

32 321 668 61 teactam. Aetatem inquam grandæuam uiribus́ effœ

33 367 669 55 tam, gignendis educandis́ liberis uel incongruam

32 408 668 62 uel diutina exercitatione feſſam. Ideo́ ne recipia¬

33 453 662 60 tur, inquit, uidua minor annis ſexaginta. At carel

33 497 665 61 hæc ætas plerũ omni ſuſpitione impudicitiæ. Dein¬

33 539 672 61 de uitã in ea requirit pbã, nec illã modo qua nunc uiuit

34 584 669 60 ſed qua uixit olim. Siquidem ne huic quidem ætati pu¬

35 628 671 55 tat fidendum niſi eam uita anteacta commendet. Iam

36 672 669 59 ita ſpecies ſiue ſpecimina quædam purioris uitæ re¬

36 713 671 60 cenſet, quæ cum manifeſta & expoſita ſint non est

36 758 670 61 quod pluribus explicentur. Si inquit unico fuit mari¬

36 801 666 58 to contenta nec cupiditate uicta pluribus ſe proſtituit,

37 843 670 61 ſi benefactis ſibi parauit laudem & honeſtam exiſti¬

37 888 669 58 mationem apud homines, uirtutes́ eius prædicentur

37 931 674 58 ab omnibus, ſi lib eros ſancte in omni pietate educa¬

38 975 673 64 uit, ſi fuit hoſpitalis, aut ſi propter fortunæ tenuita¬

40 1021 674 57 tem hoſpitalitatem exercere nequiuit, ſanctorum ta¬

40 1059 672 62 men pedes lauit, hoc est fidelibus officijs ſeſe ſubmiſit

42 1106 671 59 & charitate per omnia inſeruiuit. Nam ablutio pedũ

42 1146 672 63 abiectißimum quidem inter officia comprehendit ſy¬

42 1192 673 59 nel docha quadam reliqua & maiora omnia, id quod

43 1233 674 75 ui pIoan cap, colliqueſcit. Rurſus ſi, inquit, egeſtate

217 94 365 52 AD TIM. CAP, V.

618 92 66 48 154

708 477 133 35 Vita ante¬

708 506 126 43 acta uidux
