1000 1547
398.0 90.0 473.0 48.0 COMMENT. IN I. EPIST.

303.0 146.0 661.0 50.0 & nepotes, in hanc nimirum ſententiam, Quod ſi

301.0 182.0 664.0 57.0 qua uidua est quæ orbata quidem marito ſed filios ad

300.0 226.0 665.0 55.0 buc & nepotes habet, hi neutiquam committere de¬

300.0 268.0 665.0 58.0 bent ut illa ad patrocinium confugiat eccleſiæ, ſed ipſi

300.0 315.0 664.0 56.0 potius huic ut neceſſarijs & familiaribus reliquis pro

305.0 356.0 659.0 59.0 piciant. Nam pietas hoc poſcit ut non modo liberos

300.0 401.0 662.0 57.0 & propriam curemus domum ſed pietatem quo

300.0 445.0 667.0 54.0 mutuam referamus ijs à quibus accepimus primordia

300.0 489.0 667.0 53.0 uitæ. Vtra ſententia non male congruit Paulino in¬

300.0 530.0 668.0 59.0 flituto. Ad utram ſequitur cauſalis illa ſentẽtia, Hoc

298.0 574.0 668.0 56.0 enim est honeſtum & acceptum coram deo. Nam ſi

300.0 617.0 666.0 58.0 ſacras uerſes hiſtorias inuenies ſanctißimos homines

300.0 660.0 669.0 57.0 educandis liberis et nepotibus et incubuiſſe ſtudioſißi

299.0 708.0 669.0 54.0 me & maioribus mutuam pietatem quàm officioſißi

299.0 752.0 666.0 53.0 me retuliſſe. Notißimum eſt & Græcorum ἀντιπε¬

300.0 794.0 667.0 57.0 λαργο͂μ, de quo & Eraſ.Rot. in Chiliadum opere.

303.0 837.0 662.0 54.0 Vbi ergo nunc ſunt monachi & monachæ, delicatu¬

299.0 880.0 669.0 56.0 læ, quæ ne liberis educandis & pie inſtituendis inui

300.0 925.0 665.0 55.0 gilant, neq; uicem rependunt maioribus? Abdunt e¬

300.0 966.0 667.0 55.0 nim ſe in cauernas, imò in Adonidis illos hortos ſuos

300.0 1009.0 669.0 58.0 in quibus otioſe & delicate uiuunt, ne ulla nepotũ

302.0 1055.0 667.0 54.0 parentum aut neceſſariorum cura tanguntur. Vbi

300.0 1098.0 669.0 54.0 nunc ſunt quibus infame & parum uidetur eſſe Chri

302.0 1142.0 667.0 55.0 ſtianum ſed magis diffidentiæ argumentum, ſi quis cu

300.0 1185.0 669.0 54.0 ret rem domeſticam? Diſcant hinc quoq Catabaptiſtæ

303.0 1228.0 660.0 60.0 quid per domũ intelligat Paulus, liberos nimirum &

863.0 1281.0 106.0 48.0 nepotes
