1000 1547
405.0 119.0 483.0 52.0 COMMENT. IN I. EPIST.

318.0 175.0 662.0 54.0 interim ſi ſaperent aßiduo aſſequi ſtudio conaren¬

318.0 209.0 662.0 64.0 tur. Quod ſi quicquam apud eos ualet Paulina autho¬

319.0 252.0 662.0 59.0 ritas quare non audiunt præcipientem Attende lecti

319.0 297.0 659.0 59.0 oni exhortationi doctrinæ? Vere enim Theophyla¬

319.0 339.0 663.0 58.0 ctus, si, inquit, Timotheo iniungit ut ſacris literis ua

319.0 384.0 662.0 62.0 cet, quid nobis erit agendum? Conſtat enim Timothe¬

319.0 424.0 662.0 63.0 um à cunis in ſacris uerſatum literis iuſtam habuiſſe

319.0 471.0 664.0 59.0 apud omnes abſolutæ eruditionis laudem. Et Græca

319.0 514.0 662.0 60.0 Latinis multo ſunt euidentiora. πρόσεχε, inquit, ri

319.0 557.0 663.0 60.0 ἀναγνωσα. Est autem ἀναγνωσις lectio quidem ſed

319.0 601.0 662.0 59.0 non quælibet imò accuratißima & certißima quaſiq́;

321.0 644.0 657.0 62.0 perſuaſio quædam. Et πρoσέχοͅ adhæreo est, dedico,

320.0 692.0 663.0 56.0 intendo, adeo́ animum deuoueo. Præcepit ergo a¬

321.0 731.0 662.0 63.0 poſtolus ut ſe totum conſecret ſacris ſtudijs, nec ullam

322.0 776.0 659.0 59.0 rem aliam ſibi perinde habeat commendatam at le¬

322.0 821.0 662.0 57.0 ctionem & cognitionem rerum ſacrarum. Proinde

322.0 862.0 659.0 61.0 grauiter peccant qui ſucciſiuis modo horis ſacra per¬

323.0 905.0 662.0 59.0 tractant miniſtri, iuſtas horas & ſeſe totos impendũt

323.0 947.0 661.0 61.0 opifitijs. Imò arbitror apoſtolum Paulũ ſuccifiuas mo

323.0 991.0 661.0 60.0 do horas elocaſſe artifitio, iuſtas ſacrarum ſtudio. E¬

323.0 1034.0 663.0 60.0 quidẽ ſucciſiuas aut ſecundarias horas impendiſſe uel

324.0 1077.0 663.0 60.0 opifitio uel exercitio alicui honeſto laudamus pluri¬

324.0 1122.0 662.0 58.0 mum. Cæterum præſentis inſtituti non est pluribus de

325.0 1164.0 662.0 60.0 lectione ſacra diſſerere, cum quod aliò uocet me inſti¬

325.0 1209.0 644.0 55.0 tutum meum, tum quod alij de hac re melius ſcripſe

322.0 1249.0 633.0 74.0 runt. Noluit autem apoſtolus hoc epiſcopi ſtudiũ e£

901.0 1302.0 50.0 67.0 prius¬
