1000 1547
26 148 668 48 rum iniuria & ſupina epiſcoporum poſtremi ſæculi

25 186 657 58 negligentia pro religione obrepſiſſet ſuperſtitio, ui¬

24 230 666 53 ri́ eccleſiaſtici dominari non miniſtrare & princi¬

27 274 660 54 pes non diſpenſatores rerum eccleſiaſticarum eſſeuel

26 317 672 53 lent, factum est ut noua religionis facie cõſtituta in a¬

26 363 662 53 lium quo uſum conuerſæ ſint opes eceleſiaſticæ, &

26 405 673 52 nunc cedant non ſtudioſis, pauperibus, ueris fidei ſan¬

27 447 672 54 ctæ prædicatoribus et ijs quibus deſtinatæ ſunt ab ini

27 491 672 55 tio uſibus, ſed Pontificibus epiſcopis́ hoc eſt regibus

29 535 669 55 & principibus, monachis & ſacrificis hoc est ſuper

30 578 670 58 ſtitionum miniſtris, quibus interim ex ſuperſtitioſo¬

30 625 673 51 rum hominum obſequijs haud parum acceßit diuitia

32 665 672 55 rum, adeò ut in horum poteſtate ſint hodie cultißima

34 712 669 52 & opima omnium regnorum & nationum loca, Cu¬

34 754 671 51 ius quidem rei gratia mira hodie oboritur omnium

33 798 671 51 commixtio rerum, tam ſané periculoſa ut niſi huic ma

33 839 673 56 turo aliquo ſubueniatur conſilio damnum aliquod ma

34 885 672 54 ximum toti Chriſtiano orbi datura ſit aliquando. Au¬

34 928 672 54 rum quidem hoc planè Toloſanum est, ne iniuſtum

36 971 672 56 facile uel uſum uel poſſeſſorem patitur. Proinde non

37 1015 666 53 est quod huic negotio conſultum putent principes &

38 1057 671 56 magiſtratus Chriſtiani ſi eccleſijs direptis omnes facul

37 1102 674 52 tates eccleſiaſticas conuertant in uſus prophanos. Non

40 1146 671 52 enim in hoc primitus deſtinatæ ſunt à teſtatoribus pijs

42 1188 670 55 ſed in uſus ſacros. Habent reges & magiſtratus tribu¬

42 1231 669 64 ta & uectigalia ſua, habent æraria publica, habent

195 97 352 44 AD TIM. CAP V.

636 100 44 44 157

699 177 115 46 Religio pe

694 214 130 39 perit diuiti

699 243 108 34 as & filia

697 272 114 38 deuorauit

698 304 97 39 matrem.

535 1288 18 60 u

594 1287 18 53 5
