1000 1547
152.0 489.0 110.0 37.0 Gene.17.

151.0 517.0 115.0 52.0 Exod.34.

378.0 98.0 475.0 42.0 COMMENT. IN I. EPIST.

282.0 151.0 668.0 46.0 xta Diuerbium, Satietas parit ferociam: ſiue quod So¬

282.0 187.0 668.0 52.0 lon dixiſſe fertur, Satietas naſcitur ex opulentia, ex ſa

282.0 232.0 668.0 54.0 tietate ferocia. Hinc uero regum ſapientißimus So¬

282.0 274.0 664.0 54.0 lomon orauit dominum diuitias ne daret ſibi, ne forte

282.0 321.0 664.0 49.0 exaturatus dicat quis est dominus? Secundum præce¬

282.0 363.0 662.0 52.0 ptũ est, Ne ſpem ponant in diuitijs. Cui non abſimile

282.0 406.0 663.0 52.0 est illud Dauidis, Diuitiæ ſi affluant nolite cor appo¬

282.0 452.0 663.0 49.0 nere. Sunt enim incertæ & perituræ. Deus æternus et

282.0 492.0 661.0 54.0 Schadai ſiue Saturnus est qui exaturat implet uiuifi¬

280.0 538.0 665.0 51.0 cat fouet & alit omnia. Huius uirtus & beneficentia

280.0 580.0 664.0 52.0 affatim ſuppeditat omnibus animantibus unde uiuãt.

280.0 624.0 667.0 52.0 Id quod Dauid pluribus exponit Pſal.103.Huc perti¬

279.0 668.0 665.0 52.0 net bona pars s. capit. apud Matth. et 12. apud Luc.

281.0 712.0 667.0 51.0 Qui uero neglecto deo uiuo, mamonæ adhærent, alibi

277.0 755.0 669.0 52.0 ab apoſtolo idololatræ appellantur. Tertium præce¬

279.0 798.0 669.0 51.0 ptum est, Vt ſint benefici. In hoc enim conferuntur à

277.0 841.0 669.0 55.0 deo opes ut iuſte & largiter his utamur alijs́ diſpen

278.0 887.0 666.0 44.0 ſemus non autem ut nos omnia occupemus ſoli. Hinc

278.0 927.0 666.0 53.0 prouerbio rectè iactatum & in ſententias ſapientum

276.0 971.0 662.0 52.0 est relatum, Auarum niſi cum moritur nil recte face¬

275.0 1017.0 668.0 50.0 re. Exempla quoq; diuitum ſanctorum patrum docent

276.0 1058.0 665.0 52.0 beneficentiam. Et diues epulo apud Lucam non ob di

275.0 1100.0 666.0 54.0 uitias damnatur amplas, ſed ob ferociam & auaritiam

275.0 1147.0 665.0 51.0 uitæ quo luxum & quod pauperes negligeret nec

276.0 1187.0 664.0 54.0 eſſet beneficus. Quod ſi obijcit diues aliquis, Verum

275.0 1234.0 667.0 60.0 euacuantur ſcrinià mea Chriſtiana illa beneficentia

852.0 1286.0 89.0 44.0 pluri¬
