1000 1547
84 140 621 50 Multum refert quam quis nactus ſit uxorem. Nã

41 175 660 59 in uniuerſa uiri uita hæc momentum non leue habet.

42 223 657 52 Periclitatur enim ex illius improbitate ipſa uiri exi¬

42 266 668 56 ſtimatio & gloria, eadem augeſcit ex ſludijs & mori

41 310 670 53 bus eius ſanctis. Vnde Sapiens Hebræus, Mulier ſedu¬

41 351 670 55 la, ait, corona est mariti ſui, ſed quaſi putredo in oßi¬

41 396 670 52 bus eius est mulier turpis. Mulier ſapiens ædificat do¬

41 440 671 54 mum, ſtulta uero ſubuertit eandem. Item, Mulier bona

42 483 669 55 pars bona, oblectat uirum ſuum & annos uitæ illius

42 526 673 56 in pace implebit, Gratia ſuper gratiam mulier ſancta

44 568 671 58 & pudorata. Nobilis in portis uir eius quando ſede¬

43 611 673 58 rit cum ſenatoribus terræ. Diſciplina illius datum dei

42 655 668 59 est. Sicut ſol oriens in mundo in altißimis dei, ſic &

42 703 673 55 mulieris bonæ ſpecies in ornamentum domus eius.

43 745 673 54 Proinde apoſtolus iubet & epiſcoporum & diacono

43 788 675 57 rum uxores eſſe σεμνας compoſitas modeſtas, non le

44 832 673 53 ues aut ineptas, ſed matronali pudore graues. Deinde

45 875 674 60 αηι διαθόλους non calumnioſas, quod plerum ad¬

44 921 676 53 hæreſcit mulierculis. Dum enim curioſæ per alienas

48 960 673 61 perreptant ædes, dum negotioſæ et garrulæ alienis ſe

47 1004 676 60 immiſcent cauſis, naſcitur obtrectandi ſuſurrandi ca¬

48 1051 675 60 lumniandi́ negotium. Ab ijs uitijs abeſſe uult uxo¬

49 1093 676 57 res miniſtrorum ueritatis concordiæ & pacis. Et ſilen

51 1138 674 54 tium præcipuum est omnium mulierum ornamentũ.

50 1180 678 57 vuφ & Xioue id est uigilantes, quod tam ad ſobrietatem

51 1226 680 67 animi temperantiam quàm ad diligentiam & pru¬

159 90 428 45 AD TIM. CAP. III.

713 134 123 33 Vxores mi

709 159 119 34 niſtrorum

709 184 127 40 uerbi qua¬

710 214 131 42 les eſſe de¬

710 243 77 45 beant.

642 117 50 0 132

553 1277 77 53 r 4
