1000 1547
32 164 668 49 rum parentum genius, diſciplina, probitat & dili¬

34 201 665 54 gentia relucet. Hæc uero tanti ſunt apud apoſtolum

30 241 670 60 momenti, ut ex his ceu prognoſticis indicijs́ æſtimari

28 286 671 57 ac cenſeri uelit epiſcopum, ſubijciens comparatum

28 329 670 58 quoddam, Quod ſi quis propriæ domui præeſſe non

25 372 671 59 nouit, quomodo eccleſiam dei curabit? Opponit enim

25 416 672 58 priuatam domum et diſpenſationem epiſcopi deligen

22 461 673 57 di, eccleſiæ & miniſterio ſiue gubernationi publicæ.

24 504 672 55 Qui, inquit, in curanda re familiari et liberorum edu

23 549 672 56 eatione egregiam nauarit operam, is ſpecimen de ſe

23 593 671 56 præbuit foreut publicam omnium curam gerere gna

19 632 667 55 uiter poßit. Cæterum qui iners est in adminiſtrations

19 682 674 49 rerum exiguarum is nulla cum laude maiora obibit

19 724 674 55 munia. Quia uero ſumma quæ miniſteria uanißi¬

18 766 674 59 mis inertibus & helluonibus committuntur hinc ſini

20 812 277 51 ſtre geruntur omnia.

174 109 368 46 AD TIM. CAP. III.

626 117 70 42 129

85 859 605 56 Non nouitium, ne inflatus in

16 912 674 55 condemnationem incidat calum¬

16 966 673 57 niatoris. Oportet autem illum &

17 1020 671 59 bonum habere teſtimoniũ ab ex¬

16 1073 674 58 traneis ne in probrum incidat &

15 1127 491 58 laqueum calumniatoris.

695 632 126 58 Lucæ.16.

56 1188 625 37 veóφurog iuxta etymon est nuper natus aut nu¬

17 1224 669 53 per inſitus, dicitur́; non tam de ijs qui nuper in fidei

15 1266 672 66 contuberium aſciti Chriſti nomen profiteri cœperũt

686 1178 134 51 Non nouï¬

690 1219 63 44 tium.

574 1359 11 0 &
