1000 1547
230 91 363 45 AD TIM. CAP. III.

31 144 671 50 in miniſtris uerbi præcipue, aut ijs quo qui uerbi mi

30 184 671 51 niſterio deſtinantur. Horum enim ora & linguæ ſpi¬

27 226 675 55 rituſſancti hoc est conſtantiæ ueritatis iuſtitiæ & pu¬

26 272 674 47 ritatis organa ſunt. Quod uero paulò ante breuius et

27 313 672 54 ideo obſcurius poſuit μηι τάροινoμ non uinolentũ,

24 360 671 52 id nunc pluribus & explicatius exponit. μηι ὁινφ

24 403 670 54 τολλῶ τροσέχουτας non multo uino addictos. Non

23 446 675 52 enim uini uſu interdicit in uniuerſum ſed abuſu & ſtu

22 490 678 53 dio nimio cui raro abeſt ebrietas. At hanc celeberrimi

22 535 674 50 è noſtris authoribus uoluntariã eſſe inſaniam dixere,

21 578 679 55 quæ ſi in plures paulò extẽdatur dies habitus is etiam

20 623 681 53 manifeſtarius euadat furor. Celebre eſt et illud ignem

24 666 677 55 geſtare in ſinu, qui aßiduo utatur uiuo. Et Solon unus

23 710 677 54 è ſeptem morte principem eſſe mulctandum lege ſan¬

22 752 679 55 xit ſi deprehenderetur ebrius. Pittacus quo ebrios ſi

23 799 673 53 peccaſſent duplici dignos incommodo ſtatuit. Sed &

21 841 681 54 dominus ipſe magna cum indignatione contra Iſraeli

20 885 682 56 tas Amosz, cap. Suſcitaui, ait, de filijs ueſtris prophe

23 929 679 50 tas, & de iuuenibus ueſtris Nazareos. An non ita ſe

24 972 676 54 habet res? Vos autem feciſtis Nazareos bibere uinum.

24 1016 681 54 Accuſat autem Iſraëlitarum luxum & quod iuuentu

24 1060 681 52 tem ad prophetiam delectam educatione molli cor¬

25 1104 680 57 rumperent. Omnium ita epiſcoporum erit diligen

27 1149 678 53 ter curare quo adoleſcentia Chriſtiana & ſacro mi¬

28 1192 678 54 niſterio dicata ſancte & in literis puris & in mori¬

30 1235 674 66 bus integris inſituatur ſynceris, ut tempeſtiue & ab

709 355 124 42 Nõ multo

702 387 131 35 uino dedi¬

703 413 49 43 tos.

497 1328 84 0 r 3

641 79 53 64 131
