1000 1547
297.0 160.0 669.0 48.0 tur ſancta dei eccleſia, ut uideas nũc ad expoſitionem

298.0 201.0 669.0 55.0 ſuperiorum hæc eſſe adiecta. Cedant his quæcun di

297.0 249.0 670.0 44.0 cuntur ab hominibus ad authoritatem parandam nu¬

298.0 291.0 668.0 51.0 per inuentis religionibus, eccleſiaſtica pietas uera de

298.0 334.0 668.0 51.0 mũ & infallibilis pietas est. Huius generis et alia quæ

298.0 380.0 667.0 48.0 dam leguntur apud Auguſtinum cõtra Manicheum de

295.0 423.0 670.0 47.0 utilitate credendi ad Honoratum cap.17. Hæc uero à

294.0 464.0 670.0 49.0 Paulo prolata ſunt hoc conſilio, ut Timothei induſtri

294.0 509.0 670.0 50.0 am & excitaret & animum eius confirmaret. Et ſanè

294.0 552.0 669.0 48.0 non poteſt animus non confirmari in fide cum audit

295.0 596.0 668.0 51.0 tantum eſſe pietatis myſterium, nemo non cupit inſe¬

296.0 639.0 662.0 53.0 ri eccleſiæ quã audit columnã et baſim ueritatis eſſe.

369.0 109.0 498.0 39.0 COMMENT. IN I. EPIST.

310.0 702.0 634.0 39.0 DE DOCTRINIS DAEMONIORVM.

337.0 753.0 626.0 48.0 Epiſcopus uerus non tantum quid uerum ſit ſed

296.0 794.0 666.0 49.0 quid falſum quo in re qualibet ſcire debet. Hinc ue¬

295.0 837.0 667.0 51.0 ro Paulus ſubiungit quædã de doctrinis peruerſis, hae

295.0 880.0 668.0 50.0 ipſa tractatione ad uigiliam & diligentem induſtri¬

294.0 925.0 666.0 53.0 am excitans epiſcopos. Nam qui periculum ſibi certo

296.0 971.0 498.0 44.0 imminere norunt accuratius aduigilant.

166 1023 132 76 CAP.IIII.

362 1027 594 58 Spiritus autem certo loquitur

295.0 1082.0 665.0 60.0 quod in poſterioribus tempori¬

294.0 1133.0 667.0 60.0 bus deſciſcent quidam à fide, attenᛘ

293.0 1187.0 668.0 62.0 dentes ſpiritibus impoſtoribus ac

294.0 1242.0 667.0 68.0 doctrinis dæmoniorum, per ſimuᛘ

841.0 1304.0 121.0 53.0 lationens
