<?xml version='1.0' encoding='UTF-8'?>
<alto xmlns:xsi="http://www.w3.org/2001/XMLSchema-instance" xmlns="http://www.loc.gov/standards/alto/ns-v4#" xsi:schemaLocation="http://www.loc.gov/standards/alto/ns-v4# http://www.loc.gov/standards/alto/v4/alto-4-2.xsd">
  <Description>
    <MeasurementUnit>pixel</MeasurementUnit>
    <sourceImageInformation>
      <fileName>7326032.jpeg</fileName>
    </sourceImageInformation>
  </Description>
  <Tags>
    <OtherTag ID="BT7" LABEL="CustomZone" DESCRIPTION="block type CustomZone"/><OtherTag ID="BT8" LABEL="DamageZone" DESCRIPTION="block type DamageZone"/><OtherTag ID="BT9" LABEL="DigitizationArtefactZone" DESCRIPTION="block type DigitizationArtefactZone"/><OtherTag ID="BT10" LABEL="DropCapitalZone" DESCRIPTION="block type DropCapitalZone"/><OtherTag ID="BT11" LABEL="GraphicZone" DESCRIPTION="block type GraphicZone"/><OtherTag ID="BT12" LABEL="MainZone" DESCRIPTION="block type MainZone"/><OtherTag ID="BT13" LABEL="MarginTextZone" DESCRIPTION="block type MarginTextZone"/><OtherTag ID="BT14" LABEL="MusicZone" DESCRIPTION="block type MusicZone"/><OtherTag ID="BT15" LABEL="NumberingZone" DESCRIPTION="block type NumberingZone"/><OtherTag ID="BT17" LABEL="QuireMarksZone" DESCRIPTION="block type QuireMarksZone"/><OtherTag ID="BT18" LABEL="RunningTitleZone" DESCRIPTION="block type RunningTitleZone"/><OtherTag ID="BT19" LABEL="SealZone" DESCRIPTION="block type SealZone"/><OtherTag ID="BT20" LABEL="StampZone" DESCRIPTION="block type StampZone"/><OtherTag ID="BT21" LABEL="TableZone" DESCRIPTION="block type TableZone"/><OtherTag ID="BT22" LABEL="TitlePageZone" DESCRIPTION="block type TitlePageZone"/><OtherTag ID="BT3807" LABEL="MainZone-Continued" DESCRIPTION="block type MainZone-Continued"/><OtherTag ID="BT3808" LABEL="MarginTextZone-Notes" DESCRIPTION="block type MarginTextZone-Notes"/><OtherTag ID="BT3809" LABEL="MainZone-Head" DESCRIPTION="block type MainZone-Head"/><OtherTag ID="BT3810" LABEL="MainZone-P" DESCRIPTION="block type MainZone-P"/>
    <OtherTag ID="LT7" LABEL="CustomLine" DESCRIPTION="line type CustomLine"/><OtherTag ID="LT8" LABEL="DefaultLine" DESCRIPTION="line type DefaultLine"/><OtherTag ID="LT9" LABEL="DropCapitalLine" DESCRIPTION="line type DropCapitalLine"/><OtherTag ID="LT10" LABEL="HeadingLine" DESCRIPTION="line type HeadingLine"/><OtherTag ID="LT11" LABEL="InterlinearLine" DESCRIPTION="line type InterlinearLine"/><OtherTag ID="LT12" LABEL="MusicLine" DESCRIPTION="line type MusicLine"/>
  </Tags>
  <Layout>
    <Page WIDTH="1000" HEIGHT="1547" PHYSICAL_IMG_NR="35" ID="eSc_dummypage_">
      <PrintSpace HPOS="0" VPOS="0" WIDTH="1000" HEIGHT="1547">
        <TextBlock HPOS="367.0" VPOS="95.0" WIDTH="497.0" HEIGHT="42.0" ID="block_1" TAGREFS="BT18">
          <Shape><Polygon POINTS="367 95 864 95 864 137 367 137 367 95"/></Shape>
          <TextLine ID="line_1" TAGREFS="LT8" BASELINE="368 123 864 127" HPOS="368.0" VPOS="95.0" WIDTH="496.0" HEIGHT="45.0">
            <Shape><Polygon POINTS="850 95 841 95 834 95 831 97 824 95 815 95 807 95 798 95 790 95 781 95 773 95 730 99 701 99 697 95 695 95 687 95 678 95 669 95 661 95 652 95 650 95 609 98 583 98 581 95 575 95 566 95 558 95 549 95 540 95 532 95 523 95 515 95 506 95 497 95 489 95 480 95 472 95 463 95 454 95 446 95 437 95 436 95 368 96 368 123 368 129 391 137 392 137 392 137 427 133 477 137 478 137 478 137 479 137 486 131 496 137 497 137 498 137 499 137 500 137 508 132 558 137 559 137 611 132 617 138 617 139 618 139 619 139 619 140 650 140 650 139 650 139 651 139 651 138 657 133 672 133 677 137 677 138 678 138 679 138 680 138 706 133 725 139 726 139 727 139 753 135 757 139 757 140 758 140 759 140 760 140 791 140 791 140 792 140 793 140 793 139 798 134 822 140 822 140 863 136 864 127 858 98 850 95 850 95"/></Shape>
            <String CONTENT="COMMENT. IN I. EPIST." HPOS="368.0" VPOS="95.0" WIDTH="496.0" HEIGHT="45.0" WC="0.9816619157791138"/>
          </TextLine>
        </TextBlock>
        <TextBlock HPOS="284.0" VPOS="147.0" WIDTH="685.0" HEIGHT="1131.0" ID="block_2" TAGREFS="BT3807">
          <Shape><Polygon POINTS="284 147 969 147 969 1278 284 1278 284 147"/></Shape>
          <TextLine ID="line_2" TAGREFS="LT8" BASELINE="298 177 965 180" HPOS="297.0" VPOS="146.0" WIDTH="668.0" HEIGHT="49.0">
            <Shape><Polygon POINTS="959 146 950 146 942 146 933 146 925 146 916 146 907 146 899 146 890 146 886 146 881 151 851 151 845 146 839 146 830 146 826 146 790 151 769 146 768 146 767 146 760 151 754 146 753 146 744 146 736 150 731 146 727 146 718 146 715 146 697 151 633 151 624 146 624 146 615 146 607 146 604 146 597 148 576 146 572 146 564 146 555 146 546 146 538 146 533 146 520 150 467 146 460 146 452 146 443 146 441 146 408 149 401 146 400 146 392 146 383 146 374 146 366 146 362 146 342 149 334 146 331 146 323 146 314 146 308 146 298 148 298 177 297 187 319 193 320 193 321 193 344 189 355 193 355 193 356 194 424 194 424 193 450 188 485 193 486 193 515 188 528 194 529 194 530 194 555 189 608 193 609 193 664 189 690 194 691 194 692 194 705 189 716 194 717 194 717 194 773 189 815 195 815 195 964 189 965 180 964 146 959 146"/></Shape>
            <String CONTENT="nia eſſe puris pura, fides item recipientis &amp; gratia¬" HPOS="297.0" VPOS="146.0" WIDTH="668.0" HEIGHT="49.0" WC="0.9963420449562792"/>
          </TextLine>
          <TextLine ID="line_3" TAGREFS="LT8" BASELINE="296 221 963 225" HPOS="296.0" VPOS="187.0" WIDTH="667.0" HEIGHT="52.0">
            <Shape><Polygon POINTS="296 221 296 236 386 231 393 236 394 236 395 236 433 237 434 237 462 231 481 238 482 238 483 238 590 232 625 238 626 238 669 233 703 238 704 238 705 238 720 232 749 232 758 238 759 238 760 238 815 239 815 239 855 233 870 238 871 238 871 238 963 232 963 225 963 196 936 196 926 189 926 189 925 189 924 189 867 195 846 189 845 189 844 189 843 189 833 194 788 189 787 189 760 195 744 189 743 189 742 189 742 189 741 189 733 195 678 195 629 188 628 188 600 195 558 195 546 188 546 188 545 188 544 188 531 194 521 188 521 188 520 188 519 188 464 192 459 188 459 187 458 187 457 187 456 187 296 192 296 221"/></Shape>
            <String CONTENT="rumactio fidelis facit ut nihil impuritatis habeat cibus" HPOS="296.0" VPOS="187.0" WIDTH="667.0" HEIGHT="52.0" WC="0.9884610548615456"/>
          </TextLine>
          <TextLine ID="line_4" TAGREFS="LT8" BASELINE="296 263 964 268" HPOS="296.0" VPOS="230.0" WIDTH="668.0" HEIGHT="52.0">
            <Shape><Polygon POINTS="296 263 296 277 429 274 455 280 456 280 498 275 526 280 527 280 644 276 711 281 711 281 712 281 733 276 754 281 754 281 828 276 963 282 964 268 963 239 898 234 897 234 896 234 895 234 886 239 841 239 817 232 816 232 706 232 705 232 705 232 691 238 615 238 582 232 582 232 581 232 563 237 541 231 540 231 539 231 506 237 399 237 391 230 390 230 389 230 360 230 359 230 358 230 347 236 335 230 334 230 333 230 296 234 296 263"/></Shape>
            <String CONTENT="Chriſtianorum. At hæc expoſitio uidetur omnium" HPOS="296.0" VPOS="230.0" WIDTH="668.0" HEIGHT="52.0" WC="0.982200192644241"/>
          </TextLine>
          <TextLine ID="line_5" TAGREFS="LT8" BASELINE="296 306 963 311" HPOS="295.0" VPOS="273.0" WIDTH="668.0" HEIGHT="56.0">
            <Shape><Polygon POINTS="296 306 295 323 335 324 336 324 337 324 346 320 411 325 411 325 412 325 435 319 456 325 457 325 458 325 504 319 569 326 570 326 603 320 635 327 636 328 683 328 683 327 727 326 728 326 729 326 737 321 791 325 791 325 842 322 852 329 852 329 853 329 854 329 883 323 908 329 909 329 910 329 962 323 963 311 962 285 943 285 931 277 930 277 929 277 928 277 895 283 873 277 872 277 871 277 871 277 858 284 737 276 736 276 660 282 638 275 637 275 636 275 635 275 617 281 601 275 600 275 599 275 598 275 582 281 490 281 481 274 480 274 479 274 430 274 429 274 429 274 413 280 397 273 396 273 369 273 368 273 368 273 356 279 345 273 344 273 322 273 321 273 320 273 296 279 296 306"/></Shape>
            <String CONTENT="eſſe ſimplicißima maxime́ genuina. Paraphraſtes" HPOS="295.0" VPOS="273.0" WIDTH="668.0" HEIGHT="56.0" WC="0.9897779822349548"/>
          </TextLine>
          <TextLine ID="line_6" TAGREFS="LT8" BASELINE="294 351 963 355" HPOS="294.0" VPOS="318.0" WIDTH="669.0" HEIGHT="51.0">
            <Shape><Polygon POINTS="294 351 294 358 305 364 306 364 306 364 307 364 325 360 341 366 342 366 343 366 343 366 368 360 429 366 429 366 590 361 601 367 601 367 602 367 603 368 650 368 650 367 679 361 702 367 703 367 704 367 777 362 837 369 838 369 879 363 924 368 925 368 963 363 963 355 963 326 898 322 897 322 850 328 842 322 841 322 840 322 788 321 787 321 786 321 766 327 755 322 754 322 754 322 706 327 672 320 671 320 563 326 521 319 520 319 519 319 507 326 441 326 408 318 407 318 406 318 405 318 395 324 294 324 294 351"/></Shape>
            <String CONTENT="uero ex interpretibus uetuſtis hanc Pauli ſententiam" HPOS="294.0" VPOS="318.0" WIDTH="669.0" HEIGHT="51.0" WC="0.9926357372448995"/>
          </TextLine>
          <TextLine ID="line_7" TAGREFS="LT8" BASELINE="294 394 963 398" HPOS="294.0" VPOS="362.0" WIDTH="669.0" HEIGHT="51.0">
            <Shape><Polygon POINTS="294 394 294 405 356 403 374 409 375 409 376 410 410 410 410 409 411 409 411 409 420 404 444 410 445 410 446 410 479 405 491 410 492 410 493 410 494 410 495 410 506 403 519 409 520 409 574 410 575 410 576 410 596 404 666 404 699 412 700 412 800 405 834 413 835 413 900 409 928 413 929 413 963 405 963 398 963 372 864 366 863 366 862 366 842 371 808 365 807 365 761 370 695 364 666 364 665 364 664 364 663 364 656 369 650 365 649 365 648 365 647 365 619 369 612 364 611 364 610 364 609 364 608 364 587 369 517 363 516 363 515 363 500 369 435 369 428 363 428 362 427 362 426 362 425 362 386 367 359 362 358 362 294 365 294 394"/></Shape>
            <String CONTENT="eadem propemodum ratione in hæc uerba explana¬" HPOS="294.0" VPOS="362.0" WIDTH="669.0" HEIGHT="51.0" WC="0.9992620141609855"/>
          </TextLine>
          <TextLine ID="line_8" TAGREFS="LT8" BASELINE="294 438 963 441" HPOS="293.0" VPOS="404.0" WIDTH="670.0" HEIGHT="54.0">
            <Shape><Polygon POINTS="294 438 293 447 326 448 334 455 335 455 336 455 337 456 396 456 396 455 397 455 409 449 436 454 437 454 491 451 500 456 501 456 502 456 503 456 600 450 628 457 629 457 630 457 662 451 730 456 730 456 768 451 833 456 834 456 894 452 902 458 903 458 904 458 905 458 963 452 963 441 960 409 955 413 902 409 901 409 874 413 846 408 845 408 797 413 786 406 785 406 785 406 744 406 743 406 742 406 742 406 733 411 715 407 714 407 713 407 712 407 695 412 678 406 677 406 676 406 675 406 674 406 664 413 644 413 609 405 608 405 441 410 428 404 427 404 426 404 425 404 424 404 414 411 351 411 317 404 316 404 315 404 294 409 294 438"/></Shape>
            <String CONTENT="uit, Quod etiam ſi quid impuritatis haberet cibus, ta¬" HPOS="293.0" VPOS="404.0" WIDTH="670.0" HEIGHT="54.0" WC="0.9899985426002078"/>
          </TextLine>
          <TextLine ID="line_9" TAGREFS="LT8" BASELINE="293 480 960 486" HPOS="292.0" VPOS="446.0" WIDTH="668.0" HEIGHT="56.0">
            <Shape><Polygon POINTS="293 480 292 490 384 497 385 497 386 497 398 490 429 490 447 498 448 498 483 499 484 499 484 499 505 492 662 492 693 497 693 497 749 493 768 501 769 501 803 501 804 501 836 495 851 501 852 501 852 501 917 498 958 502 960 486 959 456 916 452 915 452 883 456 857 451 856 451 855 451 836 457 817 451 816 451 815 451 776 457 766 450 765 450 764 450 763 450 712 455 705 450 704 450 703 450 669 449 668 449 625 455 603 449 602 449 601 449 601 449 586 455 558 448 558 448 557 448 556 448 555 448 546 455 512 455 500 448 499 448 498 448 497 448 479 454 448 454 437 448 436 448 435 448 435 448 434 448 426 454 389 454 367 446 366 446 365 446 364 446 363 446 353 452 293 452 293 480"/></Shape>
            <String CONTENT="men hymnis quibus laudatur diuina largitas ſacris́" HPOS="292.0" VPOS="446.0" WIDTH="668.0" HEIGHT="56.0" WC="0.9897626054053213"/>
          </TextLine>
          <TextLine ID="line_10" TAGREFS="LT8" BASELINE="291 525 958 529" HPOS="290.0" VPOS="491.0" WIDTH="668.0" HEIGHT="53.0">
            <Shape><Polygon POINTS="291 525 290 535 298 539 299 539 300 539 300 539 301 539 309 534 408 534 423 542 424 542 425 542 454 536 479 542 480 542 481 542 582 538 599 543 600 543 601 543 669 537 717 544 718 544 808 538 826 544 827 544 828 544 957 537 958 529 957 505 934 504 923 496 922 496 921 496 920 496 862 503 847 495 846 495 846 495 845 495 844 495 824 503 797 503 771 494 770 494 769 494 768 494 736 503 708 503 692 493 691 493 690 493 637 493 636 493 635 493 634 493 622 501 583 501 558 492 557 492 508 492 507 492 506 492 478 501 374 496 369 491 368 491 368 491 367 491 291 499 291 525"/></Shape>
            <String CONTENT="uerbis ac precationibus, ſanctum purum́ redde¬" HPOS="290.0" VPOS="491.0" WIDTH="668.0" HEIGHT="53.0" WC="0.9900536866898232"/>
          </TextLine>
          <TextLine ID="line_11" TAGREFS="LT8" BASELINE="291 567 960 572" HPOS="290.0" VPOS="535.0" WIDTH="670.0" HEIGHT="53.0">
            <Shape><Polygon POINTS="291 567 290 576 308 583 309 583 310 583 378 580 403 584 404 584 477 578 519 583 520 583 709 580 743 587 744 587 773 582 801 587 802 587 803 587 803 587 813 580 844 580 855 587 856 587 857 587 858 588 888 588 888 587 889 587 901 581 958 582 960 572 960 544 913 539 912 539 911 539 910 539 901 544 886 540 885 540 884 540 848 546 771 538 770 538 734 544 719 538 718 538 717 538 717 538 702 544 659 544 652 538 651 538 650 538 650 538 649 538 631 544 590 538 589 538 588 538 576 543 562 537 561 537 560 537 504 544 467 544 452 537 451 537 450 537 449 537 448 537 441 543 407 536 406 536 379 543 320 543 306 535 305 535 304 535 303 535 291 538 291 567"/></Shape>
            <String CONTENT="tur quod prius erat immundum. Concidunt ergo hie" HPOS="290.0" VPOS="535.0" WIDTH="670.0" HEIGHT="53.0" WC="0.9891027957201004"/>
          </TextLine>
          <TextLine ID="line_12" TAGREFS="LT8" BASELINE="292 611 960 617" HPOS="292.0" VPOS="580.0" WIDTH="668.0" HEIGHT="52.0">
            <Shape><Polygon POINTS="292 611 292 627 361 622 387 628 388 628 389 628 403 622 447 622 456 629 457 629 458 629 459 629 496 629 496 629 496 629 508 623 520 629 521 629 521 629 552 623 570 629 571 629 572 629 608 629 609 629 619 623 656 630 656 630 657 630 673 625 700 629 701 629 735 626 746 631 747 631 748 632 773 632 773 631 773 631 774 631 780 626 790 631 791 631 791 631 792 631 793 631 800 626 818 631 819 631 820 631 855 626 958 628 960 617 960 592 940 584 939 584 898 584 897 584 896 584 895 584 884 591 792 591 763 585 762 585 661 589 650 585 649 585 648 585 647 585 630 589 623 584 623 583 622 583 621 583 620 583 619 583 619 583 610 588 570 583 570 583 569 583 552 588 532 582 531 582 530 582 472 585 464 580 463 580 462 580 461 580 441 587 376 580 375 580 338 586 327 580 326 580 304 580 303 580 302 580 292 585 292 611"/></Shape>
            <String CONTENT="ſemel quæcun mercatores Romani præceperunt de" HPOS="292.0" VPOS="580.0" WIDTH="668.0" HEIGHT="52.0" WC="0.9816783005776613"/>
          </TextLine>
          <TextLine ID="line_13" TAGREFS="LT8" BASELINE="290 654 959 661" HPOS="289.0" VPOS="621.0" WIDTH="670.0" HEIGHT="53.0">
            <Shape><Polygon POINTS="290 654 289 662 323 668 324 668 682 667 728 672 729 672 730 672 741 668 760 672 761 672 815 669 825 673 826 673 827 673 851 669 877 674 877 674 958 669 959 661 959 635 921 627 905 627 904 627 903 627 902 627 894 634 877 626 876 626 875 626 820 628 819 628 805 634 748 625 747 625 712 629 706 624 705 624 705 624 704 624 703 624 685 633 631 633 625 628 625 627 625 627 624 627 623 627 570 631 555 624 554 624 553 624 552 624 538 630 527 623 527 623 526 623 525 623 492 630 455 622 454 622 378 629 370 623 369 623 368 623 312 621 312 621 311 621 310 621 300 629 290 629 290 654"/></Shape>
            <String CONTENT="ciborum delectu, de temporum et dierum diſcrimine." HPOS="289.0" VPOS="621.0" WIDTH="670.0" HEIGHT="53.0" WC="0.9890840220451355"/>
          </TextLine>
          <TextLine ID="line_14" TAGREFS="LT8" BASELINE="290 697 961 703" HPOS="289.0" VPOS="666.0" WIDTH="672.0" HEIGHT="52.0">
            <Shape><Polygon POINTS="290 697 289 705 304 711 305 711 306 711 339 709 348 714 349 714 349 714 350 714 351 714 376 708 502 712 503 712 532 709 548 715 549 715 577 716 578 716 579 716 599 709 611 715 612 715 613 715 639 709 691 717 692 717 737 711 745 717 746 717 747 717 769 718 770 718 809 714 824 718 825 718 826 718 827 718 850 711 871 717 871 717 872 717 873 717 892 712 924 717 925 717 960 711 961 703 959 672 675 675 615 669 614 669 582 674 566 668 565 668 564 668 541 672 504 668 503 668 503 668 484 673 468 667 467 667 466 667 466 667 465 667 456 673 393 673 380 666 379 666 378 666 290 671 290 697"/></Shape>
            <String CONTENT="Chriſtiano enim licet quouis tempore quibuslibet ue¬" HPOS="289.0" VPOS="666.0" WIDTH="672.0" HEIGHT="52.0" WC="0.9996021814071215"/>
          </TextLine>
          <TextLine ID="line_15" TAGREFS="LT8" BASELINE="290 741 960 748" HPOS="290.0" VPOS="708.0" WIDTH="670.0" HEIGHT="54.0">
            <Shape><Polygon POINTS="290 741 291 755 310 751 460 758 461 758 498 753 569 758 570 758 586 754 591 758 592 758 593 758 594 758 615 754 649 758 650 758 787 755 811 761 812 761 813 761 865 756 874 762 875 762 876 762 877 762 959 756 960 748 959 721 870 713 869 713 821 719 784 712 783 712 782 712 763 718 750 714 749 714 748 714 709 718 683 711 682 711 681 711 630 717 619 710 619 710 618 710 617 710 616 710 597 716 458 716 443 709 442 709 441 709 391 715 365 708 364 708 363 708 290 710 290 741"/></Shape>
            <String CONTENT="ſci cibis. Quatenus uero ſcandali ratio habenda ſit o¬" HPOS="290.0" VPOS="708.0" WIDTH="670.0" HEIGHT="54.0" WC="0.9783920557410629"/>
          </TextLine>
          <TextLine ID="line_16" TAGREFS="LT8" BASELINE="288 786 960 791" HPOS="288.0" VPOS="752.0" WIDTH="672.0" HEIGHT="55.0">
            <Shape><Polygon POINTS="288 786 288 801 398 796 409 803 410 803 411 803 411 803 412 803 427 797 484 797 512 804 513 804 514 804 515 804 515 804 526 798 543 798 552 804 553 804 554 804 555 804 556 804 575 798 613 798 623 805 624 805 625 805 625 805 683 801 742 806 742 806 807 801 847 807 848 807 910 801 958 804 960 791 960 762 950 758 950 758 949 758 910 763 779 761 773 756 773 756 772 756 771 756 642 761 615 754 614 754 613 754 613 754 588 761 515 761 400 752 399 752 398 752 387 758 364 752 363 752 304 752 303 752 302 752 288 758 288 786"/></Shape>
            <String CONTENT="ſtenſum eſt in cap.14. ad Roma. Diſcimus præterea" HPOS="288.0" VPOS="752.0" WIDTH="672.0" HEIGHT="55.0" WC="0.9780546889013174"/>
          </TextLine>
          <TextLine ID="line_17" TAGREFS="LT8" BASELINE="288 827 958 836" HPOS="288.0" VPOS="795.0" WIDTH="670.0" HEIGHT="54.0">
            <Shape><Polygon POINTS="288 827 288 842 354 837 380 843 437 844 438 844 471 838 479 844 480 844 481 844 482 844 546 841 639 847 640 847 813 843 842 843 851 849 852 849 852 849 853 849 880 843 900 849 901 849 901 849 902 849 912 844 957 844 958 836 957 807 927 809 902 803 901 803 901 803 900 803 888 808 849 804 848 804 826 808 817 801 816 801 815 801 815 801 814 801 803 806 789 801 788 801 787 801 757 807 730 801 730 801 699 807 691 800 690 800 689 800 688 800 648 805 623 799 622 799 621 799 587 805 564 799 563 799 562 799 531 804 488 797 487 797 438 802 417 796 416 796 415 796 384 802 354 795 353 795 288 801 288 827"/></Shape>
            <String CONTENT="quanta cum reuerentia ad menſam accedere &amp; abea" HPOS="288.0" VPOS="795.0" WIDTH="670.0" HEIGHT="54.0" WC="0.9863229964641814"/>
          </TextLine>
          <TextLine ID="line_18" TAGREFS="LT8" BASELINE="288 871 959 877" HPOS="287.0" VPOS="838.0" WIDTH="672.0" HEIGHT="53.0">
            <Shape><Polygon POINTS="288 871 287 880 298 886 299 886 300 886 346 881 370 886 371 886 462 882 480 887 481 887 482 887 564 883 680 889 681 889 723 885 767 890 942 891 943 891 944 891 958 886 959 877 959 850 932 843 932 843 931 843 865 849 846 843 845 843 844 843 768 849 740 842 739 842 738 842 632 847 610 841 609 841 608 841 607 841 583 847 544 840 543 840 542 840 541 840 533 846 480 846 438 839 437 839 403 845 383 838 382 838 381 838 288 844 288 871"/></Shape>
            <String CONTENT="dem debeamus recedere. Conuiuæ domini ſumus, do¬" HPOS="287.0" VPOS="838.0" WIDTH="672.0" HEIGHT="53.0" WC="0.9841813941796621"/>
          </TextLine>
          <TextLine ID="line_19" TAGREFS="LT8" BASELINE="287 915 957 921" HPOS="286.0" VPOS="881.0" WIDTH="671.0" HEIGHT="54.0">
            <Shape><Polygon POINTS="287 915 286 925 398 931 399 931 456 927 478 932 478 932 479 932 539 928 588 933 589 933 760 930 765 934 765 935 766 935 766 935 767 935 861 930 875 935 876 935 877 935 957 930 957 921 957 895 889 895 863 886 862 886 836 886 835 886 834 886 834 886 821 894 768 894 747 885 746 885 730 885 729 885 728 885 727 885 714 892 661 886 660 886 609 892 574 883 573 883 532 883 531 883 500 890 452 882 411 882 411 882 410 882 391 890 384 885 383 885 382 885 381 885 341 889 328 881 327 881 326 881 325 881 287 886 287 915"/></Shape>
            <String CONTENT="minus paſcit nos, in huius oculis uerſamur, illius mu¬" HPOS="286.0" VPOS="881.0" WIDTH="671.0" HEIGHT="54.0" WC="0.983524164667836"/>
          </TextLine>
          <TextLine ID="line_20" TAGREFS="LT8" BASELINE="287 959 957 964" HPOS="286.0" VPOS="926.0" WIDTH="671.0" HEIGHT="54.0">
            <Shape><Polygon POINTS="287 959 286 968 313 975 314 975 357 968 427 974 428 974 429 974 429 974 437 970 597 975 598 975 662 971 687 978 688 978 689 978 728 972 745 978 746 978 747 979 791 979 791 978 792 978 814 972 844 979 845 979 846 979 871 974 883 979 883 979 884 980 925 980 925 979 926 979 926 979 937 972 957 972 957 964 956 937 936 938 923 932 922 932 921 932 920 932 906 939 859 939 840 929 839 929 838 929 837 929 820 935 803 930 803 930 802 930 801 930 800 930 794 935 785 931 785 931 784 931 783 931 773 935 743 929 742 929 742 929 724 937 628 937 618 929 617 929 616 929 615 929 614 929 593 936 540 936 529 928 528 928 527 928 398 926 397 926 356 934 341 926 340 926 339 926 287 931 287 959"/></Shape>
            <String CONTENT="nificentia alimur. Precandum ergo &amp; gratias agen¬" HPOS="286.0" VPOS="926.0" WIDTH="671.0" HEIGHT="54.0" WC="0.9980041409025386"/>
          </TextLine>
          <TextLine ID="line_21" TAGREFS="LT8" BASELINE="286 1001 952 1008" HPOS="285.0" VPOS="967.0" WIDTH="667.0" HEIGHT="56.0">
            <Shape><Polygon POINTS="286 1001 285 1012 370 1017 371 1017 372 1017 384 1011 433 1011 465 1017 466 1017 466 1017 487 1012 494 1018 495 1018 496 1018 496 1018 497 1018 513 1013 521 1019 521 1019 522 1019 523 1019 581 1013 607 1020 608 1020 609 1020 660 1015 685 1021 686 1021 687 1021 707 1015 741 1021 742 1021 796 1015 890 1023 891 1023 892 1023 909 1019 942 1023 943 1023 944 1023 944 1023 951 1018 952 1008 951 981 881 976 880 976 830 980 801 974 800 974 771 978 730 972 729 972 728 972 709 978 695 974 694 974 693 974 668 978 582 970 581 970 558 974 521 970 521 970 520 970 496 977 457 977 449 971 448 971 447 971 447 971 398 975 385 968 384 968 357 967 356 967 355 967 342 974 335 970 334 970 333 970 332 970 331 970 319 974 309 969 308 969 307 969 286 970 286 1001"/></Shape>
            <String CONTENT="das eſſe ante &amp; poſt cibum nemo est qui non uideat," HPOS="285.0" VPOS="967.0" WIDTH="667.0" HEIGHT="56.0" WC="0.9743689544060651"/>
          </TextLine>
          <TextLine ID="line_22" TAGREFS="LT8" BASELINE="286 1045 955 1051" HPOS="285.0" VPOS="1010.0" WIDTH="670.0" HEIGHT="55.0">
            <Shape><Polygon POINTS="286 1045 285 1060 305 1061 306 1061 306 1061 307 1061 317 1055 333 1055 341 1061 342 1061 343 1061 343 1061 344 1061 358 1055 384 1060 385 1060 386 1060 399 1056 417 1062 418 1062 419 1062 420 1062 441 1056 477 1063 478 1063 547 1057 572 1063 573 1063 574 1063 575 1063 591 1059 678 1063 679 1063 726 1058 764 1065 765 1065 807 1059 907 1063 907 1063 954 1059 955 1051 955 1022 929 1016 928 1016 927 1016 906 1022 887 1015 886 1015 885 1015 884 1015 871 1022 815 1022 800 1015 799 1015 798 1015 797 1015 781 1021 766 1016 766 1016 765 1016 717 1021 703 1015 702 1015 701 1015 668 1017 658 1013 657 1013 631 1013 630 1013 629 1013 614 1020 508 1012 507 1012 478 1018 444 1011 443 1011 442 1011 429 1016 422 1011 421 1011 420 1011 379 1010 378 1010 377 1010 352 1017 330 1010 329 1010 286 1010 286 1045"/></Shape>
            <String CONTENT="ſed &amp; ita in menſaut in oculis dei uerſandum. Aberit" HPOS="285.0" VPOS="1010.0" WIDTH="670.0" HEIGHT="55.0" WC="0.9901628826673214"/>
          </TextLine>
          <TextLine ID="line_23" TAGREFS="LT8" BASELINE="284 1088 950 1095" HPOS="283.0" VPOS="1056.0" WIDTH="667.0" HEIGHT="54.0">
            <Shape><Polygon POINTS="284 1088 283 1096 319 1103 319 1103 368 1099 398 1104 398 1104 399 1104 419 1099 511 1104 512 1104 546 1100 580 1106 581 1106 582 1106 593 1101 647 1101 735 1108 736 1108 852 1105 881 1110 882 1110 883 1110 893 1105 949 1110 950 1095 948 1063 929 1070 909 1063 908 1063 907 1063 858 1067 851 1062 850 1062 849 1062 848 1062 847 1062 846 1062 837 1070 804 1070 791 1061 791 1061 790 1061 789 1061 735 1068 723 1060 722 1060 721 1060 720 1060 607 1066 583 1065 575 1058 574 1058 573 1058 572 1058 441 1064 429 1057 428 1057 427 1057 389 1057 388 1057 387 1057 369 1063 348 1056 347 1056 346 1056 288 1063 284 1088"/></Shape>
            <String CONTENT="ita omnis amaritudo, contumelia, calumnia, rixa," HPOS="283.0" VPOS="1056.0" WIDTH="667.0" HEIGHT="54.0" WC="0.9981998643096612"/>
          </TextLine>
          <TextLine ID="line_24" TAGREFS="LT8" BASELINE="282 1130 949 1139" HPOS="282.0" VPOS="1097.0" WIDTH="667.0" HEIGHT="57.0">
            <Shape><Polygon POINTS="282 1130 282 1137 308 1143 309 1143 411 1141 427 1147 428 1147 429 1147 452 1143 465 1148 466 1148 466 1149 527 1149 527 1148 527 1148 528 1148 537 1143 552 1149 553 1149 554 1149 584 1145 625 1149 626 1149 627 1149 643 1143 650 1149 650 1150 650 1150 651 1150 652 1150 653 1150 670 1144 687 1150 687 1150 688 1150 752 1145 785 1152 785 1152 864 1147 909 1154 910 1154 948 1149 949 1139 948 1110 914 1106 914 1106 889 1112 861 1106 860 1106 828 1111 786 1104 785 1104 731 1109 705 1102 704 1102 703 1102 597 1107 579 1101 578 1101 524 1100 523 1100 475 1106 466 1099 465 1099 464 1099 463 1099 392 1104 384 1098 383 1098 382 1098 381 1098 328 1103 315 1097 314 1097 313 1097 288 1102 282 1130"/></Shape>
            <String CONTENT="obtrectatio, deni luxus &amp; ebrietas obſcœnitas &amp;" HPOS="282.0" VPOS="1097.0" WIDTH="667.0" HEIGHT="57.0" WC="0.9922595582902431"/>
          </TextLine>
          <TextLine ID="line_25" TAGREFS="LT8" BASELINE="282 1174 955 1182" HPOS="282.0" VPOS="1143.0" WIDTH="673.0" HEIGHT="53.0">
            <Shape><Polygon POINTS="282 1174 282 1183 319 1189 319 1189 349 1186 355 1190 356 1190 357 1190 358 1190 501 1186 540 1192 541 1192 656 1188 693 1188 698 1193 699 1193 699 1193 700 1193 723 1189 730 1194 731 1194 732 1194 733 1194 804 1190 837 1195 838 1195 858 1191 953 1196 955 1182 955 1155 937 1150 936 1150 891 1156 870 1149 869 1149 838 1149 837 1149 836 1149 824 1155 760 1155 740 1148 739 1148 701 1147 700 1147 699 1147 699 1147 689 1155 662 1155 649 1146 648 1146 647 1146 646 1146 622 1151 616 1146 615 1146 614 1146 582 1145 582 1145 581 1145 565 1152 533 1147 533 1147 507 1152 433 1143 432 1143 431 1143 417 1151 373 1151 359 1143 358 1143 357 1143 356 1143 287 1149 282 1174"/></Shape>
            <String CONTENT="intemperantia omnis, nil fœdum dictu aut auditu tur¬" HPOS="282.0" VPOS="1143.0" WIDTH="673.0" HEIGHT="53.0" WC="0.991351462327517"/>
          </TextLine>
          <TextLine ID="line_26" TAGREFS="LT8" BASELINE="282 1219 957 1226" HPOS="282.0" VPOS="1186.0" WIDTH="675.0" HEIGHT="55.0">
            <Shape><Polygon POINTS="282 1219 282 1233 366 1229 452 1236 453 1236 453 1236 470 1231 498 1236 499 1236 500 1236 514 1231 534 1237 535 1237 536 1237 587 1233 594 1237 595 1237 595 1237 596 1237 705 1235 746 1239 747 1239 772 1235 788 1240 789 1240 790 1240 843 1235 873 1241 874 1241 957 1235 957 1226 957 1200 916 1193 915 1193 914 1193 896 1199 847 1194 846 1194 817 1198 794 1190 793 1190 792 1190 791 1190 762 1198 709 1189 708 1189 669 1196 646 1189 645 1189 607 1188 607 1188 606 1188 605 1188 594 1196 576 1191 576 1191 575 1191 541 1196 525 1191 524 1191 523 1191 458 1192 431 1186 430 1186 429 1186 406 1193 348 1193 337 1186 336 1186 335 1186 319 1186 319 1186 318 1186 303 1193 287 1193 282 1219"/></Shape>
            <String CONTENT="pe in menſa proponatur ſed quod honeſtum &amp; iu¬" HPOS="282.0" VPOS="1186.0" WIDTH="675.0" HEIGHT="55.0" WC="0.9958717680495718"/>
          </TextLine>
          <TextLine ID="line_27" TAGREFS="LT8" BASELINE="283 1262 948 1271" HPOS="282.0" VPOS="1228.0" WIDTH="666.0" HEIGHT="66.0">
            <Shape><Polygon POINTS="283 1262 282 1286 308 1287 309 1287 310 1287 326 1281 337 1286 338 1286 339 1286 360 1284 361 1284 361 1284 374 1276 393 1284 394 1284 395 1284 396 1284 397 1284 408 1277 430 1281 431 1281 486 1277 493 1283 494 1283 495 1283 496 1283 496 1283 506 1278 601 1278 644 1292 645 1292 646 1292 750 1290 802 1294 803 1294 803 1294 827 1285 840 1289 841 1289 842 1289 843 1289 855 1284 947 1284 948 1271 948 1239 878 1235 877 1235 850 1241 816 1235 815 1235 815 1235 801 1242 773 1242 754 1234 753 1234 752 1234 709 1241 699 1233 699 1233 698 1233 697 1233 662 1236 612 1232 611 1232 610 1232 594 1239 584 1231 583 1231 582 1231 582 1231 581 1231 562 1239 526 1239 435 1237 405 1229 404 1229 404 1229 368 1233 343 1228 343 1228 283 1235 283 1262"/></Shape>
            <String CONTENT="cundum ſit. Reuerentia hofpitis qui præſens eſt &amp;" HPOS="282.0" VPOS="1228.0" WIDTH="666.0" HEIGHT="66.0" WC="0.9936374802978671"/>
          </TextLine>
        </TextBlock>
        <TextBlock HPOS="898.0" VPOS="1290.0" WIDTH="53.0" HEIGHT="35.0" ID="block_3" TAGREFS="BT17">
          <Shape><Polygon POINTS="898 1290 951 1290 951 1325 898 1325 898 1290"/></Shape>
          <TextLine ID="line_28" TAGREFS="LT8" BASELINE="900 1314 952 1314" HPOS="900.0" VPOS="1290.0" WIDTH="52.0" HEIGHT="42.0">
            <Shape><Polygon POINTS="951 1314 943 1291 939 1290 934 1290 926 1290 917 1290 909 1290 900 1290 900 1314 900 1332 920 1328 951 1332 952 1314 952 1296 951 1296 951 1314"/></Shape>
            <String CONTENT="nes" HPOS="900.0" VPOS="1290.0" WIDTH="52.0" HEIGHT="42.0" WC="0.9999035000801086"/>
          </TextLine>
        </TextBlock>
      </PrintSpace>
    </Page>
  </Layout>
</alto>
