1000 1547
195.0 105.0 400.0 42.0 AD TIM. CAP. VI.

659.0 106.0 66.0 44.0 167

57.0 163.0 673.0 44.0 tionem deuita. Pertinax est hypocriſis & inſcitia.

55.0 199.0 675.0 49.0 Proinde pietas uerum conſtanter & ſimpliciter pro¬

55.0 241.0 674.0 52.0 ponit et aſſerit, non indecore contendit. Et multas qui

54.0 287.0 673.0 50.0 dem huiuſmodi diſputationes moderatas & pias lege

54.0 330.0 674.0 53.0 re est apud priſcos eccleſiæ doctores, quorum alij in¬

52.0 372.0 675.0 51.0 terim ſui plane obliti nimiũ indulſere affectibus. Scho

54.0 420.0 673.0 49.0 laſticæ autem diſputationes & quædam noſtri ſæculi

52.0 463.0 674.0 49.0 acerbæ concertationes parum ſanè aut nihil planè

52.0 505.0 675.0 54.0 laudis obtinebunt apud poſteros, quin & nuper ab il

51.0 551.0 675.0 51.0 lis abhorrere cœperunt quicun pietati euangelicæ

52.0 596.0 670.0 49.0 operam hactenus non infœliciter nauarunt. Quor¬

51.0 636.0 673.0 54.0 ſum uero attinet, charißimi fratres, nouo quodam do

49.0 683.0 673.0 51.0 cendi genere pietatem euangelicam propagare uelle?

49.0 725.0 674.0 53.0 Si tenet nos nominis Chriſti gloria & religio, ſi hanc

51.0 772.0 672.0 51.0 per totum terræ orbem propagare cupimus, cur non

51.0 813.0 671.0 55.0 potius ijs conſilijs in ea re perficienda utimur qua ui¬

49.0 858.0 674.0 49.0 demus uſos domini apoſtolos, qui nullis contentioni¬

49.0 901.0 673.0 52.0 bus diſputationibus aut curioſis quæſtionibus inuolue

49.0 945.0 673.0 54.0 runt myſteria euangelica ſed pura potius & ſimplici

47.0 990.0 673.0 46.0 ueritate euoluerũt, docentes ea quæ pietatis ſunt pure

49.0 1032.0 673.0 52.0 & ſimpliciter. Quod ſi cui omnino collubitum est ri¬

48.0 1076.0 667.0 55.0 xari diſputare & quæſtiones nectere, nectat ſanè &

47.0 1118.0 671.0 56.0 rixetur ſed deuitetur interim à fidelibus. Est enim ho¬

47.0 1166.0 674.0 50.0 mo mente corruptus & à ueritate alienus ꝗ religionẽ

47.0 1206.0 674.0 53.0 non uero iuſto æquo & bono, ſed utilitate metitur. Si

47.0 1250.0 673.0 67.0 enim gloriam dei & pictatis profectum quærit cur ſa
