1000 1547
27 171 667 45 ſed indocti quo & ab omni germana pietate alieni.

24 204 670 58 Diſcimus præterea hominum ingenia non à uetuſtate

23 248 672 56 ut uina eſſe æſtimanda, ſed ab ipſa probitate & erudi

23 293 670 55 tione. Iuuenes fuerunt Daniel, Dauid, Samuel, Ieremi¬

23 336 670 55 as, & alij multi in utro teſtamento egregij uiri. Im

22 379 671 55 probantur autẽ in ſacris literis non ſemel ſenes impru

21 424 670 52 dentes & impudici. Interim uero non negamus uitæ

21 466 666 56 uſu multa́ rerum experientia parari prudentiam,

19 510 671 54 unde etiam agnoſcimus ſanctam ſenectutem ſancte

19 550 661 57 eſſe colendam. Iam & ſtudia in quibus ſe exerceant

16 594 657 62 epiſcopi egregie præſcribit & informat. Nullam ue¬

18 642 669 53 ro hic agriculturæ mentionem facit, ne epiſcopos

18 684 671 58 manuarijs ſellularijs́ artibus aut opifitijs affigit, quo

18 729 669 53 magis miror quæ illos hodie agat dæmentia qui ma¬

18 771 663 57 lunt commendari ſe à ſtiua, malleo, dolabra aut lima,

18 814 669 54 quàm ab aßiduo ſacrarum & honeſtarum literarum

19 856 668 61 ſtudio. Obijcient fortaßis Paulum quo exercuiſſe

18 902 670 55 opifitium manuarium. Sed cur non expendunt quod

17 946 671 56 reliqua Pauli dona nondum aſſequuti ſunt. Paulus e¬

17 991 673 51 nim ſummam eruditionem ſummæ coniunxerat elo¬

18 1031 668 59 quentiæ, & ut uas dei ſelectißimum erat ita nulla ſa¬

18 1076 667 55 crarum literarum neſciebat myſteria. Primitias enim

23 1120 664 55 ſpiritus unà cum apoſtolis reliquis acceperat. Iſti ue¬

17 1164 670 56 ro egregij ſi Dijs placet Pauli imitatores Muſas ac li¬

18 1208 661 53 teras ſacras nondum à limine ſalutarunt, pariter &

19 1250 668 70 uulgari eruditione & eloquentia deſtituti ſunt, quæ

135 115 441 47 AD TIM. CAP. IIII.

616 124 71 47 145

687 550 114 44 Studia &

687 590 132 41 exercitia e¬

689 618 92 61 piſcopi.

539 1311 11 46 t
