1000 1547
193 100 380 43 AD TIM. CAP. III.

656 103 65 44 147

738 323 111 42 Non uino¬

724 354 90 38 lentum.

57 153 667 47 non ſine munere & afflatu dei ad nos eſſe delatam, ut

56 191 666 52 prorſus nullum apud nos locũ habeant clamores iſto¬

56 236 664 51 rum de philoſophia & gentilium literis contemnen¬

55 279 668 51 dis. Norunt ſancti quatenus iſtis utantur in ſacris. Aù

55 323 675 53 rάροιvop, id quod recte uertit Ambroſius non obno

53 368 668 49 xiũ uino, Non enim uini uſum omnino damnauit, ſed

54 410 663 53 abuſum ingurgitationem & uini ſtudium aßiduum,

53 456 671 51 quo qui exercentur uino mancipati nihil aliud quàm

53 497 671 55 deſipere poſſunt. Leuitis præcipiebat dominus abſti

52 542 671 53 nerent ab omni potu inebriãte cum ingreſſuri eſſent

54 586 671 53 in ſanctum. Voluit autem illos eſſe ſana mente & in¬

54 629 671 53 tegris ſenſibus. Vinum enim dementat & peruertit

55 672 670 55 ſenſum adeo ut ne membra quidem corporis ſuum ſa¬

55 715 671 55 ciant officium. Cauenda tamen imprimis ſpiritualis e¬

55 758 671 56 brietas exæcatio, inuidia, faſtus, cupiditas nimia rerũ

56 803 666 55 peßimarum. Et Theophylactus, Non dicit hoc loco,

55 848 670 54 inquit, qui mero madeat, ſed contumelioſum & teme

54 891 667 50 rarium. Ego uero Paulum omnino de temulentia &

55 936 666 54 uini abuſu loquutum exiſtimo. μηὶ πλήκτημ non per

55 979 665 55 cuſſorem, id quod non pertinet ad uiolentiam manuũ,

58 1023 670 56 ſed ad acerbitatem linguæ, ne ſæuus & improbus ſit

55 1068 674 52 obiurgator. Est enim & in obiurgando modus, qui

58 1109 671 57 ſeruatur ſi obiurgatio ſic ſit temperata ut reus intelli¬

59 1155 671 56 gat peccati ſui magnitudinem, & quod paterna ob¬

57 1198 674 55 iurgatio ad ſaluandum non conuiciandum tantum in

57 1242 671 67 ſtituta ſit. Quidam plus nimio feroces licentius agunt

728 943 130 45 Nõ percuſ

730 980 77 34 ſorem,
