1000 1547
387.0 116.0 478.0 41.0 COMMENT. IN. I. EPIST.

310.0 170.0 664.0 45.0 circo ad eccleſiæ cogor ſubſidium confugere. Reſpon

309.0 207.0 664.0 52.0 det apoſtolus, Planè non est neceſſe ut egeſtatis gratia

309.0 249.0 663.0 55.0 caſtitatis profeßionẽ ulla ſuſcipiat uidua. Debet enim

308.0 298.0 661.0 47.0 horum inopia cognatorum ſubleuari beneficentia.

308.0 338.0 666.0 48.0 Non enim par est ut Chriſtianus aut Chriſtiana cuius

309.0 381.0 665.0 51.0 pietas debebat etiam alienis opitulari ſibi cogna¬

308.0 426.0 668.0 47.0 tam uiduam deſtituat & alendam obtrudat eccleſiæ.

308.0 468.0 665.0 51.0 Hinc enim ſequitur incommodum duplex. Prius one¬

307.0 512.0 668.0 50.0 ratur eccleſia, poſterius exhauſtis demum facultatibus

307.0 555.0 666.0 49.0 eccleſiaſticis non ſupererit quo alantur ueræ uiduæ.

307.0 599.0 668.0 49.0 At hodie neglectis iſtis ueluti nunquam uel dictis uel

307.0 640.0 668.0 50.0 ſcriptis à Chriſti domini apoſtolis audent opulentio¬

307.0 686.0 668.0 48.0 res magnates & nobiles liberos ſuos eccleſiæ alendos

307.0 727.0 666.0 50.0 obtrudere. Quibus enim numeroſa obtingit ſoboles

309.0 770.0 666.0 51.0 ij ex omnibus unum aliquẽ ueluti familiæ columen

310.0 818.0 665.0 47.0 deligunt, huic relinquunt hæreditatem & facultates

309.0 860.0 662.0 45.0 omnes, cæteros uero uel fatuos uel non prorſus qui¬

308.0 900.0 665.0 52.0 dem inſipidos ſed infœliciores tamen ueluti ſpurios

308.0 947.0 666.0 44.0 abdicant maxime́ reluctantes curæ committunt ec¬

306.0 986.0 668.0 50.0 cleſiaſticæ. Videmus enim maximam eccleſiaſticarum

310.0 1031.0 663.0 48.0 facultatum portionem in huiuſmodi hominum pote¬

307.0 1073.0 665.0 52.0 ſtatem eſſe redactam. At hi quidem in eccleſiaſticis

306.0 1118.0 664.0 49.0 opibus luxuriant hodie. Multi his ueritatem euange¬

306.0 1161.0 667.0 49.0 licam renaſcentem oppugnant. Hi cum magnatum

308.0 1202.0 664.0 52.0 ſanguine ſint creti proceres & uiros in republica pri

305.0 1247.0 662.0 60.0 marios habent et fautores inſtituti ſui & defenſores,

880.0 1301.0 92.0 44.0 mutús
