1000 1547
392.0 96.0 486.0 45.0 COMMENT. IN I. EPIST.

304.0 148.0 669.0 45.0 dentiam, hoc est ſolertem rei familiaris adminiſtra¬

305.0 187.0 667.0 53.0 tionem referri poteſt, quemadmodum et ſequens por

304.0 232.0 672.0 51.0 tio τιςας ἐμ πᾶσι fidas in omnibus pertinet, et ad ſi

304.0 274.0 670.0 54.0 dem coniugalem & ad fidelem facultatum diſpenſa¬

304.0 319.0 670.0 51.0 tionem, uidelicet ne ſint adulteræ, impuræ, futiles, fura

303.0 364.0 671.0 50.0 ces & inconſtantes. Quemadmodum enim epiſcopi

303.0 406.0 670.0 50.0 uita uitæ́ totius habitus aliorum inſtitutio, ſic mulie

303.0 450.0 668.0 51.0 rum omnium exemplar & pudicæ probæq́ uitæ ty¬

306.0 491.0 632.0 56.0 pus eſſe debet purior uxoris epiſcopi conuerſatio.

368.0 550.0 602.0 52.0 Diaconi ſint unius uxoris ma¬

300.0 601.0 669.0 60.0 riti, qui liberis recte præſint & ꝓ¬

306.0 656.0 665.0 59.0 prijs familijs. Nam qui benc miniᛘ

300.0 711.0 669.0 56.0 ſtrauerint gradum ſibi bonum ac¬

300.0 762.0 669.0 52.0 quirunt & multam libertatem in

300.0 813.0 553.0 61.0 fide quæ eſt in Chriſto leſu.

342.0 882.0 629.0 44.0 Ne diaconorum periclitaretur pudicitia et uel a¬

299.0 921.0 670.0 51.0 dulterio uel ſcortatione polluerentur atq; ita maculã

300.0 967.0 667.0 52.0 ſibi opprobrium́ aſciſcerent perpetuum, permittit

298.0 1008.0 669.0 52.0 ipſis connubiũ. Nam melius est matrimoniũ contrahe

297.0 1051.0 668.0 55.0 re quàm uri. Et quod hac in re præſcripſit epiſcopis

298.0 1095.0 668.0 52.0 ut unius uxoris mariti ſint, ut liberis & familiæ bene

299.0 1139.0 665.0 52.0 præſint, idem præcipit & diaconis. Addit hoc loco

300.0 1186.0 665.0 49.0 ſpem et egregiam pollicitationem, qua admoueret cal

296.0 1229.0 667.0 57.0 car currentibus, hoc est excitaret diligentiam ultro¬

871.0 1285.0 89.0 47.0 neam.
