1000 1547
27.0 140.0 673.0 49.0 ſte ſecum expendit qua quid ratione quóue conſie

27.0 179.0 672.0 53.0 lio fiat. Iam & Catabaptiſtæ ultro & ſua ſponte cur¬

26.0 225.0 666.0 47.0 rentes hac ordinatione proturbabuntur ualidißime,

25.0 264.0 676.0 56.0 ſi ea modo ſancte & iuſte in eccleſijs obſeruetur. Illud

25.0 311.0 677.0 51.0 quo priusquam hinc digrediar monebo, hunc Pauli

27.0 354.0 673.0 53.0 locum ſic quo reddi poſſe, Ne neglexeris quod in te

25.0 399.0 674.0 50.0 est donum, nempe quod tibi delegatum est ad prophe

26.0 441.0 673.0 47.0 tandum, id́ comprobatum manuum impoſitione à ſe

26.0 485.0 673.0 54.0 nioribus. Verum nullus hinc alius colligetur ſenſus

28.0 529.0 401.0 54.0 quàm quem modo indicauimus.

165.0 87.0 384.0 46.0 AD TIM. CAP. IIII.

93.0 588.0 608.0 59.0 Hæc exerce, in his eſto, ut tuus

32.0 640.0 669.0 60.0 profectus manifeſtus ſit in omni¬

30.0 693.0 670.0 60.0 bus. Attẽde tibi ipſi & doctrinæ,

32.0 745.0 673.0 64.0 perſiſte in his. Nam id ſi feceris te

30.0 801.0 673.0 67.0 ipſum ſeruabis & eos qui te audi¬

32.0 869.0 128.0 48.0 erint.

638.0 94.0 61.0 44.0 147

61.0 924.0 641.0 49.0 Epilogus est ſuperiorum. ταυτα inquit μελὲτα,

32.0 966.0 675.0 55.0 Hæc meditare. Est autem meditari tam animo quàm

32.0 1011.0 676.0 56.0 corpore adeo́ totis uiribus in rem aliquam perficien

33.0 1056.0 672.0 52.0 dam incumbere. In his eſto, hiſce te exerceto iugiter,

33.0 1098.0 675.0 57.0 conſtanter, & uehementer, adeò ut in tota plebe ap¬

34.0 1142.0 677.0 56.0 pareat tua ſedulitas & fidelitas, hoc est, ut ex pia do¬

33.0 1185.0 678.0 55.0 ctrinauita́ ſancta omnes reddantur meliores. Finis

35.0 1227.0 677.0 69.0 enim huius negotij est ut proſimus non ut gloriam no

506 1314 15 0 t

558 1325 23 0 3
