1000 1547
301.0 157.0 665.0 58.0 bris afficimur quod ſpem fixã ha¬

302.0 212.0 662.0 56.0 bemus in Deo uiuente qui eſt ſer¬

303.0 270.0 662.0 56.0 uator omnium hominum maxi¬

301.0 317.0 262.0 57.0 me fidelium.

387.0 109.0 490.0 43.0 COMMENT. IN L. EPIST.

331 379 636 42 Confirmat quod dixit pietatem eſſe utilem ad o¬

300 419 667 49 mnia ut quæ habeat promißiones præſentis ac futuræ

300 458 667 54 uitæ, Quod ita propoſui inquit de pietate uerum eſt

300 504 667 50 & indubitatum plane́ dignum quod recipiatur ab

299 547 669 50 omnibus. Quod autem uerbis tantopere inculcamus

301 592 666 47 & pro indubitata ueritate uenditamus apud omnes

297 632 670 53 hoc ipſum re ipſa corpore & afflictionibus noſtris in

297 674 670 56 dubitatum eſſe comprobamus. Niſi enim perſuaſißi¬

296 718 669 55 mum mihi eſſet in ſolo deo uiuente ſalutem eſſe quam

296 764 669 48 nobis Chriſti contulerit meritum, certe non tam infra

298 808 666 50 cto animo huius uitæ ærumnas, carceres, impiorum

297 850 669 53 plagas & uarias mortes perpeterer. Nunc autem poſt

297 894 667 52 habita exercitatione corporali, neglectis ceremonijs

298 938 665 50 & umbris Iudaicis imò reiectis ſemel omnibus quæ

296 982 668 51 mundus miratur externis ſolam euangelij pietatem

297 1025 666 50 prædico docens Chriſtum dominũ ueniſſe non uni a¬

294 1068 671 51 licui genti ſed ſeruandis omnibus qui modo perfidia

296 1113 669 49 ſeipſos non fecerint indignos hac ſalute. Sola enim fi¬

295 1155 669 49 de hæc percipitur, charitate exprimitur. At huius

294 1195 669 56 quidem doctrinæ gratia multa perpetior, ſed uolens

294 1240 669 65 et lubens, ita ſimul teſtificans uerum eſſe quod doceo.

887.0 1296.0 73.0 49.0 Tam
