1000 1547
409.0 111.0 471.0 43.0 COMMENT, IN I. EPIST.

384.0 157.0 588.0 61.0 Obteſtor in conſpectu dei &

312.0 207.0 660.0 62.0 domini leſu Chriſti & electorum

310.0 269.0 661.0 59.0 angelorum ut hæc ſerues ſine præᛘ

312.0 319.0 659.0 62.0 cipitatione iudicij, nihil faciens iuᛘ

312.0 376.0 513.0 61.0 xta propenſionem animi,

335.0 457.0 629.0 48.0 Solent autem ad munia gnauiter & fideliter o¬

315.0 495.0 655.0 49.0 beunda ſacramento aſtringi quibus aliqua in repub.

310.0 538.0 661.0 56.0 functio obuenit. Ad quem morem apoſtolus Timothe¬

307.0 582.0 661.0 55.0 um nunc obteſtatur et ait, Obteſtor te Timothee, per

307.0 627.0 658.0 51.0 Deum patrem, quo teſte & authore geritur hæc res,

306.0 669.0 662.0 55.0 per́ Ieſum Chriſtum cuius miniſtri ſumus, perq́ ele

306.0 713.0 662.0 55.0 ctos angelos dei miniſtros, & iſtarum rerum ſpecta¬

304.0 755.0 664.0 56.0 tores ut ea quæ tibi præſcripſi hactenus præcipue au¬

302.0 797.0 661.0 59.0 tem de iudicijs obeũdis ſerues χωρις προκριματος,

304.0 841.0 662.0 56.0 id est ſine præiudicio. Est autem præiudicium cum ex

301.0 887.0 665.0 54.0 opinione concepta temere quidpiam agitur, & iudi¬

303.0 929.0 655.0 55.0 camus ipſi apud nos antequam compertum habemus,

300.0 971.0 663.0 56.0 cum magis ex ipſa re cognita colligenda ſit ſententia.

300.0 1016.0 663.0 51.0 &ηδιε μ ττοισομματα πρόσηλισιμ, id est nihil faciẽs

300.0 1057.0 663.0 55.0 in aliam partem inclinans. Nullus enim hic affectus uo

299.0 1099.0 664.0 58.0 candus est in conſilium, ſed quod ipſa res poſcit quod

299.0 1145.0 663.0 54.0 deni æquum & iuſtum iubet faciendum est. Hæc ue

298.0 1191.0 663.0 53.0 ro memori mente reponenda ſunt ut perpetuo oculis

298.0 1234.0 663.0 63.0 obuerſentur noſtris ut́ hæc primum cogitemus in

867.0 1290.0 91.0 52.0 omnis

180.0 454.0 132.0 40.0 Sancto &

178.0 484.0 131.0 35.0 integro ani

179.0 512.0 127.0 39.0 mo fiant o¬

179.0 544.0 75.0 37.0 mnia.
