1000 1547
181.0 98.0 385.0 42.0 AD TIM. CAP. VI.

644.0 105.0 71.0 49.0 174

44.0 156.0 679.0 44.0 ctel prorſus ſurripiatur. Porrò ex hoc theſauro demen

47.0 193.0 675.0 52.0 ſum cibum eccleſiæ ut fidelis & prudens diſpenſator

44.0 241.0 679.0 46.0 diuidet in tempore ſuo. Sana uero doctrina corrum¬

45.0 281.0 677.0 50.0 pitur prophana uocum nouitate et prætextu ſcientiæ

46.0 326.0 677.0 51.0 quæ ſpeciem quidem ſapientiæ habet reuera autem ſe

45.0 370.0 678.0 47.0 ductio & impoſtura est. Intellexit autem Paulus quæ

45.0 412.0 679.0 52.0 cun ab hominibus aliena à uera religione inueniun¬

45.0 457.0 677.0 49.0 tur & ſpeciem quidem habent religionis & pietatis

46.0 499.0 677.0 53.0 ſed reuera ueritati repugnant. Cuiuſmodi hodie mul¬

46.0 544.0 677.0 43.0 ta inter Pontifitios uoluntantur & reuolutantur tan¬

47.0 587.0 676.0 54.0 ta́ neceßitate urgentur ut niſi quis nouis iſtis formis

47.0 634.0 676.0 47.0 utatur protinus habeatur pro hæretico. Verum quis

49.0 675.0 675.0 53.0 nam ſit iſtarum quæſtionum & argutationum fru¬

49.0 721.0 676.0 51.0 ctus ex eo patet quod ſequitur, Quam nonnulli pro¬

49.0 765.0 674.0 50.0 fitentes circa fidem aberrauerunt, id quod & I. cap.

49.0 807.0 675.0 50.0 inculcauit. Proinde cum nullum ſit doctrinæ genus an

49.0 850.0 673.0 54.0 tiquius purius ſimplitius & melius quàm quod autho

49.0 896.0 673.0 50.0 re Chriſto tradiderunt apoſtoli, relictis omnibus alijs

49.0 940.0 674.0 55.0 ſoli huic adhæreamus. Ad finem epiſtolæ propria ma¬

50.0 984.0 520.0 59.0 nu fidei notam adiecit, Gratia ſit tecum.

300.0 1122.0 144.0 51.0 FINIS.
