1000 1547
51 183 670 49 prâceſſerunt & cognitionem noſtram non ſubter¬

49 221 671 56 fugerunt, quippe cum prius ſint facta quàm nos de

47 262 671 57 homine formauerimus iudicium. Subſequentia er¬

49 305 665 60 go erunt quæ poſtea facta ſunt aut fiunt, & de qui¬

46 351 666 56 bus iudicare prius non licuit, utpote nondum factis.

46 392 669 56 Cõſimilem eſſe rationem bonorum operum nemo iam

44 435 668 58 est qui non intelligat. Iſta uero ſi obſeruemus fideliter

44 482 669 49 plurimum commodi afferent nobis in omni uita no¬

43 526 671 54 ſtra. Latißime enim patet iſtarum ſanctißimarum le¬

44 570 668 55 gum ſaluberrimus uſus. Nos potißima perſtringimus

41 613 671 54 tantum, ne quem oneremus diſputatione nimis proli¬

41 656 665 56 xa. Pij uero lectoris fuerit iſta pro rerum, locorum,

43 702 669 54 perſonarum & temporum ratione copioſius & pru

40 745 671 53 dentius diducere. Commentatoris uice fungor non o¬

39 792 670 48 ratoris. Indico non explico omnia. Sententiã uero uer

40 831 667 60 borum Pauli quanta poſſum diligentia & breuitate

39 879 120 44 expono.

223 128 390 48 AD TIM. CAP. VI.

652 131 75 49 162

718 950 115 49 CAP. VI.

113 926 585 69 Quicun ſub iugo ſunt ſerui

39 986 668 59 ſuos dominos omni honore di¬

40 1042 667 55 gnos ducant, ne nomen dei & do¬

39 1092 666 61 ctrina male audiat. Qui uero fide¬

38 1145 662 63 les habent dominos ne contẽnãt,

39 1197 667 64 ſed magis inſeruiant quod fideles

38 1255 663 74 ſint ac dilecti qui beneficentiæ parᛘ

503 1322 88 45 x 2
