1000 1547
306 171 669 54 tur epiſcopi ſiue ſacerdotes eccleſiarum miniſtri. Re¬

306 203 672 65 ceptum fuit & prophetarum temporibus aduleſcen¬

308 245 671 65 tes ad miniſteria alere ſacra. Nota eſt hiſtoria de Sa¬

308 289 672 66 muele. Traduntur item fuiſſe ſcholæ cum in Iericho

308 339 672 58 cui præerat Heliſeus, tum in Ramoth Galaad. Harum

310 380 667 61 alumni & Nazarei & prophetarum filij appella¬

308 427 673 57 bantur. Occurrunt ubi in prophetis iſtarum rerum

308 466 673 64 egregia ſpecimina. Et ſanè religioni & pietatis ſtu¬

308 511 672 60 dio ſine diſciplina & ſcholis huiuſmodi non bene con

308 553 672 63 ſulitur. Cœperunt ergo ab ipſis protinus incunabulis

310 596 672 62 Chriſtianæ fidei, magiſtris & authoribus apoſtolis, ali

310 643 670 60 ingenia egregia educari́ homines de quibus ſpes e¬

310 684 671 56 rat fore ut aliquando doctrina & uita eccleſiam à ma

310 733 671 57 ioribus plantatam iuſta cura & agricolatione proue

310 776 670 57 herent ad maturam frugem. Talibus ergo nunc præ¬

311 814 671 62 ſcribit leges, uidelicet ut imprimis ſint cõpoſiti, quod

310 860 672 57 ad morum candorem pertinet, ad pudorem liberalem

311 902 670 60 & ingenuum, ad grauitatem & reuerentiam, ut ſcili

311 945 670 61 cet toto uitæ habitu diſciplinam quandam præ ſe fe¬

314 988 658 60 rant Chriſtianam. Deinde præcipit ne ſint bilingues,

310 1033 667 59 hoc est inconſtantes, uani, futiles, leues & mendaces,

311 1077 670 55 adulatores & palpones. Notati ſunt hi & à ueteribus

310 1122 674 57 elegantißimis prouerbijs, cuius generis ſunt, Aliud

311 1165 672 58 ſtans aliud ſedens loquitur, Duos parietes de eadem

310 1209 667 56 dealbat fidelia, Ex eodem ore calidum & frigidum eſ

313 1252 668 63 flat. Fœdum ſanè hoc uitium est cum in omnibus tum

176 984 127 64 Non bilin.

179 1033 69 43 gues.

380 116 486 49 COMMENT, IN. I. EPIST.

957 1337 18 0 in
