1000 1547
204 104 363 47 AD TIM. CAP. V.

650 104 49 54 151

32 175 519 29 Hauld arbitror, uinum at cadauer inalco.

32 193 667 59 Cœpit ita & uiuum cadauer, & uiuum ſepulchrã

30 239 669 56 de ijs dici qui ſic uiuunt ut nihil uita dignum agant.

30 282 667 56 Paulus ergo delicatã uiduam iudicauit eſſe mortuam,

32 327 667 54 id est nihil minus quàm uiduam, utpote in qua præter

31 368 670 58 inane nomen ſuperſit nihih Subiungit his protinus ge¬

31 411 672 60 nerale præceptum, Et hæc præcipe ut irreprehenſibi

32 456 672 59 les ſint, hoc est, Quandoquidem ergo non deerunt

32 499 671 62 qui omnino uiduæ & eſſe & uideri uolent, tu præci¬

33 544 671 58 pies ut ita ſe gerant in uiduitate ne cui præbeant an¬

35 586 668 60 ſam male ſuſpicandi. Tandem uero in deſertrices illas

36 628 653 61 uiduas ut abſterreat à uitæ inſtituto inhoneſtißimo di

33 674 663 62 ſtricte ſic pronũciat, Quod ſi qua his præceptionibu

36 720 673 56 contemptis perrexerit liberorum aut nepotum aut

36 760 674 62 qui alioqui ad eius familiam pertinent curam excute¬

36 806 674 60 re, ea merito non mortua tantum cenſebitur, ſed per¬

39 849 672 62 fida quo & infideli deterior. Vel quia hoc officij ſi

37 893 675 58 bi naturæ uinculo iunctis negat quod ethnici nulla le¬

41 935 673 61 gũ neceßitate ſed naturæ inſtinctu ſuis præſtant. Vel

37 980 676 61 quod grauius ſit peccare eum qui ſub lege uiuit, quàm

37 1023 676 63 qui non ſubiectus est legi. At hodie ſumma habetur pi£

38 1070 676 56 etas ſi quis domi relictis liberis & uxore aut etiam

40 1110 673 60 grandæuis parentibus uel Hieroſolymam abeat, uel in

38 1151 677 63 monaſterium abdat ſeſe ſibi uicturus aut fortaßis etiã

37 1197 680 59 uentri. Vide quò impudentiæ uentum ſit in eccleſia

39 1240 679 76 Chriſui Nec impari prorſus dæmentia deſipiunt hodie.

704 623 133 37 Minæ in ui

705 654 132 45 duas deſer¬

710 680 73 44 trices.
