1183 1842
161.0 847.0 147.0 65.0 Arrogan¬

158.0 895.0 66.0 67.0 tia

399.0 75.0 634.0 64.0 COMMENT· POMER·

318.0 145.0 779.0 71.0 Non arroganter de uobis ſentiẽtes.

362.0 211.0 743.0 57.0 Exponit quod iam dixit, nõ inflemini donis, unde

315.0 256.0 792.0 63.0 faſtidiũ fratrũ naſcitur. Hæc uides ſubinde repeti, ut diᛘ

317.0 308.0 788.0 60.0 ligentius inculcẽtur : loquitur uero hic tantũ de ijs qui

320.0 362.0 785.0 57.0 dona acceperunt, non de ijs qui ſimulant: qui accepeᛘ

320.0 409.0 784.0 59.0 runt dona, primũ utantur illis: ſecundo, non abutãtur

380.0 469.0 721.0 64.0 Humilibus uos accommodãtes.

363.0 524.0 739.0 62.0 Id eſt, humilibus, & inferioribus uobis, uos at

318.0 575.0 781.0 60.0 temperate, agnoſcite eos fratres, quis non uideatis

318.0 625.0 781.0 60.0 eos tantis donis inſignitos, quantis uos, habetis enim

317.0 675.0 777.0 62.0 unum patrem, & expectatis eandem hæreditatem·

319.0 747.0 779.0 67.0 Ne ſitis arrogantes apud uoſmet.

369.0 815.0 727.0 51.0 Tertio hoc iam inculcat Paulus, niſi fecerit quis

317.0 854.0 782.0 61.0 ea, de quibus prædixit in hoc Cap· non poteſt, nõ arᛘ

318.0 905.0 779.0 63.0 rogãter de ſe ſentire: uult hãc radicẽ Apoſtolus prorᛘ

318.0 955.0 785.0 61.0 ſus euelli, ex hac enim oia mala naſcuntur, huius maliᛘ

315.0 1004.0 790.0 63.0 tia fit, ut alijs, ſi quæ ineis uidemus, ſua dona inuidea

315.0 1056.0 789.0 60.0 mus, & nobis arrogemus ſupra dona nobis data, cum

312.0 1106.0 794.0 64.0 tamen iſta amarulentia cõſequi nequeamus regnũ Dei¬

315.0 1156.0 787.0 64.0 Gaudendũ est mihi, ſi uideam in alio dona, quæ ego

315.0 1208.0 787.0 64.0 nõ habeo, nã ſcio ipſum ea habere, & in meã utilitatẽ

368.0 1270.0 666.0 65.0 Né cuiquam malum &c.

360.0 1331.0 745.0 57.0 Ex naturæ adfectu, nihil poßumus ferre in fratriᛘ

313.0 1375.0 794.0 65.0 bus, quod ex diametro cum charitate pugnat :ficri

314.0 1423.0 793.0 69.0 non poteſt, ut in quotidiano conuictu nõ fiamus diſᛘ

315.0 1474.0 795.0 79.0 cordes, igitur reconciliemur, non malum pro male

940.0 1544.0 171.0 62.0 reddamus
