1163 1837
141 74 630 61 IN EPIST· AD ROM·

73.0 155.0 758.0 52.0 etiam ſplendeſcant & niteant, mundi quadam po¬

72.0 193.0 760.0 63.0 tentia & ſapientia. Primi conculcantur pedibus eo¬

73.0 242.0 764.0 64.0 rum, qui per uiam tranſeunt, deuorantur item à uoᛘ

69.0 292.0 770.0 65.0 lucribus cœli, quæ aliud mihil ſunt, quàm impij do¬

71.0 345.0 767.0 62.0 ctores, ſiue Dæmones, qui tranſeunt & uolant per

70.0 395.0 773.0 62.0 mundum, omnia inquinantes, quæ ſancta ſunt, etiã

70.0 440.0 770.0 67.0 ſi quid reliquum eſt deuorantes, non enim permit¬

70.0 492.0 769.0 63.0 tunt, ut fructum in ijs faciat hoc ſemen benedictum.

69.0 541.0 773.0 65.0 Alteri, typo ſaxorum notantur, in quibas Verbum

69.0 594.0 774.0 61.0 non poteſt altius radices agere, nam ubi crux im¬

71.0 640.0 770.0 68.0 minet, recedunt, negantq́; ſanctũ Det Euangeliũ.

70.0 694.0 772.0 62.0 Poſtremi ſpinarum nomine indicantur, qui item munᛘ

72.0 747.0 771.0 58.0 di huius ſolicitudine adflicti, nequeunt Deum inuoca¬

71.0 792.0 771.0 66.0 re, & illius bonttate fidere. Soli ergo pij fructum

73.0 841.0 768.0 65.0 adferunt, ſed in pattentia, quam nemo habet,

72.0 890.0 775.0 67.0 niſi ſpiritus Dei adſit, quandoquidem natura, ubiᛘ

75.0 938.0 772.0 70.0 ſe flagellari uidet iuſto Dei iudicio, ſtatim oggan¬

73.0 988.0 774.0 69.0 nit, Deum ſibi aduerſari, traſct, ac tyrannum eſ¬

77.0 1038.0 770.0 72.0 ſe, ideo́ Spiritus ſanctus in nobis, intelligens pa¬

75.0 1094.0 771.0 62.0 ternam Dei uoluntatem, reprimit naturam, di¬

75.0 1139.0 770.0 65.0 cens: Neceſſe eſt, ut patiaris, nam hæc eſt bo¬

75.0 1194.0 771.0 59.0 na Dei uoluntas· Videtur autem in cruce ſæpenu

74.0 1237.0 775.0 70.0 mero, hic ſprritus ſe abſcondere, & non adeſſe, uerũ

77.0 1296.0 768.0 61.0 prodit tamen ſuo tempore, uult enim Deus, ut ores,

76.0 1342.0 773.0 66.0 et inuoces illius auxilium de ſancto. Oeculte hic ſpiriᛘ

74.0 1393.0 764.0 64.0 tus dicit: Fiat uoluntas tua, ut maxime non ſentias·

76.0 1442.0 772.0 76.0 Sit nobis exemplo, Chriſtus in horto, qui dixit: Au¬

664.0 1503.0 69.0 59.0 N2

843.0 161.0 198.0 64.0 Parabola ſe¬

841.0 217.0 172.0 82.0 minantis.

793 112 39 0 98
