1191 1858
138.0 956.0 194.0 63.0 Bona intẽtio.

413.0 100.0 617.0 61.0 COMMENT· POMER·

336.0 168.0 773.0 58.0 tur peccatum· Deus tibi peccatũ non imputabit, moᛘ

336.0 210.0 775.0 64.0 do ipſum ueracem eſſe credas· Quod tamen interim

337.0 258.0 774.0 66.0 Sathan tibi non permittit, facit peccata eſſe multo

336.0 308.0 775.0 68.0 maiora Dei promißionibus· Hic erit fortiter cõfiſtenᛘ

339.0 360.0 770.0 67.0 dum, & cũ hoc hoſte congrediendum: uide ut illius

335.0 412.0 772.0 64.0 conteras robur. Quod tum fiet, ſi præter omnẽ ſpem,

337.0 462.0 776.0 64.0 præter omnem ſenſum, credas Deo, qui te eripiet ex

337.0 510.0 774.0 69.0 inferno ſuo tempore, non ſinet te abſorberi undis

336.0 561.0 777.0 67.0 aquarum, tibi imminentium. Sic in omni neceßitate

338.0 613.0 776.0 65.0 externa, etiam penuria uentris, ſentias oportet· Eſt

337.0 661.0 776.0 67.0 omnipotens Deus per ſuum Verbũ, quicquid promitᛘ

339.0 712.0 773.0 65.0 tit, hoc præſtat, modo nos clamare ex corde poſſe¬

340.0 762.0 768.0 63.0 mus: Dimitte nobis debita &c· Sed quo minus hanc

341.0 815.0 690.0 63.0 gloriam reſignemus Deo, nos remoratur caro·

486.0 876.0 430.0 61.0 Certa perſuaſione.

388.0 932.0 722.0 59.0 Contra eos hoc dictum eſt, qui dicunt nos nõ cerᛘ

338.0 976.0 772.0 68.0 tos eſſe poſſe de noſtra ſalute, ſatis eſſe bonam intenᛘ

339 1024 771 72 tionem, quæ tamen nulla eſt coram Deo· Petri intenᛘ

340.0 1078.0 770.0 64.0 tio bona erat, cum diceret· Si oportuerit me mori te

339.0 1128.0 770.0 65.0 cum, non te negabo· Non equidem in ulio quod no¬

341.0 1175.0 769.0 67.0 ſtrum eſt, neq; in bona noſtra intentione conſiſtit noᛘ

341.0 1226.0 774.0 69.0 ſtra ſalus, ſed in Det promißione· In hac ſit noſtra

339 1275 769 67 intentio & certitudo, hanc à nobis requirit gloriam,

339 1323 773 72 potens eſt eam præſtare· Non indigebis, ut interceſ

341.0 1378.0 771.0 67.0 ſoribus utaris, Georgio, Chriſtophoro, Barbara, aut

336 1424 772 76 diua Catharina· QVAPROPTER· Ideſt,

333.0 1479.0 593.0 79.0 quia dedit hunc honorem ucrutatis Deo·

1032.0 1532.0 84.0 61.0 Non
