<?xml version='1.0' encoding='UTF-8'?>
<alto xmlns:xsi="http://www.w3.org/2001/XMLSchema-instance" xmlns="http://www.loc.gov/standards/alto/ns-v4#" xsi:schemaLocation="http://www.loc.gov/standards/alto/ns-v4# http://www.loc.gov/standards/alto/v4/alto-4-2.xsd">
  <Description>
    <MeasurementUnit>pixel</MeasurementUnit>
    <sourceImageInformation>
      <fileName>10AC1F79_uk4nGb4ppFbXi1WR_00225.jpg</fileName>
    </sourceImageInformation>
  </Description>
  <Tags>
    <OtherTag ID="BT7" LABEL="CustomZone" DESCRIPTION="block type CustomZone"/><OtherTag ID="BT8" LABEL="DamageZone" DESCRIPTION="block type DamageZone"/><OtherTag ID="BT9" LABEL="DigitizationArtefactZone" DESCRIPTION="block type DigitizationArtefactZone"/><OtherTag ID="BT10" LABEL="DropCapitalZone" DESCRIPTION="block type DropCapitalZone"/><OtherTag ID="BT11" LABEL="GraphicZone" DESCRIPTION="block type GraphicZone"/><OtherTag ID="BT12" LABEL="MainZone" DESCRIPTION="block type MainZone"/><OtherTag ID="BT13" LABEL="MarginTextZone" DESCRIPTION="block type MarginTextZone"/><OtherTag ID="BT14" LABEL="MusicZone" DESCRIPTION="block type MusicZone"/><OtherTag ID="BT15" LABEL="NumberingZone" DESCRIPTION="block type NumberingZone"/><OtherTag ID="BT17" LABEL="QuireMarksZone" DESCRIPTION="block type QuireMarksZone"/><OtherTag ID="BT18" LABEL="RunningTitleZone" DESCRIPTION="block type RunningTitleZone"/><OtherTag ID="BT19" LABEL="SealZone" DESCRIPTION="block type SealZone"/><OtherTag ID="BT20" LABEL="StampZone" DESCRIPTION="block type StampZone"/><OtherTag ID="BT21" LABEL="TableZone" DESCRIPTION="block type TableZone"/><OtherTag ID="BT22" LABEL="TitlePageZone" DESCRIPTION="block type TitlePageZone"/><OtherTag ID="BT3824" LABEL="MainZone-Continued" DESCRIPTION="block type MainZone-Continued"/><OtherTag ID="BT3825" LABEL="MarginTextZone-Notes" DESCRIPTION="block type MarginTextZone-Notes"/><OtherTag ID="BT3826" LABEL="MainZone-Head" DESCRIPTION="block type MainZone-Head"/><OtherTag ID="BT3827" LABEL="MainZone-P" DESCRIPTION="block type MainZone-P"/>
    <OtherTag ID="LT7" LABEL="CustomLine" DESCRIPTION="line type CustomLine"/><OtherTag ID="LT8" LABEL="DefaultLine" DESCRIPTION="line type DefaultLine"/><OtherTag ID="LT9" LABEL="DropCapitalLine" DESCRIPTION="line type DropCapitalLine"/><OtherTag ID="LT10" LABEL="HeadingLine" DESCRIPTION="line type HeadingLine"/><OtherTag ID="LT11" LABEL="InterlinearLine" DESCRIPTION="line type InterlinearLine"/><OtherTag ID="LT12" LABEL="MusicLine" DESCRIPTION="line type MusicLine"/>
  </Tags>
  <Layout>
    <Page WIDTH="1167" HEIGHT="1827" PHYSICAL_IMG_NR="21" ID="eSc_dummypage_">
      <PrintSpace HPOS="0" VPOS="0" WIDTH="1167" HEIGHT="1827">
        <TextBlock HPOS="113" VPOS="68" WIDTH="638" HEIGHT="54" ID="block_1" TAGREFS="BT18">
          <Shape><Polygon POINTS="751 68 751 122 113 122 113 68"/></Shape>
          <TextLine ID="line_1" TAGREFS="LT8" BASELINE="129 111 371 105 749 105" HPOS="126" VPOS="68" WIDTH="622" HEIGHT="65">
            <Shape><Polygon POINTS="690 68 312 68 300 71 216 68 211 73 126 73 127 133 205 132 214 124 329 132 359 123 527 130 588 121 696 121 719 129 748 120 748 103 735 68 690 68"/></Shape>
            <String CONTENT="IN EPIST· AD ROM·" HPOS="126" VPOS="68" WIDTH="622" HEIGHT="65"/>
          </TextLine>
        </TextBlock>
        <TextBlock HPOS="63" VPOS="136" WIDTH="785" HEIGHT="807" ID="block_2" TAGREFS="BT3824">
          <Shape><Polygon POINTS="848 136 848 943 63 943 63 136"/></Shape>
          <TextLine ID="line_2" TAGREFS="LT8" BASELINE="65 174 823 173" HPOS="63" VPOS="137" WIDTH="759" HEIGHT="62">
            <Shape><Polygon POINTS="732 137 198 137 195 140 76 140 63 173 63 199 111 197 121 188 167 199 341 199 361 188 396 197 420 188 458 197 554 188 591 197 627 188 819 193 822 172 819 140 744 140 741 137 732 137"/></Shape>
            <String CONTENT="tura. Quid poſſet fortius contra merita &amp; Liberum" HPOS="63" VPOS="137" WIDTH="759" HEIGHT="62" WC="0.9861537862797173"/>
          </TextLine>
          <TextLine ID="line_3" TAGREFS="LT8" BASELINE="67 226 823 222" HPOS="63" VPOS="179" WIDTH="759" HEIGHT="67">
            <Shape><Polygon POINTS="65 225 67 246 94 239 819 242 822 220 819 184 635 179 633 179 632 179 630 179 630 181 623 188 551 188 530 181 528 181 527 181 525 181 524 181 514 190 458 190 428 181 426 181 425 181 382 188 356 181 354 181 353 181 254 190 213 182 211 182 143 190 114 182 112 182 111 182 63 191 65 225"/></Shape>
            <String CONTENT="Arbitrium dici? Scribant nunc magnos libros Liberi" HPOS="63" VPOS="179" WIDTH="759" HEIGHT="67" WC="0.987238553762436"/>
          </TextLine>
          <TextLine ID="line_4" TAGREFS="LT8" BASELINE="66 276 821 273" HPOS="65" VPOS="235" WIDTH="756" HEIGHT="57">
            <Shape><Polygon POINTS="66 276 66 286 94 292 95 292 96 292 97 292 105 286 147 292 148 292 317 285 350 291 351 291 352 291 364 285 394 291 395 291 396 291 415 285 465 291 466 291 497 286 546 291 547 291 593 284 605 290 606 290 607 290 667 284 819 288 821 273 819 244 735 244 714 235 712 235 711 235 710 235 685 242 662 235 661 235 660 235 659 235 658 235 646 244 608 239 607 239 606 239 605 239 600 244 592 240 591 240 590 240 492 245 471 237 470 237 469 237 420 242 401 236 400 236 399 236 398 236 376 245 301 246 278 239 277 239 276 239 251 244 243 237 242 237 241 237 93 237 92 237 91 237 65 246 66 276"/></Shape>
            <String CONTENT="Arbitrij adſertores, uides uocationem, electionem," HPOS="65" VPOS="235" WIDTH="756" HEIGHT="57" WC="0.9988115727901459"/>
          </TextLine>
          <TextLine ID="line_5" TAGREFS="LT8" BASELINE="66 325 827 321" HPOS="65" VPOS="283" WIDTH="762" HEIGHT="63">
            <Shape><Polygon POINTS="66 325 66 337 101 345 102 346 180 346 180 345 181 345 197 337 239 337 248 344 249 344 250 344 251 344 289 337 309 344 310 344 311 344 312 344 327 336 377 336 396 343 397 343 398 343 399 343 418 336 440 343 441 343 442 344 556 344 556 343 557 343 558 343 566 337 627 343 628 343 629 343 649 334 669 342 670 342 671 342 717 334 746 342 747 342 748 342 749 342 771 334 782 342 783 342 784 342 785 343 826 343 827 321 824 283 768 284 767 284 766 284 755 292 727 283 726 283 652 283 651 283 650 283 649 283 633 294 575 294 531 284 530 284 529 284 528 284 512 293 421 287 420 287 419 287 418 287 407 294 300 285 299 285 298 285 280 294 265 289 264 289 263 289 262 289 239 295 193 290 192 290 163 295 152 286 151 286 150 286 149 286 148 286 126 293 109 286 108 286 107 286 65 296 66 325"/></Shape>
            <String CONTENT="iuſtificationem eſſe Dei, non noſtram, cũ nihil aliud" HPOS="65" VPOS="283" WIDTH="762" HEIGHT="63" WC="0.9879528195769699"/>
          </TextLine>
          <TextLine ID="line_6" TAGREFS="LT8" BASELINE="67 377 830 372" HPOS="66" VPOS="335" WIDTH="764" HEIGHT="62">
            <Shape><Polygon POINTS="67 377 67 395 173 397 174 397 226 389 237 396 238 396 239 396 240 396 325 391 351 396 352 396 397 388 569 394 570 394 571 394 597 387 675 394 676 394 677 394 693 386 716 393 717 393 718 393 719 393 735 386 829 386 830 372 829 342 808 335 807 335 806 335 805 335 774 345 722 345 677 335 676 335 675 335 645 344 621 337 620 337 619 337 577 345 556 336 555 336 554 336 553 336 523 347 470 347 463 341 462 341 461 341 460 341 459 341 448 346 436 341 435 341 434 341 379 346 360 339 359 339 300 339 299 339 298 339 297 339 286 346 243 347 220 339 219 339 218 339 145 348 109 340 108 340 66 341 67 377"/></Shape>
            <String CONTENT="ſit in nobis, quàm peccatum &amp; damnatio: tam cer¬" HPOS="66" VPOS="335" WIDTH="764" HEIGHT="62" WC="0.9976233134464342"/>
          </TextLine>
          <TextLine ID="line_7" TAGREFS="LT8" BASELINE="67 426 832 422" HPOS="66" VPOS="385" WIDTH="766" HEIGHT="61">
            <Shape><Polygon POINTS="67 426 67 437 97 437 108 446 109 446 110 446 111 446 146 441 167 446 168 446 169 446 273 441 294 445 295 445 337 436 360 442 361 442 362 442 363 442 382 436 405 443 406 443 407 443 461 435 489 444 490 444 491 444 536 435 564 444 565 444 566 445 617 445 617 444 618 444 645 434 685 440 686 440 750 434 774 442 775 442 776 442 778 442 802 435 830 437 832 422 831 393 811 385 810 385 784 385 783 385 782 385 781 385 771 393 693 393 640 385 639 385 638 385 610 393 449 386 448 386 447 386 446 386 446 387 437 395 393 395 382 387 381 387 380 387 327 387 326 387 325 387 312 393 257 389 256 389 255 389 254 389 254 390 250 394 238 389 237 389 236 389 235 389 234 389 227 395 212 388 211 388 179 388 178 388 177 388 176 388 166 396 94 396 84 389 83 389 82 389 81 389 80 389 66 393 67 426"/></Shape>
            <String CONTENT="tos nos facit Apoſtolus, de iſta Dei gratia, ut nulla" HPOS="66" VPOS="385" WIDTH="766" HEIGHT="61" WC="0.9959587803426778"/>
          </TextLine>
          <TextLine ID="line_8" TAGREFS="LT8" BASELINE="69 477 834 470" HPOS="68" VPOS="436" WIDTH="766" HEIGHT="62">
            <Shape><Polygon POINTS="69 477 69 490 140 490 153 495 154 495 155 495 156 495 167 490 193 498 195 498 196 498 243 493 276 497 277 497 278 497 293 491 299 495 300 495 301 495 302 495 303 495 325 488 359 496 360 497 400 497 400 496 401 496 423 488 442 494 443 494 444 494 445 494 459 487 474 495 475 495 476 495 477 495 478 495 492 487 557 487 573 495 574 495 575 495 576 495 577 495 588 489 595 493 596 493 597 493 639 488 650 494 651 494 652 494 653 495 688 495 688 494 689 494 690 494 701 487 723 493 724 493 725 493 833 488 834 470 832 444 736 439 735 439 705 444 694 436 693 436 692 436 662 436 661 436 660 436 642 444 584 438 582 438 526 445 514 437 513 437 512 437 511 437 482 443 451 437 450 437 401 438 400 438 382 446 261 439 260 439 258 439 257 439 248 447 229 443 228 443 193 449 152 449 138 440 137 440 136 440 135 440 100 448 87 440 86 440 85 440 84 440 68 440 69 477"/></Shape>
            <String CONTENT="creatura nos à Deo poßit ſeparari. Si nulla, ergo nec" HPOS="68" VPOS="436" WIDTH="766" HEIGHT="62" WC="0.9819522251685461"/>
          </TextLine>
          <TextLine ID="line_9" TAGREFS="LT8" BASELINE="69 525 837 520" HPOS="68" VPOS="486" WIDTH="769" HEIGHT="61">
            <Shape><Polygon POINTS="69 525 69 546 98 540 220 547 221 547 222 547 243 538 254 546 255 546 256 546 257 546 258 546 272 538 288 546 289 546 290 546 320 538 344 546 345 546 346 546 347 546 360 538 371 545 372 545 373 545 470 543 471 543 481 537 568 544 569 544 570 544 571 544 580 536 601 536 626 544 627 544 628 544 629 544 652 535 837 534 837 520 836 494 811 486 810 486 809 486 773 493 727 486 726 486 682 494 653 488 652 488 651 488 624 494 580 486 579 486 578 486 560 495 529 495 507 487 506 487 505 487 454 495 429 487 428 487 427 487 426 487 425 487 415 495 380 491 379 491 378 491 362 496 301 488 300 488 299 488 298 488 286 496 262 491 261 491 211 498 164 498 154 489 153 489 152 489 151 489 68 489 69 525"/></Shape>
            <String CONTENT="Sathan, qui poſſet ergo ſordidum peccatum? Domi¬" HPOS="68" VPOS="486" WIDTH="769" HEIGHT="61" WC="0.9875702659289042"/>
          </TextLine>
          <TextLine ID="line_10" TAGREFS="LT8" BASELINE="72 575 839 572" HPOS="71" VPOS="535" WIDTH="768" HEIGHT="61">
            <Shape><Polygon POINTS="72 575 74 596 88 588 127 588 141 595 142 595 143 596 210 596 210 595 211 595 212 595 222 589 237 595 238 595 239 596 307 596 307 595 308 595 329 587 377 587 389 594 390 594 391 594 392 594 393 594 410 588 422 594 423 594 424 594 463 589 494 594 495 594 496 594 497 594 508 587 588 592 589 592 590 592 602 586 619 593 620 593 621 594 657 594 657 593 658 593 659 593 669 586 714 586 737 593 738 593 739 593 788 586 837 591 839 572 836 535 781 542 754 536 753 536 752 536 751 536 740 545 704 539 703 539 702 539 682 545 664 535 663 535 662 535 661 535 660 535 652 540 636 536 635 536 634 536 581 546 539 536 538 536 444 542 437 537 436 537 435 537 434 537 433 537 432 537 421 546 348 536 347 536 346 536 325 548 216 548 199 540 198 540 197 540 196 540 179 547 139 547 116 537 115 537 114 537 113 537 112 537 100 548 71 548 72 575"/></Shape>
            <String CONTENT="nus pugnat pro nobis, nos ſabbatum agimus·Taliũ" HPOS="71" VPOS="535" WIDTH="768" HEIGHT="61"/>
          </TextLine>
          <TextLine ID="line_11" TAGREFS="LT8" BASELINE="72 625 829 625" HPOS="72" VPOS="586" WIDTH="757" HEIGHT="64">
            <Shape><Polygon POINTS="72 625 73 649 95 644 116 649 117 649 118 649 119 649 136 643 227 649 228 649 229 649 253 639 278 649 279 649 280 650 342 650 342 649 343 649 372 640 392 648 393 648 394 648 395 648 396 648 409 639 435 639 467 639 483 646 484 646 485 646 486 646 511 639 552 644 553 644 604 640 625 649 626 649 627 649 628 649 651 639 704 639 720 649 721 649 722 649 723 650 775 650 775 649 776 649 778 649 791 639 812 647 813 647 814 647 829 644 829 625 829 596 797 596 771 586 770 586 769 586 768 586 767 586 759 591 744 586 743 586 742 586 633 587 593 597 551 597 523 586 522 586 521 586 520 586 499 597 454 597 445 590 444 590 443 590 442 590 395 595 366 586 365 586 303 586 302 586 301 586 279 597 254 597 236 587 235 587 234 587 233 587 232 587 221 596 116 596 100 586 99 586 98 586 72 586 72 625"/></Shape>
            <String CONTENT="locorum plena eſt ſcriptura, adeo, ut fere ubiq; pugᛘ" HPOS="72" VPOS="586" WIDTH="757" HEIGHT="64"/>
          </TextLine>
          <TextLine ID="line_12" TAGREFS="LT8" BASELINE="72 678 837 672" HPOS="71" VPOS="636" WIDTH="766" HEIGHT="58">
            <Shape><Polygon POINTS="72 678 72 688 168 694 169 694 170 694 171 694 179 688 198 693 199 693 200 693 201 693 225 687 300 693 301 694 373 694 373 693 374 693 384 688 398 692 399 692 400 692 401 692 412 686 421 692 422 692 423 692 424 692 488 686 517 692 519 692 595 691 596 691 597 691 604 686 651 691 652 691 687 685 727 690 728 690 729 690 730 690 738 685 753 690 754 690 755 690 756 690 771 685 836 686 837 672 835 642 790 636 789 636 788 636 787 636 775 646 730 646 717 637 716 637 715 637 684 636 683 636 682 636 663 646 642 639 641 639 640 639 639 639 638 639 629 647 566 647 532 637 531 637 530 637 485 638 484 638 483 638 470 648 450 648 439 640 438 640 437 640 436 640 406 644 377 638 376 638 375 638 352 648 297 640 296 640 263 647 249 642 248 642 247 642 216 649 192 643 191 643 190 643 142 649 109 640 108 640 107 640 71 647 72 678"/></Shape>
            <String CONTENT="net contra merita noſtra, &amp; Liberum Arbitriũ· His" HPOS="71" VPOS="636" WIDTH="766" HEIGHT="58" WC="0.9828144466876984"/>
          </TextLine>
          <TextLine ID="line_13" TAGREFS="LT8" BASELINE="74 726 841 724" HPOS="73" VPOS="686" WIDTH="768" HEIGHT="61">
            <Shape><Polygon POINTS="74 726 74 747 184 737 229 743 230 743 231 743 232 743 239 738 251 746 252 746 253 746 333 737 354 737 364 745 365 745 366 745 367 745 368 745 393 737 424 746 425 746 426 746 427 746 441 738 455 746 456 746 457 746 542 736 562 745 563 745 564 745 840 735 841 724 838 686 811 687 810 687 809 687 796 696 708 690 707 690 680 696 656 686 655 686 654 686 653 686 629 696 614 686 613 686 612 686 578 686 577 686 502 696 486 686 485 686 484 686 458 686 457 686 456 686 455 686 435 697 414 697 399 687 398 687 397 687 396 687 358 689 357 689 356 689 345 698 260 698 245 687 244 687 243 687 242 687 173 696 128 687 127 687 126 687 125 687 113 696 73 698 74 726"/></Shape>
            <String CONTENT="qui non uult moueri, lapis ſit, neceſſe eſt, maxime cũ" HPOS="73" VPOS="686" WIDTH="768" HEIGHT="61" WC="0.9889363744042137"/>
          </TextLine>
          <TextLine ID="line_14" TAGREFS="LT8" BASELINE="73 777 841 773" HPOS="72" VPOS="737" WIDTH="769" HEIGHT="60">
            <Shape><Polygon POINTS="73 777 73 790 220 797 221 797 222 797 223 797 234 789 265 789 304 796 305 796 306 796 321 789 367 796 368 796 400 789 462 794 463 794 464 794 472 790 478 795 479 795 480 795 481 795 514 788 533 795 534 795 535 796 560 796 560 795 561 795 562 795 573 788 610 795 611 795 643 790 722 794 723 794 724 794 738 787 767 787 776 794 778 794 779 794 780 794 840 789 841 773 839 747 794 737 768 737 767 737 766 737 765 737 751 747 685 747 659 737 658 737 657 737 656 737 634 747 543 738 542 738 541 738 540 738 528 747 489 740 488 740 455 749 426 749 409 739 408 739 407 739 406 739 381 748 313 739 312 739 263 749 72 741 73 777"/></Shape>
            <String CONTENT="audit proprium filium Det, pro ſe datum, non adop¬" HPOS="72" VPOS="737" WIDTH="769" HEIGHT="60" WC="0.9969741368293762"/>
          </TextLine>
          <TextLine ID="line_15" TAGREFS="LT8" BASELINE="72 827 844 823" HPOS="71" VPOS="788" WIDTH="773" HEIGHT="58">
            <Shape><Polygon POINTS="72 827 72 837 166 837 180 845 181 845 182 845 183 846 237 846 237 845 238 845 251 838 313 844 314 844 315 844 343 836 418 844 419 844 420 844 458 835 508 835 529 843 530 843 531 843 585 842 586 842 599 835 649 843 650 843 726 835 740 842 741 842 742 843 770 843 770 842 844 833 844 823 840 794 650 797 638 788 637 788 636 788 604 788 603 788 602 788 584 798 526 798 459 788 458 788 457 788 423 799 372 799 354 789 353 789 330 789 329 789 328 789 304 798 261 791 260 791 258 791 257 791 246 800 227 800 208 791 207 791 206 791 205 791 178 799 157 790 156 790 155 790 71 791 72 827"/></Shape>
            <String CONTENT="tiuum, aut Angelum, aut hominem aliquem: quæ erᛘ" HPOS="71" VPOS="788" WIDTH="773" HEIGHT="58"/>
          </TextLine>
          <TextLine ID="line_16" TAGREFS="LT8" BASELINE="78 876 850 873" HPOS="77" VPOS="835" WIDTH="773" HEIGHT="61">
            <Shape><Polygon POINTS="78 876 78 896 111 896 111 895 112 895 127 887 202 892 203 892 204 892 218 887 228 895 229 895 230 895 231 896 276 896 276 895 277 895 278 895 290 887 315 895 316 895 317 895 318 895 319 895 335 886 349 894 350 894 351 895 392 895 392 894 393 894 394 894 402 887 433 894 434 895 474 895 474 894 475 894 476 894 484 888 514 894 515 894 516 894 531 887 567 894 568 894 569 894 584 889 596 893 597 893 598 893 599 893 600 893 612 885 651 893 652 893 653 893 667 886 680 890 681 890 682 890 714 885 722 891 723 891 724 891 725 891 726 891 727 891 734 885 747 890 748 890 749 890 850 883 850 873 845 837 835 844 794 844 784 835 783 835 782 835 781 835 750 841 727 835 726 835 725 835 724 835 706 844 650 844 633 835 632 835 631 835 630 835 605 841 593 835 592 835 591 835 544 841 532 836 531 836 442 836 441 836 440 836 426 842 403 836 402 836 401 836 400 836 399 836 385 844 350 840 349 840 348 840 333 845 213 839 212 839 211 839 195 845 185 838 184 838 183 838 182 838 181 838 168 845 77 846 78 876"/></Shape>
            <String CONTENT="go maior erga nos poßit eſſe Dei dilectio? TRA¬" HPOS="77" VPOS="835" WIDTH="773" HEIGHT="61" WC="0.9830341592748114"/>
          </TextLine>
          <TextLine ID="line_17" TAGREFS="LT8" BASELINE="75 929 601 923" HPOS="74" VPOS="886" WIDTH="527" HEIGHT="58">
            <Shape><Polygon POINTS="75 929 75 940 180 938 193 944 195 944 196 944 284 936 408 942 409 942 410 942 411 942 419 936 426 941 427 941 428 941 429 942 510 942 510 941 511 941 512 941 512 940 519 935 542 939 543 939 544 939 545 939 545 938 550 934 600 939 601 923 599 895 572 895 564 887 564 886 563 886 562 886 561 886 560 886 541 893 520 888 519 888 517 888 456 895 433 886 432 886 431 886 430 886 429 886 410 898 365 898 344 887 343 887 342 887 341 887 319 897 295 889 294 889 293 889 292 889 291 889 281 898 246 900 230 900 215 889 214 889 213 889 212 889 141 890 140 890 119 899 104 891 103 891 102 891 74 893 75 929"/></Shape>
            <String CONTENT="DIDIT· Scilicet, in mortem·" HPOS="74" VPOS="886" WIDTH="527" HEIGHT="58"/>
          </TextLine>
        </TextBlock>
        <TextBlock HPOS="268" VPOS="960" WIDTH="400" HEIGHT="65" ID="block_3" TAGREFS="BT3826">
          <Shape><Polygon POINTS="668 960 668 1025 268 1025 268 960"/></Shape>
          <TextLine ID="line_18" TAGREFS="LT8" BASELINE="282 1006 657 1008" HPOS="281" VPOS="960" WIDTH="376" HEIGHT="73">
            <Shape><Polygon POINTS="584 960 582 960 550 974 515 974 472 960 471 960 470 960 469 960 427 973 368 973 351 966 350 966 349 966 348 966 329 972 318 963 318 962 317 962 316 962 282 961 282 1006 281 1024 345 1031 346 1031 347 1031 348 1031 348 1030 356 1024 395 1031 396 1031 397 1031 398 1031 408 1023 442 1030 443 1030 444 1030 461 1023 481 1032 482 1032 483 1033 511 1033 511 1032 548 1024 573 1032 574 1032 575 1032 576 1032 601 1024 656 1024 657 1008 656 964 585 960 584 960"/></Shape>
            <String CONTENT="Qui fieri poteſt?" HPOS="281" VPOS="960" WIDTH="376" HEIGHT="73" WC="0.9972293762599721"/>
          </TextLine>
        </TextBlock>
        <TextBlock HPOS="69" VPOS="1037" WIDTH="793" HEIGHT="469" ID="block_4" TAGREFS="BT3827">
          <Shape><Polygon POINTS="862 1037 862 1506 69 1506 69 1037"/></Shape>
          <TextLine ID="line_19" TAGREFS="LT8" BASELINE="134 1079 853 1079" HPOS="134" VPOS="1038" WIDTH="719" HEIGHT="53">
            <Shape><Polygon POINTS="824 1038 814 1038 804 1038 794 1038 784 1038 772 1047 709 1047 699 1038 692 1038 682 1038 672 1038 662 1038 652 1038 641 1038 631 1038 621 1038 611 1038 601 1038 591 1038 580 1038 570 1038 560 1038 552 1038 545 1044 480 1045 465 1038 459 1038 452 1038 414 1043 407 1038 399 1038 385 1047 314 1047 307 1041 306 1041 305 1041 304 1041 278 1046 228 1038 225 1038 217 1038 210 1044 189 1039 188 1039 187 1039 186 1039 185 1039 179 1045 164 1041 163 1041 162 1041 134 1046 134 1079 134 1090 852 1091 853 1079 853 1047 838 1047 828 1038 824 1038"/></Shape>
            <String CONTENT="Certißimum argumentum. Si dedit in mortem fi¬" HPOS="134" VPOS="1038" WIDTH="719" HEIGHT="53" WC="0.9904654542605082"/>
          </TextLine>
          <TextLine ID="line_20" TAGREFS="LT8" BASELINE="79 1129 854 1131" HPOS="79" VPOS="1090" WIDTH="775" HEIGHT="62">
            <Shape><Polygon POINTS="79 1129 79 1143 145 1142 156 1149 157 1149 158 1149 159 1151 187 1151 187 1149 188 1149 189 1149 198 1142 231 1142 298 1149 299 1149 357 1142 371 1149 372 1149 373 1151 439 1151 439 1149 440 1149 466 1142 493 1151 494 1151 495 1152 622 1152 622 1151 623 1151 640 1144 657 1151 658 1151 659 1151 691 1143 820 1151 821 1151 822 1151 823 1151 834 1143 852 1144 854 1131 854 1095 845 1091 844 1091 843 1091 841 1091 823 1101 803 1101 748 1091 615 1091 614 1091 613 1091 595 1100 508 1093 507 1093 506 1093 505 1093 496 1101 467 1101 421 1100 411 1093 410 1093 409 1093 408 1093 368 1099 327 1090 326 1090 270 1100 196 1100 182 1090 181 1090 180 1090 179 1090 125 1097 79 1090 79 1129"/></Shape>
            <String CONTENT="lium ſuum unigenitum, per quem omnia fecit, &amp; qui" HPOS="79" VPOS="1090" WIDTH="775" HEIGHT="62" WC="0.9848788684728195"/>
          </TextLine>
          <TextLine ID="line_21" TAGREFS="LT8" BASELINE="78 1181 852 1179" HPOS="77" VPOS="1141" WIDTH="775" HEIGHT="58">
            <Shape><Polygon POINTS="78 1181 79 1199 105 1190 183 1190 193 1198 195 1198 196 1198 197 1198 198 1198 216 1190 271 1197 272 1197 319 1190 342 1198 343 1198 344 1198 345 1198 375 1190 413 1195 414 1195 485 1189 544 1195 545 1195 546 1195 562 1191 570 1197 571 1197 572 1197 573 1198 628 1198 628 1197 629 1197 630 1197 636 1192 642 1197 643 1197 644 1197 645 1197 646 1197 664 1189 682 1189 693 1197 694 1197 695 1197 696 1197 821 1192 850 1197 852 1179 850 1151 760 1142 759 1142 758 1142 757 1142 746 1151 663 1151 653 1141 652 1141 651 1141 553 1141 552 1141 551 1141 550 1141 540 1149 517 1142 516 1142 515 1142 514 1142 499 1151 414 1151 386 1143 385 1143 384 1143 383 1143 366 1151 292 1144 291 1144 244 1151 222 1142 221 1142 184 1142 183 1142 182 1142 181 1142 169 1152 143 1152 77 1143 78 1181"/></Shape>
            <String CONTENT="hæres eſt omnium creaturarum, qui fieret, ut etiam" HPOS="77" VPOS="1141" WIDTH="775" HEIGHT="58" WC="0.9752450072765351"/>
          </TextLine>
          <TextLine ID="line_22" TAGREFS="LT8" BASELINE="80 1231 379 1227 853 1230" HPOS="80" VPOS="1192" WIDTH="773" HEIGHT="51">
            <Shape><Polygon POINTS="80 1231 80 1243 852 1243 853 1230 852 1200 793 1192 792 1192 748 1193 747 1193 746 1193 738 1199 687 1199 677 1192 676 1192 675 1192 647 1192 646 1192 645 1192 644 1192 635 1199 608 1192 607 1192 606 1192 605 1192 590 1199 570 1193 569 1193 568 1193 567 1193 551 1200 504 1200 438 1192 437 1192 436 1192 435 1192 426 1200 367 1200 320 1192 319 1192 318 1192 301 1199 238 1192 237 1192 236 1192 235 1192 227 1199 195 1199 161 1192 160 1192 159 1192 142 1200 80 1200 80 1231"/></Shape>
            <String CONTENT="non daret hæreditatem? Contemptius ſane quiddam" HPOS="80" VPOS="1192" WIDTH="773" HEIGHT="51" WC="0.9996759904191849"/>
          </TextLine>
          <TextLine ID="line_23" TAGREFS="LT8" BASELINE="79 1280 679 1277 848 1281" HPOS="78" VPOS="1237" WIDTH="770" HEIGHT="60">
            <Shape><Polygon POINTS="79 1280 79 1289 102 1297 103 1297 104 1297 156 1289 287 1297 288 1297 289 1297 310 1289 328 1296 329 1296 330 1296 423 1288 451 1294 452 1294 454 1294 473 1288 516 1294 517 1294 596 1288 632 1296 633 1296 634 1296 660 1290 710 1296 711 1296 712 1296 728 1289 846 1295 848 1281 847 1247 784 1247 770 1238 769 1238 768 1238 767 1238 766 1238 765 1238 750 1247 726 1238 725 1238 724 1238 723 1238 703 1247 660 1247 651 1241 650 1241 649 1241 647 1241 625 1245 593 1238 592 1238 591 1238 574 1247 540 1247 524 1238 523 1238 522 1238 521 1238 520 1238 485 1247 465 1237 464 1237 463 1237 462 1237 461 1237 443 1248 422 1248 381 1241 380 1241 379 1241 362 1248 350 1238 349 1238 348 1238 264 1238 263 1238 262 1238 237 1245 228 1238 227 1238 226 1238 225 1238 224 1238 202 1246 180 1238 179 1238 147 1238 146 1238 145 1238 144 1238 135 1245 78 1239 79 1280"/></Shape>
            <String CONTENT="hæreditas eſt, hærede: Abraham contempſit hanc," HPOS="78" VPOS="1237" WIDTH="770" HEIGHT="60" WC="0.9974130341347228"/>
          </TextLine>
          <TextLine ID="line_24" TAGREFS="LT8" BASELINE="78 1330 856 1328" HPOS="77" VPOS="1293" WIDTH="779" HEIGHT="54">
            <Shape><Polygon POINTS="78 1330 78 1343 105 1339 149 1346 150 1346 183 1339 222 1347 223 1347 224 1347 252 1339 300 1347 301 1347 302 1347 321 1339 364 1339 383 1347 384 1347 385 1347 386 1347 408 1339 425 1347 426 1347 427 1347 428 1347 445 1339 500 1344 501 1344 502 1344 503 1344 511 1338 535 1338 623 1346 624 1346 625 1346 626 1346 638 1338 670 1345 671 1345 747 1338 770 1346 771 1346 772 1346 804 1341 811 1346 812 1346 813 1346 814 1346 856 1345 856 1328 853 1294 774 1298 768 1293 767 1293 766 1293 765 1293 764 1293 737 1300 706 1293 705 1293 670 1300 661 1293 660 1293 659 1293 658 1293 623 1299 602 1293 601 1293 600 1293 551 1300 520 1293 519 1293 472 1300 404 1294 403 1294 402 1294 387 1300 350 1294 349 1294 348 1294 331 1302 263 1302 243 1294 242 1294 241 1294 240 1294 219 1301 158 1294 157 1294 156 1294 139 1302 77 1302 78 1330"/></Shape>
            <String CONTENT="cum hærede careret, deit enim: Quid mihi cum diᛘ" HPOS="77" VPOS="1293" WIDTH="779" HEIGHT="54"/>
          </TextLine>
          <TextLine ID="line_25" TAGREFS="LT8" BASELINE="76 1380 855 1380" HPOS="76" VPOS="1341" WIDTH="779" HEIGHT="58">
            <Shape><Polygon POINTS="76 1380 76 1389 93 1398 94 1398 95 1398 96 1398 114 1392 127 1398 128 1398 130 1399 214 1399 214 1398 215 1398 216 1398 224 1392 292 1398 293 1398 294 1398 310 1390 350 1390 377 1398 378 1398 379 1398 421 1391 434 1397 435 1397 436 1397 437 1397 461 1390 514 1390 524 1397 525 1397 526 1397 527 1397 528 1397 553 1390 571 1397 572 1397 573 1397 574 1397 575 1397 585 1390 610 1395 611 1395 655 1390 666 1397 667 1397 668 1397 669 1397 670 1397 698 1390 730 1390 743 1398 744 1398 745 1398 746 1398 855 1394 855 1380 854 1351 763 1351 745 1342 744 1342 743 1342 707 1347 685 1341 684 1341 669 1341 668 1341 667 1341 666 1341 652 1351 601 1341 600 1341 546 1352 514 1352 478 1341 477 1341 476 1341 444 1347 427 1341 426 1341 379 1341 378 1341 377 1341 376 1341 366 1347 350 1341 349 1341 348 1341 347 1341 325 1347 301 1341 300 1341 299 1341 298 1341 278 1352 164 1352 150 1344 149 1344 148 1344 124 1349 117 1344 116 1344 115 1344 114 1344 113 1344 99 1351 76 1348 76 1380"/></Shape>
            <String CONTENT="uitijs, quas mihi dediſti, hæres nullus eſt? Ergo conᛘ" HPOS="76" VPOS="1341" WIDTH="779" HEIGHT="58"/>
          </TextLine>
          <TextLine ID="line_26" TAGREFS="LT8" BASELINE="77 1431 853 1431" HPOS="77" VPOS="1392" WIDTH="776" HEIGHT="60">
            <Shape><Polygon POINTS="77 1431 77 1451 123 1444 166 1451 167 1451 168 1451 169 1451 180 1442 213 1442 223 1448 224 1448 225 1448 226 1448 227 1448 241 1442 267 1448 268 1448 269 1448 323 1442 337 1451 338 1451 339 1451 340 1452 376 1452 376 1451 377 1451 378 1451 390 1443 411 1450 412 1450 413 1450 414 1450 433 1442 456 1451 457 1451 458 1452 546 1452 546 1451 547 1451 567 1442 606 1442 618 1451 619 1451 620 1451 621 1451 661 1442 694 1447 695 1447 722 1442 737 1451 738 1451 739 1451 740 1452 764 1452 764 1451 765 1451 802 1442 813 1451 814 1451 815 1451 816 1452 834 1452 834 1451 835 1451 836 1451 853 1441 853 1431 853 1397 837 1392 836 1392 835 1392 834 1392 833 1392 823 1401 760 1401 727 1392 726 1392 725 1392 724 1392 706 1400 688 1392 687 1392 686 1392 685 1392 669 1401 590 1401 577 1392 576 1392 575 1392 533 1392 532 1392 492 1400 418 1392 417 1392 416 1392 415 1392 404 1401 348 1401 337 1392 336 1392 335 1392 297 1392 296 1392 295 1392 276 1400 260 1392 258 1392 257 1392 256 1392 255 1392 243 1401 178 1401 113 1392 112 1392 77 1394 77 1431"/></Shape>
            <String CONTENT="ſtanter credendũ, quod Deus dederit pro nobis, et noᛘ" HPOS="77" VPOS="1392" WIDTH="776" HEIGHT="60"/>
          </TextLine>
          <TextLine ID="line_27" TAGREFS="LT8" BASELINE="70 1482 549 1480 847 1484" HPOS="70" VPOS="1441" WIDTH="777" HEIGHT="82">
            <Shape><Polygon POINTS="70 1482 70 1517 111 1510 145 1522 146 1522 147 1523 240 1523 240 1522 241 1522 242 1522 270 1505 354 1505 400 1522 401 1522 402 1523 428 1523 428 1522 429 1522 442 1515 482 1522 483 1522 484 1522 525 1511 538 1522 539 1522 540 1522 541 1523 686 1523 686 1522 687 1522 721 1505 846 1505 847 1484 847 1448 828 1442 827 1442 826 1442 784 1450 760 1443 759 1443 758 1443 757 1443 732 1451 664 1451 643 1441 642 1441 641 1441 640 1441 639 1441 627 1449 613 1443 612 1443 611 1443 568 1450 541 1445 540 1445 539 1445 525 1451 442 1451 424 1441 423 1441 379 1441 378 1441 377 1441 352 1450 340 1441 339 1441 338 1441 309 1441 308 1441 307 1441 306 1441 294 1451 240 1451 227 1441 226 1441 225 1441 224 1441 169 1447 99 1441 98 1441 97 1441 70 1450 70 1482"/></Shape>
            <String CONTENT="bis, Eſauæ y ſuum filium: ergo cum illo, &amp; in ilo" HPOS="70" VPOS="1441" WIDTH="777" HEIGHT="82" WC="0.9556109357853325"/>
          </TextLine>
        </TextBlock>
        <TextBlock HPOS="764" VPOS="75" WIDTH="64" HEIGHT="46" ID="block_5" TAGREFS="BT15">
          <Shape><Polygon POINTS="827 75 828 121 764 121 764 75"/></Shape>
          <TextLine ID="line_28" TAGREFS="LT8" BASELINE="768 105 817 105" HPOS="767" VPOS="50" WIDTH="49" HEIGHT="76">
            <Shape><Polygon POINTS="767 103 767 121 815 126 816 103 815 50 767 57 767 103"/></Shape>
            <String CONTENT="103" HPOS="767" VPOS="50" WIDTH="49" HEIGHT="76" WC="0.9999844630559286"/>
          </TextLine>
        </TextBlock>
        <TextBlock HPOS="832" VPOS="132" WIDTH="196" HEIGHT="110" ID="block_6" TAGREFS="BT3825">
          <Shape><Polygon POINTS="849 134 1028 132 1028 242 832 242 832 136"/></Shape>
          <TextLine ID="line_29" TAGREFS="LT8" BASELINE="837 173 919 173 1021 169" HPOS="834" VPOS="129" WIDTH="186" HEIGHT="64">
            <Shape><Polygon POINTS="834 137 836 172 836 193 1020 182 1020 168 1016 129 834 132 834 137"/></Shape>
            <String CONTENT="Contra Lib¬" HPOS="834" VPOS="129" WIDTH="186" HEIGHT="64" WC="0.9799364534291354"/>
          </TextLine>
          <TextLine ID="line_30" TAGREFS="LT8" BASELINE="837 222 915 222" HPOS="836" VPOS="181" WIDTH="78" HEIGHT="71">
            <Shape><Polygon POINTS="836 220 836 246 912 252 914 220 914 190 857 181 856 181 854 181 836 188 836 220"/></Shape>
            <String CONTENT="Arb·" HPOS="836" VPOS="181" WIDTH="78" HEIGHT="71"/>
          </TextLine>
        </TextBlock>
      </PrintSpace>
    </Page>
  </Layout>
</alto>
