1207 1850
163 83 650 66 IN EPIST · AD ROM ·

99 157 770 58 enim ſe bonos & iuſtos eſſe uiros, coram Deo tamen

95 200 773 67 ſunt tranſgreſſores legis, id eſt, ipſam non implent

93 255 774 60 ex corde, ut maxime coram mundo non accuſentur

94 303 777 64 impietatis. Ergo tranſgreßio ad agnoſcentes peccatũ

94 356 772 61 pertinet, non ad eos qui ignorant, ſic Paulus dicit,

95 405 429 64 Vbi lex uenit, mortuus ſum.

289 464 340 67 Idcirco ex fide.

137 522 733 62 Irata Deo conſcientia, non glorificat Deũ, poſtq̃

99 567 765 64 ſe uidet abijci reuelato peccato. Nam in inferno quis

91 619 778 63 confitebitur tibi &c? Ita augetur peccatum & fit ma

91 668 775 67 nifeſta tranſgreßio. Si itaq iuſticia eſſet ex operibus,

90 722 780 62 nemo poſſet pacare conſcientiam ſuam. At quia Deus

93 770 777 64 gratis dat, non poſſumus eſſe incerti de iuſticia no¬

91 820 775 65 ſtra, unde & conſcientia tranquilla fit · Vchemens

91 874 662 59 eſt hoc argumentum, nemo illud contemnat¬

824 81 41 65 42

233 931 512 64 Vt ſecundum gratiam.

255 980 448 67 Id eſt, gratis ſit . Ad quid?

170 1029 696 88 Vt firma ſit promiſſio uniuer.

86 1099 252 69 ſo ſemini.

882 516 184 79 VII. Argu¬

887 581 130 89 nentum.

122 1167 748 62 Id eſt, nobis omnibus, ne quis noſtrum dubitet

89 1213 781 64 de ſua ſalute. Nam cum in manu Dei eſt, certi de ea

89 1261 780 70 ſumus. Si autem in noſtra eſſet, eſſemus miſerrimæ

88 1314 758 65 creaturæ, ſiquidem de ea nunquàm eſſemus certi¬

87 1362 780 65 Quod contra illos eſt, qui dicunt nos non debere eſſe

88 1415 772 62 certos de ſalute, quo nihil aliud uolunt, quàm non es

86 1464 781 77 ſe credendum, ac ita perierit plané omnis ſpes ſalu¬

876 1338 198 69 Certi ſumus

875 1396 145 71 de salute ·

694 1565 60 0 F3
