1198 1854
816 94 46 58 44

149 83 646 63 IN EPIST·  AD ROM·

137.0 153.0 733.0 61.0 Coram Deo erat transferendum. Eraſmus ſic in¬

88 186 776 84 tellexit: quemadmodum Deus eſt cõmunis pater om¬

91 241 773 80 tium, ita & Abrahamum cõmunem omnium patrẽ

89.0 295.0 778.0 73.0 conſtituit· Verum licet hæc non mala, tamen alia eſt

92.0 346.0 772.0 70.0 ſententia hoc loco·  Conſtitui te coram Deo patrem,

90.0 394.0 777.0 76.0 id eſt, in regno inuiſibili uel ſpirituali, quod eſt reg¬

92.0 443.0 779.0 76.0 num fidei, in quo tantum Deus eſt rex. Eſtq́; ſim¬

95.0 498.0 772.0 70.0 plex quædam Occupatiuncula, ne quis dicat: Quo

94.0 541.0 775.0 74.0 modo eſt pater Gentium? Reſpondet: Non ſecundũ

93.0 592.0 773.0 73.0 carnem, ſed per ſpiritum uel fidem eſt eorum pater·

155.0 662.0 530.0 61.0 QVI VITAE·  Vel ad uitam·

377.0 715.0 174.0 55.0 Vocat.

145.0 765.0 727.0 67.0 Scilicet ad ſe, ut adpareant·  Nemo negat ſolum

94 809 777 73 Deũ ſuſcitare eos, qui mortui ſunt. Similiter uocauit

94 855 777 70 omnes creaturas, cũ diceret: Fiat lux &c· Vocauit

97.0 907.0 772.0 79.0 inquã, cum uõ eſſent, quaſi fuiſſent, ut adfiſterent &

97.0 957.0 778.0 79.0 obedirent uocanti Deo. At Paulus hic longius reſpe¬

95 1007 776 72 xit. Commendat enim nobis gratiam, quod Deus eos,

95 1058 776 77 ed eſt, Gentes qui perierãt, fecit filios Abrahæ, quod

97.0 1109.0 779.0 74.0 itẽ uidemus in hiſtoria Lucæ 15· de filio perdito nobis

102 1160 772 80 ſignificari, quẽ pater iam mortuũ putabat·  Mortuæ

97 1202 779 78 erant Gentes, id eſt, ad Idololatriã defecerãt, ut taccãᛘ

100.0 1262.0 776.0 70.0 de peccato Adæ, Deus tamen reſuſcitauit eas, & re¬

98 1302 780 82 uocauit ad uerum cultum, in quo facti ſunt filij Abraᛘ

103 1356 771 82 hæ· Nemini igitur deſperandum eſt, & ſi omnia

103 1409 764 74 deſperata uideantur·  Suſcitat Deus mortuos, &

100 1460 767 94 quæ nonſint, uocat tanã ſint· Hoc facit Verbo ſuo.

704.0 1529.0 48.0 55.0 F4

882 1001 198 82 Gentium uo¬

882 1052 91 75 catio·
