1223 1847
160 106 637 58 IN EPIST· AD ROM·

827 154 45 0 74

100.0 177.0 774.0 61.0 re & uitare craſſa peceata, hoc ubi ſpecioſißime fie¬

102.0 219.0 774.0 66.0 bat, ſtatim ſe ſanctum & dignum, qui coronaretur à

97.0 270.0 778.0 68.0 Deo, putabat: at ſi quis ijs neglectis, in cor ſpectaſᛘ

99.0 320.0 771.0 68.0 ſet, illud́ neutiquàm mutabile ſuis uiribus uidiſſet,

94.0 372.0 782.0 64.0 non equidem, in has laruas iuſticiæ carnis lapſus eſ¬

96.0 419.0 777.0 70.0 ſet, uerum deſperaſſet, opemq́; tantum benigni pa¬

92.0 473.0 780.0 63.0 tris imploraſſet· Hæc obiter propter infirmitatem noᛘ

93.0 521.0 781.0 69.0 ſtram monut, quæ non ueritatem ipſam, ſed umbras

93.0 572.0 634.0 62.0 tantum metitur, ſed ad textum redeamus·

90.0 646.0 781.0 82.0 Sed occaſione accepta, peccatum.

143.0 728.0 724.0 61.0 Scilicet, quod erat in me, et latebat in corde meo,

94.0 776.0 775.0 62.0 me ignorante- GENVIT. Id eſt, excitauit·

147.0 824.0 722.0 69.0 PER PRAECEPTVM· Scilicet, illud:

98.0 876.0 291.0 60.0 Non concupiſces·

162.0 946.0 605.0 69.0 Omnem concupiſcentiam.

143.0 1025.0 728.0 59.0 Id eſt, Tum cœpi habere conſcientiam de peccato

92.0 1073.0 773.0 60.0 concupiſcentiæ, nam antea neſciebam eſſe peccatũ,

97.0 1124.0 771.0 61.0 putabani tantum per legem opus externum prohi¬

90.0 1170.0 777.0 62.0 beri, at cum uidi & adfectus damnari, cœpi eam

88.0 1221.0 779.0 63.0 odio perſequi. Hic ridendi ueniunt magni illi ſcri¬

88.0 1275.0 779.0 57.0 pturæ interpretes, qui dixerunt tantum Cere¬

88.0 1322.0 719.0 59.0 moniarum legem per Chriſtum abrogatam·

90.0 1369.0 768.0 63.0 Quod eſſet hoc Chriſti beneficium? inutile ſane:

88.0 1421.0 776.0 64.0 per Chriſtum omnis lex eſt abrogata, & niſi ho¬

86.0 1473.0 772.0 70.0 lie quo in nobis abrogetur per fidem, detinebimur

686 1539 48 95 K2
