1209 1856
167 98 639 69 IN EPIST· AD ROM·

94 170 774 57 le ſperãtes, promißiones acceperũt, ideo ſunt gratiſᛘ

94 216 776 61 ſimæ & Deũ laudãt· Iudæi uero & iuſtitiarij putant

94 267 776 60 ſe ſuis meritis accipere, ut parabola Euangelica de cõᛘ

92 316 779 65 ductis operarijs indicat: ergo tuſtitiarij nequaquam

94 369 777 62 ſunt meliores publicanis & meretricibus, nam ſi me¬

93 417 778 65 liores eſſent, id eſſet ex Verbo Dei, quod eis erat comᛘ

93 469 773 57 miſſum· Non tamen ſolum Iudæis erat præſtandum,

95 516 778 62 ſed & Gentibus, quibus æque erat promiſſum, ſed

93 570 779 56 ignorauerunt, ne igitur uideretur Paulus contemne¬

92 616 777 62 re Verbum Dei, in quo præferri poſſent Iudæi Gen¬

91 665 409 66 tibus, hæc præoccupauit·

394 750 154 68 Illud.

829 103 44 62 25

139 831 728 59 Scilicet, eſt in quo ſunt præferendi, habebant proᛘ

94 881 775 59 mißiones ſalutis: at ubi ſalus præſtanda erat, & Genᛘ

93 928 444 62 tibus hæc contigit promißio.

886 359 196 4 Iuſticiarij, no

886 409 186 7 meliores pu¬

886 461 122 5 blicanis.

241 1012 493 71 Quid enim ſi quidam.

143 1091 725 58 Alia eſt occupatio, ne quis diceret, quid profue¬

89 1140 779 57 runt eis oracula Dei, cum maior pars Iudæorum non

90 1189 778 59 crediderit illis, imo grauius propter hæc damnati ſunt

91 1241 775 58 & abiecti, nam patres in deſerto perierunt, & tan

92 1287 774 56 tum Ioſue & Caleb ingreßi ſunt terram: deinde qui

95 1340 772 59 bus data eſt terra, ij rurſus eiecti ſunt, & tandem ubi

93 1388 773 56 redirent ex captiuitate Babylonica, occiderunt Pro¬

93 1439 767 65 phetas & Meßiam. Vide orationẽ Stephani Act.7·

156 1484 417 65 QVID. Scilicet dicam¬

716 1589 41 1 D
