<?xml version='1.0' encoding='UTF-8'?>
<alto xmlns:xsi="http://www.w3.org/2001/XMLSchema-instance" xmlns="http://www.loc.gov/standards/alto/ns-v4#" xsi:schemaLocation="http://www.loc.gov/standards/alto/ns-v4# http://www.loc.gov/standards/alto/v4/alto-4-2.xsd">
  <Description>
    <MeasurementUnit>pixel</MeasurementUnit>
    <sourceImageInformation>
      <fileName>10AC1F79_uk4nGb4s3DmuAupM_00352.jpg</fileName>
    </sourceImageInformation>
  </Description>
  <Tags>
    <OtherTag ID="BT7" LABEL="CustomZone" DESCRIPTION="block type CustomZone"/><OtherTag ID="BT8" LABEL="DamageZone" DESCRIPTION="block type DamageZone"/><OtherTag ID="BT9" LABEL="DigitizationArtefactZone" DESCRIPTION="block type DigitizationArtefactZone"/><OtherTag ID="BT10" LABEL="DropCapitalZone" DESCRIPTION="block type DropCapitalZone"/><OtherTag ID="BT11" LABEL="GraphicZone" DESCRIPTION="block type GraphicZone"/><OtherTag ID="BT12" LABEL="MainZone" DESCRIPTION="block type MainZone"/><OtherTag ID="BT13" LABEL="MarginTextZone" DESCRIPTION="block type MarginTextZone"/><OtherTag ID="BT14" LABEL="MusicZone" DESCRIPTION="block type MusicZone"/><OtherTag ID="BT15" LABEL="NumberingZone" DESCRIPTION="block type NumberingZone"/><OtherTag ID="BT17" LABEL="QuireMarksZone" DESCRIPTION="block type QuireMarksZone"/><OtherTag ID="BT18" LABEL="RunningTitleZone" DESCRIPTION="block type RunningTitleZone"/><OtherTag ID="BT19" LABEL="SealZone" DESCRIPTION="block type SealZone"/><OtherTag ID="BT20" LABEL="StampZone" DESCRIPTION="block type StampZone"/><OtherTag ID="BT21" LABEL="TableZone" DESCRIPTION="block type TableZone"/><OtherTag ID="BT22" LABEL="TitlePageZone" DESCRIPTION="block type TitlePageZone"/><OtherTag ID="BT3824" LABEL="MainZone-Continued" DESCRIPTION="block type MainZone-Continued"/><OtherTag ID="BT3825" LABEL="MarginTextZone-Notes" DESCRIPTION="block type MarginTextZone-Notes"/><OtherTag ID="BT3826" LABEL="MainZone-Head" DESCRIPTION="block type MainZone-Head"/><OtherTag ID="BT3827" LABEL="MainZone-P" DESCRIPTION="block type MainZone-P"/>
    <OtherTag ID="LT7" LABEL="CustomLine" DESCRIPTION="line type CustomLine"/><OtherTag ID="LT8" LABEL="DefaultLine" DESCRIPTION="line type DefaultLine"/><OtherTag ID="LT9" LABEL="DropCapitalLine" DESCRIPTION="line type DropCapitalLine"/><OtherTag ID="LT10" LABEL="HeadingLine" DESCRIPTION="line type HeadingLine"/><OtherTag ID="LT11" LABEL="InterlinearLine" DESCRIPTION="line type InterlinearLine"/><OtherTag ID="LT12" LABEL="MusicLine" DESCRIPTION="line type MusicLine"/>
  </Tags>
  <Layout>
    <Page WIDTH="1192" HEIGHT="1853" PHYSICAL_IMG_NR="150" ID="eSc_dummypage_">
      <PrintSpace HPOS="0" VPOS="0" WIDTH="1192" HEIGHT="1853">
        <TextBlock HPOS="378" VPOS="100" WIDTH="659" HEIGHT="58" ID="block_1" TAGREFS="BT18">
          <Shape><Polygon POINTS="1037 100 1037 158 378 158 378 100"/></Shape>
          <TextLine ID="line_1" TAGREFS="LT8" BASELINE="384 145 1029 134" HPOS="383.0" VPOS="99.0" WIDTH="646.0" HEIGHT="61.0">
            <Shape><Polygon POINTS="991 99 980 99 971 99 962 105 920 105 910 99 908 99 898 99 888 99 872 105 860 99 857 99 846 99 836 99 831 99 820 102 810 99 805 99 795 99 788 99 777 107 723 107 695 99 694 99 693 99 692 99 673 107 651 99 651 99 640 99 632 99 624 106 612 99 609 99 599 99 589 99 579 99 576 99 570 103 513 99 512 99 511 99 509 99 492 111 459 99 458 99 457 99 394 100 393 100 392 100 383 107 384 145 384 158 412 160 413 160 414 160 415 160 415 159 423 152 451 158 452 158 453 158 466 151 517 158 518 158 519 158 520 158 520 157 528 150 545 157 546 157 547 157 548 157 565 152 614 157 615 157 616 157 617 157 625 151 659 156 660 156 709 147 787 154 788 154 789 154 790 154 803 146 831 152 832 152 833 152 859 145 871 153 872 153 873 153 874 153 964 152 996 151 997 151 998 151 1010 143 1026 150 1029 134 1027 103 994 99 991 99"/></Shape>
            <String CONTENT="COMMENT· POMER·" HPOS="383.0" VPOS="99.0" WIDTH="646.0" HEIGHT="61.0"/>
          </TextLine>
        </TextBlock>
        <TextBlock HPOS="311" VPOS="164" WIDTH="785" HEIGHT="72" ID="block_2" TAGREFS="BT3826">
          <Shape><Polygon POINTS="311 170 316 236 1096 234 1096 164"/></Shape>
          <TextLine ID="line_2" TAGREFS="LT8" BASELINE="320 224 1092 216" HPOS="319" VPOS="157" WIDTH="773" HEIGHT="82">
            <Shape><Polygon POINTS="320 224 320 232 382 239 383 239 416 232 494 238 495 238 547 231 556 237 557 237 558 237 559 238 596 238 596 237 628 230 734 235 735 235 802 228 849 228 863 234 864 234 865 234 908 227 1091 231 1092 216 1090 164 1037 157 1036 157 1035 157 1008 168 937 168 903 158 902 158 901 158 900 158 899 158 899 159 893 164 875 159 874 159 873 159 872 159 845 169 806 160 805 160 804 160 766 170 732 160 731 160 730 160 729 160 702 171 586 172 564 163 563 163 515 162 514 162 513 162 512 162 497 173 472 165 471 165 470 165 469 165 468 165 455 175 397 175 372 164 371 164 319 164 320 224"/></Shape>
            <String CONTENT="Vt ne ſuper alienum fundamentũ." HPOS="319" VPOS="157" WIDTH="773" HEIGHT="82" WC="0.9874456655234098"/>
          </TextLine>
        </TextBlock>
        <TextBlock HPOS="298" VPOS="237" WIDTH="828" HEIGHT="111" ID="block_3" TAGREFS="BT3827">
          <Shape><Polygon POINTS="298 237 298 344 443 342 1126 348 1126 237"/></Shape>
          <TextLine ID="line_3" TAGREFS="LT8" BASELINE="363 276 1095 269" HPOS="362" VPOS="230" WIDTH="733" HEIGHT="69">
            <Shape><Polygon POINTS="363 276 363 296 398 288 421 299 422 299 423 299 424 299 425 299 443 289 459 293 460 293 461 293 462 293 479 287 526 298 527 299 571 299 571 298 572 298 592 288 630 286 653 294 654 294 655 294 656 294 677 285 699 285 722 296 723 296 724 296 782 284 809 284 825 295 826 295 827 295 828 296 877 296 877 295 878 295 879 295 886 290 923 294 924 294 925 294 956 282 991 282 1040 282 1079 293 1080 293 1081 293 1082 293 1083 293 1095 284 1095 269 1094 241 1075 235 1074 235 1073 235 1072 235 1061 240 1009 236 1008 236 973 241 918 230 917 230 859 242 835 230 834 230 781 230 780 230 779 230 751 243 718 238 717 238 642 245 632 236 632 235 631 235 630 235 629 235 628 235 608 240 572 232 571 232 527 235 526 235 525 235 514 246 489 238 488 238 487 238 486 238 455 247 441 234 440 234 439 234 438 234 414 239 406 234 405 234 404 234 403 234 362 235 363 276"/></Shape>
            <String CONTENT="Id eſt, ne ibi prædicarem, ubi alij quidam ante me" HPOS="362" VPOS="230" WIDTH="733" HEIGHT="69" WC="0.9943688786029816"/>
          </TextLine>
          <TextLine ID="line_4" TAGREFS="LT8" BASELINE="320 327 539 324" HPOS="319" VPOS="285" WIDTH="220" HEIGHT="66">
            <Shape><Polygon POINTS="320 327 320 350 393 337 415 338 426 348 426 350 427 350 428 350 429 351 463 351 463 350 464 350 465 350 484 338 538 342 539 324 537 297 501 292 500 292 499 292 489 297 464 285 463 285 462 285 444 286 443 286 441 286 428 297 414 289 413 289 412 289 378 292 370 287 369 287 368 287 367 287 366 287 319 299 320 327"/></Shape>
            <String CONTENT="prædicaſſent¬" HPOS="319" VPOS="285" WIDTH="220" HEIGHT="66" WC="0.9822234694774334"/>
          </TextLine>
        </TextBlock>
        <TextBlock HPOS="368" VPOS="350" WIDTH="737" HEIGHT="67" ID="block_4" TAGREFS="BT3826">
          <Shape><Polygon POINTS="1105 350 1105 417 368 417 368 350"/></Shape>
          <TextLine ID="line_5" TAGREFS="LT8" BASELINE="383 404 1095 395" HPOS="382.0" VPOS="350.0" WIDTH="713.0" HEIGHT="76.0">
            <Shape><Polygon POINTS="1051 350 1041 350 1031 350 1020 350 1006 360 980 355 979 355 927 361 912 350 911 350 910 350 907 350 897 350 889 350 853 362 772 358 771 358 770 358 751 363 734 351 733 351 732 351 702 351 701 351 700 351 699 351 680 364 655 363 640 354 639 354 638 354 637 354 636 354 604 365 580 359 579 359 577 359 576 359 575 359 568 366 538 366 513 354 512 354 464 354 463 354 462 354 461 354 453 360 447 355 446 355 445 355 444 355 382 356 383 404 383 423 501 426 502 426 503 426 525 416 548 425 549 425 550 426 599 426 599 425 600 425 640 414 655 424 656 424 657 424 658 425 680 425 680 424 682 424 704 413 777 423 778 423 779 423 801 412 849 416 850 416 852 416 853 416 861 411 916 420 917 420 918 420 945 410 1013 410 1045 418 1046 418 1047 418 1095 407 1095 395 1093 360 1067 360 1056 350 1051 350"/></Shape>
            <String CONTENT="Quibus non eſt annuciatum de." HPOS="382.0" VPOS="350.0" WIDTH="713.0" HEIGHT="76.0" WC="0.998343221072493"/>
          </TextLine>
        </TextBlock>
        <TextBlock HPOS="318" VPOS="427" WIDTH="793" HEIGHT="1119" ID="block_5" TAGREFS="BT3827">
          <Shape><Polygon POINTS="1111 427 1111 1544 326 1546 318 433"/></Shape>
          <TextLine ID="line_6" TAGREFS="LT8" BASELINE="364 473 1097 464" HPOS="363.0" VPOS="429.0" WIDTH="734.0" HEIGHT="63.0">
            <Shape><Polygon POINTS="1053 429 1043 429 1033 429 1023 429 1019 429 1012 434 1000 429 992 429 981 429 975 429 970 431 965 429 961 429 950 429 940 429 918 436 838 436 820 429 816 429 807 429 750 436 716 429 713 429 706 429 686 439 619 439 607 430 606 430 605 430 604 430 603 430 583 438 567 433 566 433 565 433 564 433 551 437 541 430 540 430 539 430 538 430 445 431 444 431 418 438 411 432 410 432 409 432 407 432 363 434 364 473 364 484 420 492 421 492 422 492 423 492 434 483 496 487 497 487 498 487 517 482 587 490 588 490 589 490 619 480 640 488 641 488 642 490 679 490 679 488 680 488 699 479 720 479 730 487 731 487 732 487 733 488 770 488 770 487 771 487 793 478 821 486 822 486 823 486 824 486 853 477 895 485 896 485 897 485 898 485 911 477 968 480 969 480 1017 475 1061 483 1062 483 1063 483 1097 473 1097 464 1095 434 1059 429 1053 429"/></Shape>
            <String CONTENT="Hoc dicto Prophetæ, Dei gratiam quæ nobis Genᛘ" HPOS="363.0" VPOS="429.0" WIDTH="734.0" HEIGHT="63.0"/>
          </TextLine>
          <TextLine ID="line_7" TAGREFS="LT8" BASELINE="321 523 1099 513" HPOS="321.0" VPOS="477.0" WIDTH="778.0" HEIGHT="66.0">
            <Shape><Polygon POINTS="321 523 321 537 366 537 386 543 387 543 388 543 389 543 413 536 540 541 541 541 542 541 555 535 631 540 632 540 633 540 634 540 645 533 684 539 685 539 686 539 687 539 695 533 785 538 786 538 787 538 788 538 796 533 843 537 844 537 845 537 868 530 917 536 918 536 967 529 1098 530 1099 513 1097 487 1000 487 981 480 980 480 979 480 978 480 977 480 970 486 947 477 946 477 945 477 944 477 917 488 845 479 844 479 843 479 842 479 831 488 821 483 820 483 819 483 818 483 816 483 808 491 760 491 705 483 704 483 616 493 602 482 601 482 600 482 599 482 598 482 569 492 556 482 555 482 554 482 553 482 450 487 449 487 448 487 441 493 436 488 435 488 434 488 433 488 404 493 389 485 388 485 344 485 343 485 342 485 323 495 321 523"/></Shape>
            <String CONTENT="tibus contigit declarat, nempe, ꝗ ſine noſtris meri¬" HPOS="321.0" VPOS="477.0" WIDTH="778.0" HEIGHT="66.0" WC="0.9963483684338056"/>
          </TextLine>
          <TextLine ID="line_8" TAGREFS="LT8" BASELINE="325 575 1099 566" HPOS="324.0" VPOS="527.0" WIDTH="775.0" HEIGHT="65.0">
            <Shape><Polygon POINTS="325 575 325 590 452 585 470 592 471 592 472 592 473 592 491 586 519 592 520 592 646 591 648 591 669 582 688 590 689 590 690 591 754 591 754 590 755 590 793 581 849 581 868 588 869 588 870 588 871 588 872 588 886 580 926 587 927 587 928 587 961 579 994 587 995 587 996 587 1044 578 1071 585 1072 585 1073 585 1074 585 1099 577 1099 566 1097 531 1065 527 1064 527 1063 527 1042 536 1009 536 996 530 995 530 994 530 993 530 992 530 986 535 981 531 980 531 979 531 978 531 890 537 848 531 847 531 814 538 791 530 790 530 789 530 725 539 713 531 712 531 711 531 710 531 709 531 688 537 672 531 671 531 670 531 669 531 668 531 657 540 502 533 501 533 500 533 499 533 489 540 454 534 453 534 452 534 433 542 414 536 413 536 412 536 411 536 388 542 360 535 359 535 358 535 324 536 325 575"/></Shape>
            <String CONTENT="tis ad nos uenerit, quid enim mereri potuimus, cum" HPOS="324.0" VPOS="527.0" WIDTH="775.0" HEIGHT="65.0" WC="0.989876137971878"/>
          </TextLine>
          <TextLine ID="line_9" TAGREFS="LT8" BASELINE="321 624 1097 616" HPOS="321.0" VPOS="580.0" WIDTH="776.0" HEIGHT="64.0">
            <Shape><Polygon POINTS="321 624 321 642 364 637 389 644 390 644 391 644 392 644 410 637 438 643 439 643 440 643 441 643 451 635 517 635 532 642 533 642 534 643 576 643 576 642 577 642 579 642 586 636 605 640 606 640 607 640 621 634 665 641 666 641 713 633 760 640 761 640 816 639 818 639 819 639 828 633 837 639 838 639 839 639 840 640 878 640 878 639 879 639 903 631 1049 637 1050 637 1051 637 1052 637 1061 630 1075 635 1076 635 1077 635 1078 635 1097 627 1097 616 1094 584 1025 586 982 580 981 580 933 587 925 582 924 582 923 582 922 582 889 586 836 581 835 581 834 581 821 587 806 581 805 581 804 581 751 589 730 582 729 582 728 582 610 591 595 584 594 584 593 584 546 591 477 585 475 585 474 585 473 585 464 592 423 585 422 585 421 585 402 593 368 586 367 586 326 593 321 624"/></Shape>
            <String CONTENT="nobis ignotum eſſet nomen Euangelij? Non erat quic" HPOS="321.0" VPOS="580.0" WIDTH="776.0" HEIGHT="64.0" WC="0.9980967950820923"/>
          </TextLine>
          <TextLine ID="line_10" TAGREFS="LT8" BASELINE="320 674 1095 667" HPOS="319.0" VPOS="631.0" WIDTH="776.0" HEIGHT="61.0">
            <Shape><Polygon POINTS="320 674 320 687 349 692 350 692 351 692 370 686 394 692 395 692 396 692 397 692 416 686 513 691 514 691 515 691 516 691 525 685 582 690 583 690 584 690 608 684 677 689 678 689 710 683 724 689 725 689 726 689 727 689 728 689 735 684 742 689 743 689 744 689 745 689 771 684 832 688 833 688 873 681 910 687 911 687 963 681 994 686 995 686 996 686 1018 680 1093 684 1095 667 1093 632 957 631 956 631 955 631 944 636 934 631 933 631 932 631 902 637 875 631 874 631 873 631 872 631 844 638 829 632 828 632 827 632 826 632 825 632 816 639 788 639 763 632 762 632 761 632 719 639 651 633 650 633 649 633 624 640 569 636 568 636 537 641 461 635 460 635 427 642 319 637 320 674"/></Shape>
            <String CONTENT="quam nobis prædicatum per Prophetas, uet ludæis," HPOS="319.0" VPOS="631.0" WIDTH="776.0" HEIGHT="61.0" WC="0.9957142546772957"/>
          </TextLine>
          <TextLine ID="line_11" TAGREFS="LT8" BASELINE="319 724 1099 716" HPOS="318.0" VPOS="680.0" WIDTH="781.0" HEIGHT="64.0">
            <Shape><Polygon POINTS="319 724 319 744 416 735 440 742 441 742 443 742 444 742 463 737 525 741 526 741 527 741 541 733 608 739 609 739 610 739 611 739 611 738 618 732 638 739 639 739 640 739 641 739 659 733 722 739 723 739 818 731 857 738 858 738 859 738 877 731 893 736 894 736 895 736 896 736 897 736 904 729 922 736 923 736 924 736 951 729 965 737 966 737 967 738 1000 738 1000 737 1001 737 1002 737 1012 728 1097 733 1099 716 1096 684 1051 687 1001 680 1000 680 999 680 982 689 951 689 933 681 932 681 931 681 930 681 902 689 896 684 895 684 894 684 893 684 892 684 891 684 881 690 827 690 812 682 811 682 810 682 764 683 763 683 762 683 756 688 708 683 707 683 662 691 653 684 652 684 651 684 610 684 609 684 561 692 514 685 513 685 468 692 429 688 428 688 427 688 414 695 318 695 319 724"/></Shape>
            <String CONTENT="uerum non ſperantibus nobis ad nos uenit, neq; humaᛘ" HPOS="318.0" VPOS="680.0" WIDTH="781.0" HEIGHT="64.0"/>
          </TextLine>
          <TextLine ID="line_12" TAGREFS="LT8" BASELINE="319 775 1100 766" HPOS="318.0" VPOS="729.0" WIDTH="782.0" HEIGHT="67.0">
            <Shape><Polygon POINTS="319 775 319 786 370 796 371 796 436 789 501 795 502 795 503 795 504 795 518 785 527 790 528 790 529 790 569 787 589 794 590 794 591 794 628 787 646 793 648 793 649 793 650 793 676 785 702 790 703 790 704 790 733 783 789 783 801 791 802 791 803 791 804 791 805 791 834 782 853 788 854 788 855 788 895 784 918 790 920 790 921 790 922 790 943 784 954 790 955 790 956 790 957 791 1002 791 1002 790 1058 789 1059 789 1060 789 1072 779 1100 778 1100 766 1097 730 940 738 921 729 920 729 918 729 863 739 846 730 845 730 844 730 788 741 754 741 729 731 728 731 727 731 726 731 706 741 684 733 683 733 682 733 680 733 662 741 643 732 642 732 611 732 610 732 609 732 585 742 514 733 513 733 512 733 511 733 496 743 480 735 479 735 441 735 440 735 439 735 419 743 393 736 392 736 391 736 390 736 389 736 379 744 337 736 336 736 335 736 318 743 319 775"/></Shape>
            <String CONTENT="na gloriatio hæc eſt in Paulo. Fauet alijs, quam ſi¬" HPOS="318.0" VPOS="729.0" WIDTH="782.0" HEIGHT="67.0" WC="0.9949208314602191"/>
          </TextLine>
          <TextLine ID="line_13" TAGREFS="LT8" BASELINE="320 824 1099 817" HPOS="319.0" VPOS="781.0" WIDTH="780.0" HEIGHT="63.0">
            <Shape><Polygon POINTS="320 824 320 838 370 844 371 844 372 844 373 844 384 836 411 841 412 841 462 835 536 843 537 843 644 834 699 841 700 841 701 841 702 841 711 834 759 841 760 841 761 841 776 832 793 840 794 840 795 841 831 841 831 840 832 840 833 840 843 832 884 837 886 837 887 837 888 837 897 831 946 836 947 836 986 830 1026 836 1027 836 1098 834 1099 817 1097 789 1028 783 1027 783 967 789 951 783 950 783 949 783 948 783 947 783 938 790 911 790 891 781 890 781 889 781 888 781 864 791 792 791 782 783 781 783 780 783 779 783 778 783 751 791 740 783 739 783 738 783 737 783 736 783 717 788 655 783 654 783 653 783 652 783 639 793 601 793 590 784 589 784 588 784 541 784 540 784 469 793 451 785 450 785 449 785 448 785 425 792 414 787 413 787 412 787 411 787 386 794 335 786 334 786 333 786 332 786 319 793 320 824"/></Shape>
            <String CONTENT="bi pararunt gloriam in alijs locis, prædicatione Euan" HPOS="319.0" VPOS="781.0" WIDTH="780.0" HEIGHT="63.0" WC="0.9955418953355754"/>
          </TextLine>
          <TextLine ID="line_14" TAGREFS="LT8" BASELINE="328 875 1102 867" HPOS="327.0" VPOS="830.0" WIDTH="775.0" HEIGHT="66.0">
            <Shape><Polygon POINTS="328 875 328 896 364 889 410 896 411 896 477 888 599 894 600 894 601 894 625 887 660 891 661 891 690 886 699 893 700 893 701 893 702 894 769 894 769 893 770 893 790 885 904 891 905 891 906 891 928 884 938 891 939 891 940 891 941 892 973 892 973 891 974 891 1004 883 1032 883 1041 890 1042 890 1043 890 1044 890 1102 882 1102 867 1100 841 1038 841 1026 830 1025 830 1024 830 1023 830 1022 830 1007 836 993 830 992 830 991 830 959 836 909 831 908 831 907 831 878 842 785 832 784 832 782 832 745 843 597 834 596 834 595 834 559 844 505 837 504 837 503 837 483 845 470 835 469 835 468 835 447 835 446 835 445 835 416 846 386 836 385 836 384 836 383 836 356 846 327 846 328 875"/></Shape>
            <String CONTENT="gelij· Eſt etiam peſtilentius quiddam, ſi Pſeudapo¬" HPOS="327.0" VPOS="830.0" WIDTH="775.0" HEIGHT="66.0"/>
          </TextLine>
          <TextLine ID="line_15" TAGREFS="LT8" BASELINE="324 925 1100 918" HPOS="323.0" VPOS="883.0" WIDTH="777.0" HEIGHT="64.0">
            <Shape><Polygon POINTS="324 925 324 947 363 940 392 947 393 947 422 940 431 947 432 947 433 947 434 947 435 947 460 939 519 946 520 946 714 944 716 944 734 937 756 942 757 942 758 942 759 942 760 942 771 935 878 935 894 941 895 941 896 941 897 941 898 941 906 935 933 935 943 941 944 941 945 941 946 942 988 942 988 941 1031 934 1041 940 1042 940 1043 940 1044 940 1099 939 1100 918 1098 891 1042 883 1041 883 1005 890 908 884 907 884 906 884 905 884 895 892 857 892 780 885 779 885 778 885 764 892 711 893 686 886 685 886 684 886 683 886 651 895 566 895 557 888 556 888 555 888 554 888 553 888 531 896 493 896 467 888 466 888 465 888 464 888 432 896 336 889 335 889 334 889 333 889 323 895 324 925"/></Shape>
            <String CONTENT="ſtoli prædicant ſua in eo loco, ubi antea Euangelium" HPOS="323.0" VPOS="883.0" WIDTH="777.0" HEIGHT="64.0" WC="0.9842952604477222"/>
          </TextLine>
          <TextLine ID="line_16" TAGREFS="LT8" BASELINE="327 977 1104 970" HPOS="326.0" VPOS="931.0" WIDTH="778.0" HEIGHT="66.0">
            <Shape><Polygon POINTS="327 977 327 997 372 990 424 990 434 997 435 997 436 997 437 997 482 991 533 996 534 996 535 996 554 990 606 995 607 995 660 987 717 987 728 994 729 994 730 994 731 994 1104 986 1104 970 1102 939 1062 931 1061 931 1026 938 961 932 960 932 959 932 945 939 908 932 907 932 906 932 881 941 801 941 774 933 773 933 772 933 771 933 770 933 760 942 677 942 662 934 661 934 660 934 531 936 530 936 511 945 475 945 461 936 460 936 459 936 400 941 354 937 353 937 352 937 326 944 327 977"/></Shape>
            <String CONTENT="prædicatum eſt, q̃ ſi inter eos ſpargant ſua ſomnia Saᛘ" HPOS="326.0" VPOS="931.0" WIDTH="778.0" HEIGHT="66.0"/>
          </TextLine>
          <TextLine ID="line_17" TAGREFS="LT8" BASELINE="328 1025 1103 1019" HPOS="327.0" VPOS="983.0" WIDTH="776.0" HEIGHT="62.0">
            <Shape><Polygon POINTS="328 1025 328 1037 438 1045 439 1045 440 1045 460 1037 553 1044 554 1044 615 1043 616 1043 638 1036 654 1043 655 1043 656 1044 714 1044 714 1043 768 1034 878 1033 901 1039 902 1039 903 1039 933 1033 943 1041 944 1041 945 1041 946 1042 969 1042 969 1041 970 1041 994 1032 1037 1039 1038 1039 1039 1039 1053 1032 1090 1037 1091 1037 1092 1037 1093 1037 1103 1031 1103 1019 1101 991 1031 991 1020 983 1019 983 1018 983 983 983 982 983 981 983 980 983 967 991 905 984 904 984 903 984 902 984 892 991 843 992 814 985 813 985 812 985 774 991 760 985 759 985 716 985 714 985 649 993 482 987 481 987 435 995 352 988 351 988 350 988 327 996 328 1025"/></Shape>
            <String CONTENT="thanæ, ubi nihil Euangelij auditum eſt: quod non" HPOS="327.0" VPOS="983.0" WIDTH="776.0" HEIGHT="62.0" WC="0.9924792088568211"/>
          </TextLine>
          <TextLine ID="line_18" TAGREFS="LT8" BASELINE="330 1078 438 1074 1104 1070" HPOS="329.0" VPOS="1033.0" WIDTH="775.0" HEIGHT="61.0">
            <Shape><Polygon POINTS="330 1078 330 1094 389 1088 404 1093 405 1093 406 1093 407 1093 434 1086 466 1092 467 1092 468 1092 481 1086 491 1092 492 1092 493 1092 494 1093 611 1093 611 1092 656 1084 698 1089 699 1089 738 1084 761 1091 762 1091 763 1091 764 1091 792 1082 807 1090 808 1090 809 1090 810 1090 811 1090 821 1084 862 1089 863 1089 900 1082 914 1090 915 1090 916 1090 952 1081 993 1087 994 1087 1034 1082 1060 1089 1061 1089 1062 1089 1103 1079 1104 1070 1103 1042 1086 1033 1085 1033 1084 1033 1044 1038 1018 1034 1017 1034 1016 1034 1015 1034 1007 1041 990 1034 989 1034 988 1034 945 1042 916 1037 915 1037 914 1037 913 1037 904 1043 884 1035 883 1035 882 1035 881 1035 857 1041 818 1035 816 1035 815 1035 814 1035 800 1044 767 1045 702 1045 682 1036 680 1036 679 1036 622 1045 571 1039 570 1039 569 1039 551 1046 475 1046 456 1038 455 1038 454 1038 453 1038 436 1046 329 1040 330 1078"/></Shape>
            <String CONTENT="ſine multa animi perturbatione, uidemus &amp; hodie fieᛘ" HPOS="329.0" VPOS="1033.0" WIDTH="775.0" HEIGHT="61.0" WC="0.9914538626577339"/>
          </TextLine>
          <TextLine ID="line_19" TAGREFS="LT8" BASELINE="334 1129 1104 1132" HPOS="332" VPOS="1079" WIDTH="770" HEIGHT="71">
            <Shape><Polygon POINTS="333 1128 332 1147 449 1148 474 1138 561 1148 599 1136 636 1136 655 1147 709 1136 773 1147 799 1138 871 1139 882 1150 950 1138 1020 1138 1031 1147 1035 1147 1102 1138 1102 1080 1052 1080 1037 1091 1025 1082 946 1091 935 1080 824 1080 808 1093 735 1093 720 1079 638 1090 587 1079 572 1091 477 1091 443 1080 418 1090 333 1090 333 1128"/></Shape>
            <String CONTENT="ri, noſtri enim Novi Spiritus non ibi ſe ingerunt, ubi" HPOS="332" VPOS="1079" WIDTH="770" HEIGHT="71"/>
          </TextLine>
          <TextLine ID="line_20" TAGREFS="LT8" BASELINE="328 1177 1103 1168" HPOS="327.0" VPOS="1133.0" WIDTH="776.0" HEIGHT="62.0">
            <Shape><Polygon POINTS="328 1177 328 1187 413 1195 414 1195 415 1195 445 1186 481 1194 482 1194 483 1194 515 1185 533 1193 534 1193 535 1193 648 1192 649 1192 658 1186 665 1192 666 1192 667 1192 668 1192 669 1192 670 1192 684 1183 756 1189 757 1189 805 1182 828 1190 829 1190 830 1190 831 1190 847 1181 911 1187 912 1187 957 1180 966 1187 967 1187 968 1187 969 1187 970 1187 971 1187 981 1180 1059 1179 1102 1185 1103 1168 1101 1142 954 1133 952 1133 951 1133 950 1133 940 1140 917 1134 916 1134 915 1134 838 1145 750 1145 735 1137 734 1137 691 1136 690 1136 689 1136 688 1136 674 1146 657 1146 631 1137 630 1137 629 1137 584 1148 520 1148 498 1139 497 1139 451 1139 450 1139 449 1139 420 1148 403 1143 402 1143 401 1143 400 1143 373 1149 327 1145 328 1177"/></Shape>
            <String CONTENT="Euangelium non eſt prædicatum, timent enim cru¬" HPOS="327.0" VPOS="1133.0" WIDTH="776.0" HEIGHT="62.0" WC="0.9958671191905407"/>
          </TextLine>
          <TextLine ID="line_21" TAGREFS="LT8" BASELINE="326 1228 1106 1220" HPOS="325.0" VPOS="1180.0" WIDTH="781.0" HEIGHT="66.0">
            <Shape><Polygon POINTS="326 1228 326 1245 424 1246 425 1246 426 1246 447 1236 485 1242 486 1242 520 1236 542 1243 543 1243 545 1243 546 1243 547 1243 560 1235 591 1243 592 1243 593 1243 594 1243 621 1235 650 1239 651 1239 652 1239 671 1234 728 1239 729 1239 762 1235 778 1242 779 1242 780 1243 863 1243 863 1242 903 1234 930 1238 931 1238 963 1232 973 1239 974 1239 975 1239 976 1239 1017 1231 1105 1235 1106 1220 1104 1181 1054 1180 1053 1180 1052 1180 1038 1186 1014 1181 1013 1181 1012 1181 992 1190 946 1181 945 1181 944 1181 924 1190 908 1182 907 1182 906 1182 905 1182 879 1191 806 1182 805 1182 804 1182 803 1182 790 1192 768 1192 667 1183 666 1183 665 1183 664 1183 651 1193 638 1186 637 1186 636 1186 635 1186 616 1194 546 1194 530 1186 529 1186 495 1185 494 1185 493 1185 492 1185 481 1193 466 1185 465 1185 436 1185 435 1185 434 1185 433 1185 417 1195 325 1195 326 1228"/></Shape>
            <String CONTENT="cem, ſed ubi iam nihil uidetur eſſe pericult, ibi tri¬" HPOS="325.0" VPOS="1180.0" WIDTH="781.0" HEIGHT="66.0" WC="0.9906436613312474"/>
          </TextLine>
          <TextLine ID="line_22" TAGREFS="LT8" BASELINE="331 1279 1106 1270" HPOS="330.0" VPOS="1233.0" WIDTH="776.0" HEIGHT="63.0">
            <Shape><Polygon POINTS="331 1279 331 1290 368 1288 405 1296 406 1296 407 1296 409 1296 421 1287 496 1295 497 1295 610 1287 661 1292 662 1292 663 1292 664 1292 676 1284 732 1290 733 1290 734 1290 762 1283 879 1289 880 1289 945 1288 946 1288 947 1288 958 1281 993 1288 994 1288 1053 1280 1094 1287 1095 1287 1096 1287 1106 1282 1106 1270 1104 1242 1062 1233 1061 1233 1060 1233 1041 1241 1019 1233 1018 1233 1017 1233 975 1242 941 1234 940 1234 939 1234 938 1234 937 1234 922 1243 822 1237 821 1237 732 1245 706 1237 705 1237 704 1237 703 1237 671 1246 656 1238 655 1238 605 1238 604 1238 603 1238 572 1248 542 1248 533 1240 532 1240 531 1240 530 1240 529 1240 500 1248 464 1242 463 1242 434 1246 418 1240 417 1240 416 1240 415 1240 385 1247 341 1241 339 1241 338 1241 337 1241 330 1246 331 1279"/></Shape>
            <String CONTENT="umphant, &amp; quiduis audent- Veniunt &amp; Pſeuda¬" HPOS="330.0" VPOS="1233.0" WIDTH="776.0" HEIGHT="63.0" WC="0.9931858060034838"/>
          </TextLine>
          <TextLine ID="line_23" TAGREFS="LT8" BASELINE="330 1331 1106 1319" HPOS="329.0" VPOS="1280.0" WIDTH="777.0" HEIGHT="70.0">
            <Shape><Polygon POINTS="330 1331 330 1350 383 1350 383 1349 384 1349 405 1340 449 1347 450 1347 451 1347 471 1339 507 1339 519 1346 520 1346 521 1346 522 1346 546 1341 565 1346 566 1346 567 1346 618 1340 646 1344 648 1344 649 1344 650 1344 660 1337 724 1344 725 1344 726 1344 742 1336 758 1341 759 1341 760 1341 761 1341 762 1341 772 1335 807 1343 808 1343 848 1334 889 1342 890 1342 947 1336 962 1341 963 1341 964 1341 965 1341 991 1332 1018 1336 1019 1336 1020 1336 1035 1331 1054 1339 1056 1339 1057 1339 1106 1329 1106 1319 1104 1290 1034 1280 1033 1280 1032 1280 1031 1280 1012 1292 855 1294 824 1283 823 1283 822 1283 821 1283 789 1295 711 1285 710 1285 709 1285 708 1285 696 1297 679 1298 651 1298 627 1286 626 1286 625 1286 567 1287 566 1287 565 1287 553 1298 523 1291 522 1291 457 1299 444 1289 443 1289 441 1289 399 1289 398 1289 397 1289 365 1298 329 1290 330 1331"/></Shape>
            <String CONTENT="poſtoli, non mittũtur, conſulunt ſuæ rationi, non alio" HPOS="329.0" VPOS="1280.0" WIDTH="777.0" HEIGHT="70.0" WC="0.9875220732255415"/>
          </TextLine>
          <TextLine ID="line_24" TAGREFS="LT8" BASELINE="331 1378 1105 1371" HPOS="330.0" VPOS="1335.0" WIDTH="775.0" HEIGHT="61.0">
            <Shape><Polygon POINTS="331 1378 331 1391 350 1389 363 1395 364 1395 365 1395 395 1389 411 1396 412 1396 413 1396 414 1396 447 1388 463 1395 464 1395 465 1395 466 1395 482 1388 514 1388 549 1394 550 1394 551 1394 565 1387 573 1394 574 1394 575 1394 576 1395 623 1395 623 1394 677 1387 701 1393 702 1393 703 1393 704 1393 732 1386 760 1393 761 1393 762 1393 763 1393 786 1385 800 1391 801 1391 802 1391 844 1385 882 1392 883 1392 884 1392 911 1385 970 1388 971 1388 1000 1383 1014 1390 1015 1390 1016 1391 1080 1391 1080 1390 1081 1390 1105 1381 1105 1371 1103 1340 1075 1335 1074 1335 1073 1335 1048 1343 1026 1335 1025 1335 1024 1335 1023 1335 989 1344 970 1336 969 1336 968 1336 967 1336 934 1344 907 1336 906 1336 905 1336 904 1336 903 1336 890 1345 850 1345 833 1339 832 1339 831 1339 830 1339 814 1345 785 1337 784 1337 782 1337 740 1347 691 1347 664 1339 663 1339 616 1339 615 1339 614 1339 595 1347 582 1339 581 1339 580 1339 579 1339 542 1347 528 1340 527 1340 440 1340 439 1340 438 1340 420 1350 330 1350 331 1378"/></Shape>
            <String CONTENT="rum, dum Euangelium promittunt, quare non poſ¬" HPOS="330.0" VPOS="1335.0" WIDTH="775.0" HEIGHT="61.0" WC="0.996530285348063"/>
          </TextLine>
          <TextLine ID="line_25" TAGREFS="LT8" BASELINE="330 1428 1104 1420" HPOS="329.0" VPOS="1382.0" WIDTH="775.0" HEIGHT="65.0">
            <Shape><Polygon POINTS="330 1428 331 1447 358 1440 407 1446 409 1446 497 1439 521 1446 522 1446 523 1446 591 1445 592 1445 593 1445 603 1437 629 1437 675 1444 676 1444 677 1444 678 1444 690 1436 717 1436 838 1442 839 1442 895 1435 916 1441 917 1441 918 1441 954 1436 966 1441 967 1441 968 1441 969 1441 994 1434 1013 1440 1014 1440 1015 1440 1103 1435 1104 1420 1101 1391 1034 1391 1015 1382 1014 1382 1013 1382 979 1388 949 1383 948 1383 901 1394 879 1394 866 1384 865 1384 864 1384 863 1384 826 1391 812 1384 811 1384 810 1384 809 1384 789 1390 731 1385 730 1385 729 1385 709 1394 680 1386 679 1386 678 1386 677 1386 656 1392 642 1387 641 1387 640 1387 604 1389 603 1389 602 1389 593 1397 520 1399 471 1399 427 1388 426 1388 391 1394 329 1389 330 1428"/></Shape>
            <String CONTENT="ſunt ſyncere, &amp; cum fructu Chriſtum prædicare¬" HPOS="329.0" VPOS="1382.0" WIDTH="775.0" HEIGHT="65.0" WC="0.99819917264192"/>
          </TextLine>
          <TextLine ID="line_26" TAGREFS="LT8" BASELINE="329 1478 1107 1472" HPOS="328.0" VPOS="1431.0" WIDTH="779.0" HEIGHT="67.0">
            <Shape><Polygon POINTS="329 1478 329 1497 362 1491 382 1498 383 1498 384 1498 458 1492 492 1497 493 1497 494 1497 508 1491 551 1497 552 1497 553 1497 554 1497 562 1490 585 1496 586 1496 587 1497 662 1497 662 1496 663 1496 677 1490 694 1496 695 1496 696 1496 735 1490 837 1495 838 1495 839 1495 840 1495 853 1487 931 1494 932 1494 933 1494 952 1487 1072 1490 1073 1490 1107 1484 1107 1472 1102 1431 1092 1438 1016 1432 1015 1432 1014 1432 973 1443 941 1438 940 1438 939 1438 938 1438 932 1443 893 1443 876 1434 875 1434 874 1434 830 1442 819 1435 818 1435 816 1435 791 1435 790 1435 789 1435 788 1435 775 1444 643 1436 642 1436 641 1436 625 1443 615 1439 614 1439 612 1439 455 1448 433 1448 415 1438 414 1438 413 1438 362 1444 328 1438 329 1478"/></Shape>
            <String CONTENT="Obſerua quoq Apoſtolorum eſſe, ad uaria mitti lo¬" HPOS="328.0" VPOS="1431.0" WIDTH="779.0" HEIGHT="67.0" WC="0.9813133648463658"/>
          </TextLine>
          <TextLine ID="line_27" TAGREFS="LT8" BASELINE="328 1530 1105 1523" HPOS="327.0" VPOS="1483.0" WIDTH="778.0" HEIGHT="76.0">
            <Shape><Polygon POINTS="328 1530 328 1546 411 1547 435 1559 436 1559 437 1559 461 1556 462 1556 463 1556 479 1545 511 1556 512 1556 513 1556 514 1556 536 1545 604 1544 659 1557 660 1557 661 1557 741 1556 742 1556 771 1549 791 1555 792 1555 793 1555 847 1554 848 1554 887 1541 958 1550 959 1550 960 1550 961 1550 976 1540 1004 1540 1037 1551 1038 1551 1039 1551 1040 1551 1041 1551 1049 1546 1065 1550 1066 1550 1067 1550 1068 1550 1105 1537 1105 1523 1101 1483 1080 1492 1010 1488 1009 1488 947 1493 934 1486 933 1486 932 1486 931 1486 920 1490 881 1485 880 1485 841 1487 840 1487 839 1487 831 1494 804 1486 803 1486 802 1486 801 1486 786 1494 614 1488 612 1488 611 1488 586 1496 513 1497 500 1489 499 1489 498 1489 497 1489 496 1489 480 1495 437 1489 436 1489 395 1491 394 1491 393 1491 386 1497 358 1491 357 1491 356 1491 327 1498 328 1530"/></Shape>
            <String CONTENT="ca, ut fundamenta iaciant, Epiſcoporunt autem, ut" HPOS="327.0" VPOS="1483.0" WIDTH="778.0" HEIGHT="76.0" WC="0.9971230553120983"/>
          </TextLine>
        </TextBlock>
        <TextBlock HPOS="109" VPOS="550" WIDTH="207" HEIGHT="101" ID="block_6" TAGREFS="BT3825">
          <Shape><Polygon POINTS="316 550 316 651 109 651 109 550"/></Shape>
          <TextLine ID="line_28" TAGREFS="LT8" BASELINE="111 588 312 584" HPOS="110.0" VPOS="550.0" WIDTH="202.0" HEIGHT="63.0">
            <Shape><Polygon POINTS="305 550 295 550 285 550 275 550 264 550 254 550 244 550 233 550 223 550 213 550 202 550 192 550 182 550 180 550 159 554 143 550 141 550 133 550 110 555 111 588 111 606 159 613 160 613 161 613 178 606 201 612 202 612 203 612 233 607 259 611 260 611 312 602 312 584 310 550 305 550"/></Shape>
            <String CONTENT="Merita tollunᛘ" HPOS="110.0" VPOS="550.0" WIDTH="202.0" HEIGHT="63.0"/>
          </TextLine>
          <TextLine ID="line_29" TAGREFS="LT8" BASELINE="106 640 190 638" HPOS="105.0" VPOS="599.0" WIDTH="85.0" HEIGHT="76.0">
            <Shape><Polygon POINTS="106 640 107 675 135 675 135 674 137 674 138 674 138 673 155 657 168 662 169 662 171 662 172 662 190 655 190 638 185 599 172 609 152 609 141 600 140 600 139 600 138 600 137 600 105 609 106 640"/></Shape>
            <String CONTENT="tur·" HPOS="105.0" VPOS="599.0" WIDTH="85.0" HEIGHT="76.0"/>
          </TextLine>
        </TextBlock>
        <TextBlock HPOS="120" VPOS="1084" WIDTH="204" HEIGHT="108" ID="block_7" TAGREFS="BT3825">
          <Shape><Polygon POINTS="324 1084 324 1192 120 1192 120 1084"/></Shape>
          <TextLine ID="line_30" TAGREFS="LT8" BASELINE="122 1124 317 1123" HPOS="121" VPOS="1081" WIDTH="196" HEIGHT="70">
            <Shape><Polygon POINTS="122 1124 121 1081 283 1081 317 1090 317 1151 241 1151 240 1150 177 1138 152 1150 122 1150"/></Shape>
            <String CONTENT="Noui fpiritus" HPOS="121" VPOS="1081" WIDTH="196" HEIGHT="70"/>
          </TextLine>
          <TextLine ID="line_31" TAGREFS="LT8" BASELINE="125 1172 244 1174" HPOS="125.0" VPOS="1131.0" WIDTH="119.0" HEIGHT="65.0">
            <Shape><Polygon POINTS="125 1172 125 1195 154 1185 181 1196 182 1196 183 1196 184 1196 185 1196 195 1187 243 1183 244 1174 244 1146 224 1146 210 1133 209 1133 208 1133 184 1131 183 1131 182 1131 159 1141 125 1141 125 1172"/></Shape>
            <String CONTENT="noſtri." HPOS="125.0" VPOS="1131.0" WIDTH="119.0" HEIGHT="65.0" WC="0.9988407492637634"/>
          </TextLine>
        </TextBlock>
        <TextBlock HPOS="1028" VPOS="1545" WIDTH="80" HEIGHT="48" ID="block_8" TAGREFS="BT17">
          <Shape><Polygon POINTS="1108 1545 1108 1591 1028 1593 1033 1547"/></Shape>
          <TextLine ID="line_32" TAGREFS="LT8" BASELINE="1037 1574 1104 1576" HPOS="1036" VPOS="1545" WIDTH="68" HEIGHT="54">
            <Shape><Polygon POINTS="1078 1545 1068 1545 1058 1545 1054 1545 1045 1548 1037 1574 1036 1590 1102 1599 1104 1576 1104 1551 1081 1545 1078 1545"/></Shape>
            <String CONTENT="uni" HPOS="1036" VPOS="1545" WIDTH="68" HEIGHT="54" WC="0.9898579716682434"/>
          </TextLine>
        </TextBlock>
      </PrintSpace>
    </Page>
  </Layout>
</alto>
