1187 1843
412 121 625 56 COMMENT· POMER·

129 268 201 74 Scripturæ in

132 336 198 58 terpretatio fi

129 388 201 111 decõuenat.

333 189 774 56 & Sedechias. Videant ergo noſtri hodie, qui uolunt

337 234 772 61 Scripturas interpretari, quomodo certi ſint in ſua cõ

342 277 766 70 ſcientia de interpretationibus. Illi ſi in locum aliquem

342 330 763 69 obſcurum incidant, non uident, num eorum expoſi

342 382 766 61 tio fidei conueniat, ſed hoc ſaltem, ut noui aliquid et

335 436 774 62 arguti, quod tum ſpirituale dicunt, dicant: quæ res

336 484 773 63 facit, ut tandem uniuerſa fere Scriptura in dubium uo

333 532 778 65 cetur, nam uno loco perperam & contra ſimplicita¬

333 584 777 67 tem fidei expoſito, neceſſe eſt, ut pugnantes multos

333 635 778 64 locos deprehendas· Quare qui fidet regula expoſue

333 682 778 66 rit, difficiles locos, non errabit, neq; alios quoq; in

334 735 779 61 errorem pertrahet. Idem eſt Dei ſpiritus, eadem ſen

333 786 782 66 tentia per totam Scripturam, non poteſt eſſe ſui dißi

334 836 320 61 milis: ſed de ijs ſatis.

333 906 781 69 Siue miniſteriũ in adminiſtrando.

370 974 744 59 Id eſt, ſi quis miniſter eſt aliorum, pau perum aut

333 1020 787 61 infirmorum, diligenter illis adminiſtret, quales ſunt

334 1070 786 59 Diaconi qui in eccleſijs haberi debent: ſicut oculus nõ

336 1122 779 61 negligit ſuum officium, pes non quieſcit perpetuo,

335 1172 785 59 ita nemo in eccleſia, ſegnius ea quæ ſui ſunt muneris

335 1222 785 64 curet- Curabit autem quiſ ſua, ſi timor Domini

343 1272 426 64 (qui eſt ipſa fides) defuerit.

388 1334 625 60 Siue qui docet in doctrina.

376 1395 748 54 Si cui datum eſt, ut docere poßit, doceat, agat id

337 1438 790 60 in fide: & cui exhortatio credita eſt, is quo exhorᛘ

331 1488 798 71 tetur per fidem. Petrus: Qui loquitur quaſi ſermones

1042 1544 86 61 Dei
