1183 1837
158 89 626 58 IN EPIST· AD ROM·

130 160 735 62 Quaſi diceret, impoßibile eſt, ut ad Deum con¬

77 202 787 73 fugias, tan patrem, niſi credas ipſum eſſe tuum paᛘ

74 256 781 60 trem. Ex hoc concludimus, omnes Monachos regni

76 304 780 66 Papiſtici, nun oraſſe, neq; inuocaſſe, ſiquidem non

76 354 780 62 credebant in Deum, qui erat inuocandus: credebant

77 404 780 64 ex ſuis operibus iuſticiam ſe conſecuturos, quemadmo

78 455 779 63 dum Iuſticiarij Iudæt, quod quid aliud erat, ꝗ̃ abnegaᛘ

79 503 779 62 re Deum? Multo rectius ſenſerunt Iudæi de Deo in

78 553 779 63 Euangelio, qui dixerunt: Num homo poteſt remitte

78 606 777 58 re peccatũ? Non audiunt noſtri, quod dicitur Rom¬

83 654 775 63 24. Quicquid non eſt ex fide, peccatum eſt: nam

81 704 771 66 alioqui abieciſſent Cappas & Blattas, comediſſent́

83 756 774 62 ferijs ſextis carnes, aut ſaltem docuiſſent, in talibus

83 803 775 64 non eſſe tuſticiam. Cũ interrogantur, num hæc Deᛘ

84 855 778 60 us mandarit? obmuteſcunt, non audent confiteri ſuã

85 907 774 59 ſtultam impietatẽ: Præterea, tametſi uideantur claᛘ

84 958 777 57 mare in tribulatione, tamen non exaudiuntur, quia

86 1006 773 59 non fidunt Deo: quemadmodum Eſau conſtitutus in

84 1057 775 57 anguſtia, liberart uoluit, cum Iacob benedictionem

85 1104 771 66 præripuiſſet, at ſi quæ amiſerat, ipſi reſtituta fuiſ¬

89 1157 559 59 ſent, nullum curam de Deo habuiſſet·

799 132 56 0 121

865 206 195 4 Papiſtæ nõ in

865 257 191 2 vocant Deũ

151 1195 967 110 Quomodo autẽ credent ei, de U'Th5Aa

88 1301 460 69 quo non audierunt ?

127 1369 740 52 Noluerunt audire Iudæi, cum prædicaretur eis graᛘ

84 1412 775 61 tia Dei per Chriſtum, quomodo igitur credent? Conᛘ

82 1462 778 75 tra nouos hoc eſt Prophetas, qui nolunt miniſtros

870 1447 192 2 Prophetæ no

870 1498 75 4 vitij·

707 1526 33 67 Q
