1180 1842
110 302 200 72 Salutatio Pauᛘ

113 362 92 67 lina ·

322 156 778 61 quidam ex Gentibus, inter quos ſectæ quædam ortæ

321 202 772 58 erant. Iudæi Gentes contemnebant: Gentes uero,

321 249 776 68 Iudæos, tanquã Chriſti crucifixores, & blaſphemos

324 296 773 72 Dei: quare Apoſtolus miro quodam conſilio eos tanᛘ

322 351 775 63 tum ſalutat, qui in Chriſtiana ſimplicitate conſenti¬

321 401 777 64 unt, imò & ob eam cauſſam commendat quoſdã Pauᛘ

322 450 773 64 lus, quorum ſententiam & doctrinam ſequantur·

323 503 773 62 Nemo ergo ineptum Paulum eſſe putabit, qui uno

322 550 775 65 uerbo omnibus ſalutem inſcribere potuiſſet, cum eos

323 599 774 66 tantum ſalutare uoluerit, qui ſyncero animo Chri¬

323 647 768 72 ſtum profitebantur: præterea teſtatum facere alijs,

322 698 775 72 de ſe, cum quibus ipſe ſentiret, nempe, cum ijs qui

323 750 775 67 à magnis & glorioſis illis doctoribus contemneban¬

325 802 773 66 tur. Paßim etiam ad nos multi accurrunt, quos ignoᛘ

322 850 774 66 ramus, ſed adportent ſecum commendaticias tales li¬

322 898 776 71 teras, à ſanctis prædicatoribus fratribus noſtris, qua

322 949 775 71 les hic uides, alioqui nebulones ſæpe ſuſcipientes

323 1000 776 67 pro fratribus, & apud nos habitantes pauperes ne¬

325 1050 772 66 gligemus, ne uero raro hic charitas decepta eſt:

321 1097 777 75 tunc habebant ſanctorum nomina inſcripta &c· ſed

322 1151 385 61 ea textus clarius indicabit

421 88 626 60 COMMENT· POMER·

386 1211 705 78 Commendo autem uobis Phœᛘ

321 1268 532 77 ben, ſororem noſtram.

371 1351 723 81 Scilicet, Chriſtianam, ſolet enim Chriſtianos fraᛘ

319 1390 232 83 tres appellare·
