<?xml version='1.0' encoding='UTF-8'?>
<alto xmlns:xsi="http://www.w3.org/2001/XMLSchema-instance" xmlns="http://www.loc.gov/standards/alto/ns-v4#" xsi:schemaLocation="http://www.loc.gov/standards/alto/ns-v4# http://www.loc.gov/standards/alto/v4/alto-4-2.xsd">
  <Description>
    <MeasurementUnit>pixel</MeasurementUnit>
    <sourceImageInformation>
      <fileName>10AC1F79_uk4nGb4ncmcWMGDF_00124.jpg</fileName>
      <fileIdentifier>zip//10AC1F79_100-200.zip/10AC1F79_uk4nGb4ncmcWMGDF_00124.jpg</fileIdentifier>
    </sourceImageInformation>
  </Description>
  <Tags>
    <OtherTag ID="BT7" LABEL="CustomZone" DESCRIPTION="block type CustomZone"/><OtherTag ID="BT8" LABEL="DamageZone" DESCRIPTION="block type DamageZone"/><OtherTag ID="BT9" LABEL="DigitizationArtefactZone" DESCRIPTION="block type DigitizationArtefactZone"/><OtherTag ID="BT10" LABEL="DropCapitalZone" DESCRIPTION="block type DropCapitalZone"/><OtherTag ID="BT11" LABEL="GraphicZone" DESCRIPTION="block type GraphicZone"/><OtherTag ID="BT12" LABEL="MainZone" DESCRIPTION="block type MainZone"/><OtherTag ID="BT13" LABEL="MarginTextZone" DESCRIPTION="block type MarginTextZone"/><OtherTag ID="BT14" LABEL="MusicZone" DESCRIPTION="block type MusicZone"/><OtherTag ID="BT15" LABEL="NumberingZone" DESCRIPTION="block type NumberingZone"/><OtherTag ID="BT17" LABEL="QuireMarksZone" DESCRIPTION="block type QuireMarksZone"/><OtherTag ID="BT18" LABEL="RunningTitleZone" DESCRIPTION="block type RunningTitleZone"/><OtherTag ID="BT19" LABEL="SealZone" DESCRIPTION="block type SealZone"/><OtherTag ID="BT20" LABEL="StampZone" DESCRIPTION="block type StampZone"/><OtherTag ID="BT21" LABEL="TableZone" DESCRIPTION="block type TableZone"/><OtherTag ID="BT22" LABEL="TitlePageZone" DESCRIPTION="block type TitlePageZone"/><OtherTag ID="BT3517" LABEL="MainZone-Continued" DESCRIPTION="block type MainZone-Continued"/><OtherTag ID="BT3518" LABEL="MainZone-Head" DESCRIPTION="block type MainZone-Head"/><OtherTag ID="BT3519" LABEL="MarginTextZone-Notes" DESCRIPTION="block type MarginTextZone-Notes"/><OtherTag ID="BT3520" LABEL="MainZone-P" DESCRIPTION="block type MainZone-P"/><OtherTag ID="BT3715" LABEL="text" DESCRIPTION="block type text"/>
    <OtherTag ID="LT7" LABEL="CustomLine" DESCRIPTION="line type CustomLine"/><OtherTag ID="LT8" LABEL="DefaultLine" DESCRIPTION="line type DefaultLine"/><OtherTag ID="LT9" LABEL="DropCapitalLine" DESCRIPTION="line type DropCapitalLine"/><OtherTag ID="LT10" LABEL="HeadingLine" DESCRIPTION="line type HeadingLine"/><OtherTag ID="LT11" LABEL="InterlinearLine" DESCRIPTION="line type InterlinearLine"/><OtherTag ID="LT12" LABEL="MusicLine" DESCRIPTION="line type MusicLine"/><OtherTag ID="LT1349" LABEL="default" DESCRIPTION="line type default"/>
  </Tags>
  <Layout>
    <Page WIDTH="1198" HEIGHT="1854" PHYSICAL_IMG_NR="103" ID="eSc_dummypage_">
      <PrintSpace HPOS="0" VPOS="0" WIDTH="1198" HEIGHT="1854">
        <TextBlock HPOS="318.0" VPOS="174.0" WIDTH="776.0" HEIGHT="107.0" ID="block_1" TAGREFS="BT3517">
          <Shape><Polygon POINTS="318 174 1094 174 1094 281 318 281 318 174"/></Shape>
          <TextLine ID="line_1" TAGREFS="LT8" BASELINE="324 216 1091 200" HPOS="323.0" VPOS="175.0" WIDTH="768.0" HEIGHT="58.0">
            <Shape><Polygon POINTS="1085 175 1075 175 1065 175 1054 175 1044 175 1034 175 1023 175 1013 175 1003 175 993 175 982 175 972 175 966 175 936 176 932 175 931 175 920 175 910 175 908 175 905 178 875 178 868 175 859 175 848 175 839 175 824 179 817 175 817 175 807 175 800 175 793 179 751 175 750 175 749 175 731 181 712 175 704 175 697 175 676 182 652 175 642 175 632 175 622 175 611 175 610 175 544 179 529 175 528 175 527 175 526 175 525 175 511 185 482 180 481 180 438 186 428 178 427 178 426 178 401 178 400 178 357 188 339 179 338 179 337 179 336 179 323 185 324 216 324 226 353 233 354 233 416 226 431 232 432 232 433 232 434 232 451 225 475 232 476 232 477 232 478 232 497 226 519 231 520 231 521 231 603 229 604 229 635 221 667 228 668 228 733 220 755 226 756 226 757 226 758 226 785 218 866 224 867 224 868 224 896 217 931 223 932 223 1008 214 1062 220 1063 220 1090 215 1091 200 1088 175 1085 175"/></Shape>
            <String CONTENT="nos alieno, id eſt, ſuo peecato.Sic Chriſtus nos libeᛘ" HPOS="323.0" VPOS="175.0" WIDTH="768.0" HEIGHT="58.0"/>
          </TextLine>
          <TextLine ID="line_2" TAGREFS="LT8" BASELINE="326 266 976 254" HPOS="325.0" VPOS="215.0" WIDTH="651.0" HEIGHT="74.0">
            <Shape><Polygon POINTS="326 266 326 281 400 280 423 289 424 289 425 289 426 289 442 281 463 288 464 288 465 288 466 288 489 278 510 287 511 287 512 287 548 282 582 286 583 286 584 286 585 286 585 285 594 278 621 278 629 284 629 285 630 285 631 285 632 286 651 286 651 285 652 285 669 277 702 280 703 280 704 280 717 273 731 280 732 280 733 280 734 280 759 272 790 282 791 282 792 282 857 273 881 280 882 280 883 280 922 273 974 279 976 254 975 221 959 215 957 215 956 215 931 220 868 216 867 216 866 216 841 223 812 217 811 217 810 217 781 228 665 229 652 220 651 220 649 220 648 220 647 220 608 230 598 221 597 221 596 221 595 221 594 221 570 229 534 224 533 224 486 233 434 224 433 224 432 224 411 235 325 236 326 266"/></Shape>
            <String CONTENT="rauit aliena, id eſt, ſua, non noſtra iuſticia·" HPOS="325.0" VPOS="215.0" WIDTH="651.0" HEIGHT="74.0"/>
          </TextLine>
        </TextBlock>
        <TextBlock HPOS="138.0" VPOS="338.0" WIDTH="175.0" HEIGHT="56.0" ID="block_2" TAGREFS="BT3519">
          <Shape><Polygon POINTS="138 338 313 338 313 394 138 394 138 338"/></Shape>
          <TextLine ID="line_3" TAGREFS="LT8" BASELINE="145 373 319 371" HPOS="144.0" VPOS="338.0" WIDTH="175.0" HEIGHT="72.0">
            <Shape><Polygon POINTS="288 338 278 338 271 338 265 345 244 345 234 338 226 338 216 338 206 338 199 340 196 338 195 338 185 338 175 338 164 338 154 338 144 338 145 373 145 409 164 410 165 410 166 410 167 410 186 397 232 392 269 393 285 408 285 409 286 409 287 409 288 409 319 408 319 371 317 345 297 345 288 338 288 338"/></Shape>
            <String CONTENT="Gratiæ uis." HPOS="144.0" VPOS="338.0" WIDTH="175.0" HEIGHT="72.0" WC="0.9507088119333441"/>
          </TextLine>
        </TextBlock>
        <TextBlock HPOS="391.0" VPOS="106.0" WIDTH="622.0" HEIGHT="55.0" ID="block_3" TAGREFS="BT18">
          <Shape><Polygon POINTS="391 106 1013 106 1013 161 391 161 391 106"/></Shape>
          <TextLine ID="line_4" TAGREFS="LT8" BASELINE="395 149 1014 136" HPOS="394.0" VPOS="106.0" WIDTH="620.0" HEIGHT="54.0">
            <Shape><Polygon POINTS="991 106 981 106 971 106 961 106 950 106 940 106 930 106 919 106 909 106 899 106 888 106 878 106 875 106 859 109 854 106 847 106 843 106 838 108 835 106 827 106 816 106 812 106 806 110 788 106 785 106 775 106 765 106 764 106 760 111 722 111 713 106 713 106 703 106 693 106 682 106 672 106 662 106 652 106 647 110 641 106 641 106 631 106 621 106 610 106 600 106 590 106 588 106 546 112 504 106 497 106 493 106 480 114 415 107 414 107 413 107 412 107 394 117 395 149 395 160 572 160 572 159 573 159 591 153 651 158 652 158 653 158 674 151 702 157 703 157 755 149 777 155 778 155 779 155 817 148 828 153 829 153 830 154 908 154 908 153 909 153 910 153 910 152 911 152 915 147 935 152 936 152 937 152 938 152 939 152 948 146 999 150 1000 150 1001 150 1014 144 1014 136 1012 107 998 106 991 106"/></Shape>
            <String CONTENT="COMMENT· POMER·" HPOS="394.0" VPOS="106.0" WIDTH="620.0" HEIGHT="54.0"/>
          </TextLine>
        </TextBlock>
        <TextBlock HPOS="321.0" VPOS="356.0" WIDTH="785.0" HEIGHT="406.0" ID="block_4" TAGREFS="BT3520">
          <Shape><Polygon POINTS="321 356 1106 356 1106 762 321 762 321 356"/></Shape>
          <TextLine ID="line_5" TAGREFS="LT8" BASELINE="372 399 1099 386" HPOS="371.0" VPOS="356.0" WIDTH="728.0" HEIGHT="63.0">
            <Shape><Polygon POINTS="1092 356 1082 356 1072 356 1062 356 1051 356 1041 356 1031 356 1020 356 1010 356 1000 356 989 356 979 356 969 356 959 356 948 356 938 356 928 356 917 356 907 356 897 356 884 358 876 356 876 356 866 356 856 356 847 356 841 359 836 356 835 356 825 356 815 356 805 360 800 356 794 356 783 356 773 356 763 356 755 356 748 361 721 357 720 357 691 362 668 356 660 356 654 356 644 363 634 356 633 356 632 356 629 356 619 356 608 356 598 356 588 356 577 356 567 356 561 356 560 356 536 365 484 360 483 360 482 360 481 360 481 361 475 366 423 366 395 359 394 359 393 359 392 359 371 366 372 399 372 410 389 419 390 419 391 419 492 412 538 417 539 417 706 405 722 413 723 413 724 413 725 413 746 406 754 413 755 413 756 413 757 413 793 406 813 410 814 410 815 410 816 410 827 404 839 410 840 410 841 410 875 405 923 409 925 409 926 409 927 409 940 401 1041 407 1042 407 1099 397 1099 386 1097 356 1092 356"/></Shape>
            <String CONTENT="Exponit quod iam dixit: efficax ſane fuituis pec¬" HPOS="371.0" VPOS="356.0" WIDTH="728.0" HEIGHT="63.0" WC="0.9868292163829414"/>
          </TextLine>
          <TextLine ID="line_6" TAGREFS="LT8" BASELINE="322 450 1099 437" HPOS="321.0" VPOS="399.0" WIDTH="778.0" HEIGHT="68.0">
            <Shape><Polygon POINTS="322 450 322 462 398 467 399 467 400 467 413 462 457 466 458 466 580 459 624 464 625 464 626 464 627 464 633 459 639 464 640 464 641 464 642 464 643 464 656 458 703 463 704 463 705 463 722 457 754 462 755 462 845 456 1085 457 1086 457 1087 457 1099 451 1099 437 1096 399 838 412 779 403 778 403 777 403 776 403 776 404 766 413 720 405 719 405 673 414 645 405 644 405 643 405 598 415 582 406 580 406 579 406 515 417 487 408 486 408 485 408 425 414 386 409 385 409 384 409 364 420 321 420 322 450"/></Shape>
            <String CONTENT="cati Adæ, in omnium hominum damnationem, ſed effiᛘ" HPOS="321.0" VPOS="399.0" WIDTH="778.0" HEIGHT="68.0"/>
          </TextLine>
          <TextLine ID="line_7" TAGREFS="LT8" BASELINE="323 500 1098 486" HPOS="322.0" VPOS="449.0" WIDTH="776.0" HEIGHT="71.0">
            <Shape><Polygon POINTS="323 500 323 512 357 520 358 520 393 511 417 520 418 520 419 520 480 519 481 519 499 509 570 517 571 517 572 517 600 509 618 516 619 516 620 516 697 515 698 515 716 508 763 513 764 513 765 513 766 513 782 504 806 504 816 512 817 512 818 512 819 512 875 502 908 509 909 510 970 510 970 509 971 509 972 509 987 500 1039 508 1040 508 1098 497 1098 486 1096 457 1013 449 1012 449 966 456 919 451 918 451 917 451 916 451 906 459 846 452 845 452 844 452 843 452 832 460 766 457 765 457 764 457 749 462 734 454 733 454 709 454 708 454 668 463 647 456 646 456 645 456 601 463 592 457 591 457 590 457 589 457 488 458 432 468 386 460 385 460 384 460 383 460 383 461 374 468 322 470 323 500"/></Shape>
            <String CONTENT="cacior, iuſticia Chriſti, in omnium hominum libera¬" HPOS="322.0" VPOS="449.0" WIDTH="776.0" HEIGHT="71.0" WC="0.9991851939874536"/>
          </TextLine>
          <TextLine ID="line_8" TAGREFS="LT8" BASELINE="325 552 1096 537" HPOS="323.0" VPOS="499.0" WIDTH="773.0" HEIGHT="70.0">
            <Shape><Polygon POINTS="325 552 325 569 382 561 433 567 434 567 435 567 454 560 471 569 472 569 473 569 474 569 491 563 499 568 500 568 501 568 502 568 600 567 655 556 685 556 707 565 708 565 709 565 710 565 711 565 723 558 757 560 758 560 759 560 760 560 768 554 797 563 798 563 799 563 800 563 823 554 835 562 836 562 837 562 838 563 875 563 875 562 931 551 959 551 982 560 983 560 984 560 985 560 1019 548 1060 548 1077 557 1078 557 1079 557 1080 557 1096 548 1096 537 1093 506 1027 506 1018 500 1017 500 1016 500 1015 500 1014 500 1004 505 987 499 986 499 985 499 984 499 983 499 983 500 973 508 954 503 953 503 952 503 896 509 874 501 873 501 872 501 813 511 764 505 763 505 762 505 761 505 751 511 717 504 716 504 715 504 697 513 664 508 663 508 634 515 606 506 605 506 604 506 603 506 602 506 590 516 570 507 569 507 568 507 511 515 490 508 489 508 488 508 433 519 391 510 390 510 389 510 373 519 359 511 358 511 323 511 325 552"/></Shape>
            <String CONTENT="tionem· Ideoq́ noſtræ conſcientiæ reſpicere debent," HPOS="323.0" VPOS="499.0" WIDTH="773.0" HEIGHT="70.0"/>
          </TextLine>
          <TextLine ID="line_9" TAGREFS="LT8" BASELINE="325 601 1101 585" HPOS="324.0" VPOS="550.0" WIDTH="777.0" HEIGHT="72.0">
            <Shape><Polygon POINTS="325 601 325 614 400 614 427 622 428 622 429 622 430 622 452 611 536 610 565 620 566 620 567 620 608 619 609 619 637 608 693 616 694 616 742 606 768 614 769 614 770 614 771 614 772 614 784 606 850 613 851 613 852 613 853 613 867 603 938 611 939 611 1051 604 1091 608 1092 608 1093 608 1094 608 1101 602 1101 585 1098 557 1068 557 1051 550 1050 550 1049 550 1048 550 1029 556 1020 551 1019 551 1018 551 1017 551 967 558 913 553 912 553 911 553 896 561 865 556 864 556 793 562 759 556 758 556 709 565 613 559 612 559 611 559 591 568 535 568 524 563 523 563 522 563 521 563 520 563 509 569 436 565 435 565 434 565 433 565 425 570 396 564 395 564 394 564 393 564 382 572 324 572 325 601"/></Shape>
            <String CONTENT="non in peccatum, ſed in gratiam, quæ eſt multo for¬" HPOS="324.0" VPOS="550.0" WIDTH="777.0" HEIGHT="72.0" WC="0.9810293737579795"/>
          </TextLine>
          <TextLine ID="line_10" TAGREFS="LT8" BASELINE="324 649 1100 635" HPOS="323.0" VPOS="599.0" WIDTH="777.0" HEIGHT="67.0">
            <Shape><Polygon POINTS="324 649 324 659 363 664 364 664 388 659 408 665 409 665 411 665 412 665 426 659 478 662 480 662 481 662 490 657 503 665 504 665 505 665 506 666 545 666 545 665 546 665 577 657 605 663 606 663 756 661 757 661 775 651 836 651 850 659 851 659 852 660 870 660 870 659 871 659 872 659 886 648 956 648 980 657 981 657 982 657 1057 646 1099 651 1100 635 1098 607 1043 599 1042 599 1041 599 1011 608 986 603 985 603 984 603 967 610 921 610 912 604 911 604 910 604 909 604 908 604 907 604 896 611 836 611 795 604 794 604 793 604 792 604 781 612 754 605 752 605 751 605 750 605 749 605 736 613 711 605 710 605 709 605 708 605 690 611 626 607 625 607 624 607 594 614 510 609 509 609 508 609 485 619 476 614 475 614 474 614 425 620 402 611 401 611 400 611 399 611 368 621 347 612 346 612 345 612 344 612 323 620 324 649"/></Shape>
            <String CONTENT="tior &amp; excellentior ipſa fortitudine peccati: quanto" HPOS="323.0" VPOS="599.0" WIDTH="777.0" HEIGHT="67.0" WC="0.984969627398711"/>
          </TextLine>
          <TextLine ID="line_11" TAGREFS="LT8" BASELINE="324 699 1101 685" HPOS="323.0" VPOS="649.0" WIDTH="778.0" HEIGHT="74.0">
            <Shape><Polygon POINTS="324 699 325 723 348 713 374 718 375 718 418 712 447 719 448 719 449 719 508 710 561 718 562 718 630 707 688 707 740 715 741 715 742 715 763 707 788 711 789 711 864 705 870 710 871 710 872 710 873 710 874 710 891 704 914 712 915 712 916 712 972 706 1087 709 1088 709 1089 709 1090 709 1101 701 1101 685 1099 658 1050 649 1049 649 1048 649 1047 649 1037 658 927 651 926 651 925 651 907 660 861 653 860 653 808 655 807 655 806 655 796 662 766 657 765 657 722 663 711 657 710 657 709 657 708 657 673 664 635 657 634 657 633 657 619 665 582 665 564 658 563 658 562 658 501 667 464 662 463 662 399 668 393 663 392 663 391 663 323 663 324 699"/></Shape>
            <String CONTENT="homine Deus eſt præſtantior &amp; melior, tanto uali¬" HPOS="323.0" VPOS="649.0" WIDTH="778.0" HEIGHT="74.0" WC="0.9933802120539607"/>
          </TextLine>
          <TextLine ID="line_12" TAGREFS="LT8" BASELINE="325 748 973 736" HPOS="324.0" VPOS="702.0" WIDTH="649.0" HEIGHT="72.0">
            <Shape><Polygon POINTS="325 748 325 763 396 763 429 774 430 774 431 774 432 774 433 774 452 761 509 761 538 768 539 768 540 768 594 760 606 770 607 770 608 770 609 771 644 771 644 770 645 770 646 770 646 769 658 758 709 759 720 768 721 768 722 768 723 768 798 766 799 766 812 760 862 766 863 766 864 766 865 766 865 765 872 759 900 765 901 765 902 765 918 757 932 764 933 764 934 765 961 765 961 764 962 764 963 764 973 757 973 736 971 710 920 702 919 702 918 702 895 710 822 711 786 704 785 704 784 704 783 704 783 705 774 713 690 714 676 708 675 708 674 708 673 708 672 708 664 714 649 706 648 706 619 706 618 706 617 706 615 706 601 715 540 707 539 707 431 719 393 710 392 710 391 710 341 711 340 711 324 717 325 748"/></Shape>
            <String CONTENT="dior &amp; nobilioris efficaciæ gratia, peccato·" HPOS="324.0" VPOS="702.0" WIDTH="649.0" HEIGHT="72.0"/>
          </TextLine>
        </TextBlock>
        <TextBlock HPOS="437.0" VPOS="293.0" WIDTH="527.0" HEIGHT="61.0" ID="block_5" TAGREFS="BT3518">
          <Shape><Polygon POINTS="437 293 964 293 964 354 437 354 437 293"/></Shape>
          <TextLine ID="line_13" TAGREFS="LT8" BASELINE="450 347 963 336" HPOS="448.0" VPOS="293.0" WIDTH="515.0" HEIGHT="63.0">
            <Shape><Polygon POINTS="892 293 880 293 870 293 860 293 849 293 839 293 829 293 818 293 808 293 798 293 788 293 777 293 770 293 740 304 717 304 701 293 700 293 699 293 698 293 697 293 696 293 679 304 647 297 646 297 645 297 644 297 635 303 624 293 623 293 612 293 603 293 564 305 544 305 522 293 520 293 509 293 499 293 489 293 478 293 469 293 448 293 450 347 450 355 682 356 683 356 685 356 708 350 745 355 746 355 747 355 764 349 801 354 802 354 803 354 804 354 812 348 859 353 860 353 963 345 963 336 961 299 903 299 894 293 892 293"/></Shape>
            <String CONTENT="Nam ſi unius delicto." HPOS="448.0" VPOS="293.0" WIDTH="515.0" HEIGHT="63.0" WC="0.9996318448157537"/>
          </TextLine>
        </TextBlock>
        <TextBlock HPOS="369.0" VPOS="836.0" WIDTH="575.0" HEIGHT="60.0" ID="block_6" TAGREFS="BT3520">
          <Shape><Polygon POINTS="369 836 944 836 944 896 369 896 369 836"/></Shape>
          <TextLine ID="line_14" TAGREFS="LT8" BASELINE="379 881 936 870" HPOS="378.0" VPOS="836.0" WIDTH="558.0" HEIGHT="66.0">
            <Shape><Polygon POINTS="903 836 893 836 882 836 876 836 867 843 802 843 790 836 790 836 782 836 771 842 742 836 738 836 728 836 717 836 707 836 703 836 702 836 701 836 686 845 659 840 658 840 599 847 589 839 589 838 588 838 587 838 586 838 530 849 521 841 521 840 520 840 519 840 518 840 481 845 441 841 440 841 439 841 426 848 408 842 407 842 406 842 405 842 378 852 379 881 379 899 402 895 431 902 432 902 433 902 506 901 546 893 579 895 580 895 582 895 583 895 593 888 629 899 630 899 631 899 632 899 682 886 714 886 737 896 738 896 739 896 740 896 762 885 781 891 782 891 783 891 784 891 801 884 812 895 813 895 814 895 815 896 834 896 834 895 835 895 858 883 904 893 905 893 906 893 907 893 907 891 917 881 936 880 936 870 934 842 904 836 903 836"/></Shape>
            <String CONTENT="Id eſt, fauor Dei quo nobis bene uult·" HPOS="378.0" VPOS="836.0" WIDTH="558.0" HEIGHT="66.0"/>
          </TextLine>
        </TextBlock>
        <TextBlock HPOS="527.0" VPOS="778.0" WIDTH="295.0" HEIGHT="55.0" ID="block_7" TAGREFS="BT3518">
          <Shape><Polygon POINTS="527 778 822 778 822 833 527 833 527 778"/></Shape>
          <TextLine ID="line_15" TAGREFS="LT8" BASELINE="539 825 813 819" HPOS="538.0" VPOS="778.0" WIDTH="275.0" HEIGHT="63.0">
            <Shape><Polygon POINTS="785 778 775 778 765 778 755 778 752 778 736 781 719 778 713 778 703 778 698 783 690 778 682 778 672 778 662 778 652 778 645 778 636 786 607 786 596 778 590 778 579 778 569 778 559 778 549 778 546 778 538 786 539 825 539 834 589 841 590 841 591 841 592 841 603 834 702 840 703 840 704 840 730 834 756 839 757 839 758 839 780 831 801 838 802 838 803 838 804 838 805 838 805 837 813 829 813 819 812 783 793 778 785 778"/></Shape>
            <String CONTENT="Gratia Dei." HPOS="538.0" VPOS="778.0" WIDTH="275.0" HEIGHT="63.0" WC="0.9699567935683511"/>
          </TextLine>
        </TextBlock>
        <TextBlock HPOS="351" VPOS="965" WIDTH="620" HEIGHT="73" ID="block_8" TAGREFS="BT3520">
          <Shape><Polygon POINTS="351 965 351 1038 971 1038 971 965"/></Shape>
          <TextLine ID="line_16" TAGREFS="LT8" BASELINE="368 1024 942 1015" HPOS="367" VPOS="972" WIDTH="575" HEIGHT="70">
            <Shape><Polygon POINTS="368 1024 368 1034 430 1042 431 1042 432 1042 449 1034 480 1041 481 1041 482 1041 497 1033 544 1040 545 1040 589 1031 612 1039 613 1039 614 1039 615 1039 617 1039 628 1028 691 1028 709 1037 710 1037 711 1038 740 1038 740 1037 741 1037 759 1027 811 1033 812 1033 813 1033 835 1026 864 1035 865 1035 866 1035 867 1035 868 1035 875 1028 900 1034 901 1034 941 1024 942 1015 940 974 906 972 905 972 904 972 871 985 832 985 824 978 823 978 822 978 820 978 819 978 818 978 808 984 747 974 746 974 703 975 702 975 701 975 680 988 648 988 632 976 631 976 630 976 629 976 628 976 627 976 614 984 601 977 600 977 599 977 598 977 555 989 522 985 521 985 464 990 440 979 439 979 438 979 437 979 414 988 400 983 399 983 398 983 367 988 368 1024"/></Shape>
            <String CONTENT="Scilicet, quod ad nos &amp; in nos uenit·" HPOS="367" VPOS="972" WIDTH="575" HEIGHT="70" WC="0.9737126585599538"/>
          </TextLine>
        </TextBlock>
        <TextBlock HPOS="553.0" VPOS="905.0" WIDTH="304.0" HEIGHT="61.0" ID="block_9" TAGREFS="BT3518">
          <Shape><Polygon POINTS="553 905 857 905 857 966 553 966 553 905"/></Shape>
          <TextLine ID="line_17" TAGREFS="LT8" BASELINE="570 953 842 951" HPOS="569.0" VPOS="905.0" WIDTH="273.0" HEIGHT="67.0">
            <Shape><Polygon POINTS="672 905 662 905 653 905 636 918 618 905 610 905 600 905 590 905 579 905 569 905 570 953 570 963 608 969 609 969 647 962 704 972 705 972 841 959 842 951 840 922 774 918 759 910 758 910 757 910 756 910 755 910 745 917 723 917 715 911 715 910 714 910 713 910 712 910 711 910 691 916 677 905 672 905"/></Shape>
            <String CONTENT="Et donum." HPOS="569.0" VPOS="905.0" WIDTH="273.0" HEIGHT="67.0" WC="0.9938696291711595"/>
          </TextLine>
        </TextBlock>
        <TextBlock HPOS="424.0" VPOS="1049.0" WIDTH="556.0" HEIGHT="62.0" ID="block_10" TAGREFS="BT3518">
          <Shape><Polygon POINTS="424 1049 980 1049 980 1111 424 1111 424 1049"/></Shape>
          <TextLine ID="line_18" TAGREFS="LT8" BASELINE="428 1099 979 1093" HPOS="427.0" VPOS="1049.0" WIDTH="552.0" HEIGHT="69.0">
            <Shape><Polygon POINTS="932 1049 921 1049 911 1049 901 1049 891 1049 880 1049 870 1049 860 1049 849 1049 839 1049 829 1049 818 1049 808 1049 798 1049 788 1049 776 1059 746 1054 745 1054 744 1054 743 1054 743 1055 737 1060 696 1054 695 1054 694 1054 693 1054 685 1061 654 1061 632 1049 623 1049 614 1049 604 1053 600 1049 592 1049 582 1049 571 1049 562 1049 532 1062 496 1059 483 1049 478 1049 468 1049 458 1049 448 1049 443 1049 427 1059 428 1099 428 1109 454 1109 466 1118 467 1118 468 1118 469 1118 555 1117 556 1117 569 1110 597 1113 598 1113 599 1113 600 1113 605 1108 629 1115 630 1115 631 1115 632 1115 648 1107 757 1116 758 1116 759 1116 760 1116 771 1107 783 1112 784 1112 785 1112 786 1112 788 1112 795 1108 802 1114 802 1115 803 1115 804 1115 805 1115 806 1115 807 1115 820 1106 850 1106 863 1115 864 1115 865 1115 866 1115 896 1110 942 1114 943 1114 944 1114 979 1103 979 1093 974 1059 951 1059 940 1049 932 1049"/></Shape>
            <String CONTENT="Quæ fuit unius Chriſti." HPOS="427.0" VPOS="1049.0" WIDTH="552.0" HEIGHT="69.0" WC="0.999662124592325"/>
          </TextLine>
        </TextBlock>
        <TextBlock HPOS="330.0" VPOS="1125.0" WIDTH="781.0" HEIGHT="409.0" ID="block_11" TAGREFS="BT3520">
          <Shape><Polygon POINTS="330 1125 1111 1125 1111 1534 330 1534 330 1125"/></Shape>
          <TextLine ID="line_19" TAGREFS="LT8" BASELINE="378 1171 1103 1160" HPOS="377.0" VPOS="1125.0" WIDTH="726.0" HEIGHT="61.0">
            <Shape><Polygon POINTS="1077 1125 1067 1125 1059 1125 1055 1129 1044 1125 1036 1125 1028 1125 1019 1133 997 1133 986 1125 984 1125 974 1125 942 1129 936 1125 933 1125 922 1125 902 1131 888 1125 881 1125 871 1125 861 1125 850 1125 840 1125 833 1125 806 1135 781 1129 780 1129 743 1135 726 1126 725 1126 667 1126 666 1126 626 1136 599 1127 598 1127 597 1127 596 1127 574 1138 561 1129 560 1129 559 1129 558 1129 557 1129 556 1129 556 1130 546 1139 420 1140 404 1130 403 1130 402 1130 401 1130 377 1130 378 1171 379 1186 397 1180 510 1186 511 1186 512 1186 538 1178 601 1178 612 1183 613 1183 614 1183 615 1183 617 1183 627 1177 652 1184 653 1184 654 1184 655 1184 671 1175 739 1175 864 1181 865 1181 866 1181 885 1173 935 1180 936 1180 987 1178 988 1178 989 1178 1000 1172 1084 1178 1085 1178 1086 1178 1103 1170 1103 1160 1102 1131 1081 1125 1077 1125"/></Shape>
            <String CONTENT="Deus pater in hoc ſolo homine ſibi complacuit, in" HPOS="377.0" VPOS="1125.0" WIDTH="726.0" HEIGHT="61.0" WC="0.9940970819823596"/>
          </TextLine>
          <TextLine ID="line_20" TAGREFS="LT8" BASELINE="332 1221 1102 1211" HPOS="331.0" VPOS="1172.0" WIDTH="771.0" HEIGHT="66.0">
            <Shape><Polygon POINTS="332 1221 332 1238 409 1230 554 1236 555 1236 556 1236 557 1236 564 1230 638 1234 639 1234 687 1227 707 1232 708 1232 709 1232 710 1232 728 1226 747 1231 748 1231 749 1231 750 1231 762 1226 816 1231 817 1231 818 1231 841 1225 867 1231 868 1231 869 1231 915 1224 942 1230 943 1230 944 1230 1025 1222 1043 1228 1044 1228 1045 1228 1076 1222 1083 1228 1084 1228 1085 1228 1086 1228 1102 1225 1102 1211 1099 1172 1068 1179 1038 1172 1037 1172 1036 1172 1035 1172 1004 1182 969 1173 968 1173 967 1173 966 1173 943 1183 793 1175 792 1175 791 1175 754 1186 720 1186 703 1177 702 1177 661 1177 660 1177 659 1177 631 1188 588 1188 574 1179 573 1179 572 1179 571 1179 570 1179 569 1179 556 1188 542 1179 541 1179 540 1179 510 1179 509 1179 508 1179 507 1179 497 1188 462 1180 461 1180 406 1190 397 1184 396 1184 395 1184 394 1184 393 1184 373 1190 362 1181 361 1181 360 1181 359 1181 331 1183 332 1221"/></Shape>
            <String CONTENT="bunc unice, ſua benignitate &amp; dilectione reſpiciebat," HPOS="331.0" VPOS="1172.0" WIDTH="771.0" HEIGHT="66.0" WC="0.9887964545555834"/>
          </TextLine>
          <TextLine ID="line_21" TAGREFS="LT8" BASELINE="332 1272 1110 1260" HPOS="331.0" VPOS="1223.0" WIDTH="779.0" HEIGHT="60.0">
            <Shape><Polygon POINTS="332 1272 332 1283 1110 1272 1110 1260 1108 1233 1067 1233 1048 1223 1047 1223 1046 1223 1045 1223 1022 1232 997 1226 996 1226 995 1226 994 1226 993 1226 984 1233 969 1227 968 1227 967 1227 896 1236 792 1227 791 1227 790 1227 754 1238 714 1228 713 1228 675 1229 674 1229 673 1229 659 1239 637 1229 636 1229 635 1229 634 1229 633 1229 624 1238 594 1240 566 1230 565 1230 564 1230 563 1230 537 1239 473 1231 472 1231 471 1231 438 1243 400 1243 372 1233 371 1233 370 1233 369 1233 368 1233 354 1244 331 1244 332 1272"/></Shape>
            <String CONTENT="adeo, ut ipſum hæredem faceret totius mundi, collocaᛘ" HPOS="331.0" VPOS="1223.0" WIDTH="779.0" HEIGHT="60.0"/>
          </TextLine>
          <TextLine ID="line_22" TAGREFS="LT8" BASELINE="332 1321 1109 1310" HPOS="331.0" VPOS="1272.0" WIDTH="778.0" HEIGHT="65.0">
            <Shape><Polygon POINTS="332 1321 332 1333 369 1337 370 1337 371 1337 386 1329 487 1329 595 1334 596 1334 597 1334 598 1334 607 1328 669 1333 670 1333 671 1333 685 1327 699 1332 700 1332 701 1332 757 1324 824 1331 825 1331 904 1322 926 1329 927 1329 928 1330 968 1330 968 1329 1006 1322 1035 1327 1036 1327 1037 1327 1051 1320 1085 1325 1086 1325 1087 1325 1109 1319 1109 1310 1106 1283 1074 1283 1044 1272 1043 1272 1042 1272 1018 1274 1017 1274 1016 1274 1003 1284 966 1284 856 1278 854 1278 853 1278 852 1278 843 1286 805 1286 792 1276 791 1276 790 1276 789 1276 788 1276 771 1282 759 1276 758 1276 757 1276 706 1277 705 1277 682 1288 542 1279 541 1279 466 1287 439 1281 438 1281 437 1281 436 1281 400 1292 385 1287 384 1287 383 1287 331 1293 332 1321"/></Shape>
            <String CONTENT="ret ad dexteram ſuam, nihil dignitatis &amp; potentiæ" HPOS="331.0" VPOS="1272.0" WIDTH="778.0" HEIGHT="65.0" WC="0.9752660332893839"/>
          </TextLine>
          <TextLine ID="line_23" TAGREFS="LT8" BASELINE="334 1372 1109 1360" HPOS="333.0" VPOS="1322.0" WIDTH="776.0" HEIGHT="65.0">
            <Shape><Polygon POINTS="334 1372 334 1387 1109 1374 1109 1360 1106 1323 993 1322 991 1322 990 1322 967 1333 945 1323 944 1323 943 1323 942 1323 941 1323 928 1334 911 1334 829 1325 828 1325 827 1325 826 1325 810 1335 782 1337 687 1337 674 1332 673 1332 672 1332 671 1332 670 1332 662 1337 642 1328 641 1328 640 1328 639 1328 638 1328 624 1339 595 1328 594 1328 593 1328 592 1328 591 1328 573 1340 516 1335 515 1335 514 1335 512 1335 506 1341 463 1331 462 1331 461 1331 440 1342 333 1339 334 1372"/></Shape>
            <String CONTENT="in eum non transfunderet, &amp; poſtquàm ille ſangu i¬" HPOS="333.0" VPOS="1322.0" WIDTH="776.0" HEIGHT="65.0" WC="0.989367262989867"/>
          </TextLine>
          <TextLine ID="line_24" TAGREFS="LT8" BASELINE="334 1421 1110 1410" HPOS="333.0" VPOS="1376.0" WIDTH="777.0" HEIGHT="62.0">
            <Shape><Polygon POINTS="334 1421 335 1436 354 1431 373 1438 374 1438 375 1438 377 1438 404 1431 418 1437 419 1437 420 1437 421 1437 434 1430 462 1434 463 1434 464 1434 477 1429 491 1436 492 1436 493 1437 540 1437 540 1436 541 1436 564 1429 587 1433 588 1433 623 1427 648 1434 649 1434 651 1434 713 1428 755 1433 756 1433 788 1432 789 1432 790 1432 801 1425 830 1431 831 1431 832 1431 849 1425 866 1431 867 1431 868 1431 899 1425 921 1430 922 1430 923 1430 925 1430 944 1423 964 1428 965 1428 966 1428 967 1428 968 1428 968 1427 974 1421 1062 1421 1076 1426 1077 1426 1078 1426 1110 1419 1110 1410 1108 1384 993 1379 991 1379 990 1379 965 1385 937 1380 936 1380 896 1385 876 1378 875 1378 874 1378 873 1378 872 1378 863 1386 843 1382 842 1382 756 1387 728 1377 727 1377 687 1376 686 1376 639 1384 629 1377 628 1377 627 1377 626 1377 582 1384 560 1380 559 1380 558 1380 536 1390 508 1386 507 1386 506 1386 490 1391 465 1380 464 1380 463 1380 353 1381 352 1381 333 1388 334 1421"/></Shape>
            <String CONTENT="nem ſuum pro nobis effudit, quomodo non reconci¬" HPOS="333.0" VPOS="1376.0" WIDTH="777.0" HEIGHT="62.0" WC="0.9834596055249373"/>
          </TextLine>
          <TextLine ID="line_25" TAGREFS="LT8" BASELINE="333 1470 1109 1461" HPOS="332.0" VPOS="1423.0" WIDTH="777.0" HEIGHT="64.0">
            <Shape><Polygon POINTS="333 1470 333 1480 448 1479 456 1484 457 1484 458 1484 459 1484 460 1484 478 1479 501 1487 502 1487 503 1487 541 1486 542 1486 564 1478 676 1485 677 1485 717 1477 745 1484 746 1484 747 1484 793 1483 794 1483 795 1483 805 1477 831 1483 832 1483 833 1483 834 1483 835 1483 851 1473 927 1473 949 1481 950 1481 951 1481 952 1481 971 1472 1041 1480 1042 1480 1043 1480 1058 1471 1080 1480 1081 1480 1082 1480 1083 1480 1109 1469 1109 1461 1106 1431 1072 1426 1071 1426 1070 1426 1055 1431 1022 1423 1021 1423 1020 1423 931 1429 891 1425 890 1425 888 1425 873 1433 857 1426 856 1426 854 1426 853 1426 835 1433 820 1428 819 1428 818 1428 817 1428 816 1428 808 1434 767 1429 766 1429 674 1436 630 1431 629 1431 628 1431 609 1436 560 1432 559 1432 558 1432 539 1438 374 1439 357 1431 356 1431 355 1431 332 1431 333 1470"/></Shape>
            <String CONTENT="liaret nos patri? Ita gratia Dei per Chriſtũ in nos" HPOS="332.0" VPOS="1423.0" WIDTH="777.0" HEIGHT="64.0" WC="0.9875411807366137"/>
          </TextLine>
          <TextLine ID="line_26" TAGREFS="LT8" BASELINE="335 1523 1109 1509" HPOS="334.0" VPOS="1469.0" WIDTH="775.0" HEIGHT="79.0">
            <Shape><Polygon POINTS="335 1523 335 1547 412 1539 440 1548 441 1548 442 1548 443 1548 465 1538 492 1547 493 1547 494 1547 495 1547 496 1547 516 1534 573 1534 596 1545 597 1545 598 1545 647 1539 689 1543 690 1543 691 1543 692 1543 699 1537 705 1542 706 1542 707 1542 708 1542 785 1541 786 1541 802 1534 827 1540 828 1540 829 1540 830 1540 871 1529 908 1529 925 1537 926 1537 927 1537 928 1537 956 1528 1005 1537 1006 1537 1007 1537 1008 1537 1022 1527 1108 1527 1109 1509 1107 1472 1048 1469 1047 1469 966 1478 945 1471 944 1471 943 1471 831 1478 812 1473 811 1473 810 1473 809 1473 785 1481 710 1475 709 1475 708 1475 690 1485 572 1482 571 1482 570 1482 569 1482 561 1487 486 1481 485 1481 484 1481 465 1489 393 1490 382 1482 381 1482 380 1482 362 1482 361 1482 360 1482 334 1491 335 1523"/></Shape>
            <String CONTENT="eſt propagata: non potuiſſet Chriſtus reddere no¬" HPOS="334.0" VPOS="1469.0" WIDTH="775.0" HEIGHT="79.0" WC="0.9865791748981086"/>
          </TextLine>
        </TextBlock>
        <TextBlock HPOS="1045.0" VPOS="1527.0" WIDTH="63.0" HEIGHT="51.0" ID="block_12" TAGREFS="BT17">
          <Shape><Polygon POINTS="1045 1527 1108 1527 1108 1578 1045 1578 1045 1527"/></Shape>
          <TextLine ID="line_27" TAGREFS="LT8" BASELINE="1045 1560 1106 1562" HPOS="1044.0" VPOS="1531.0" WIDTH="62.0" HEIGHT="51.0">
            <Shape><Polygon POINTS="1045 1560 1044 1577 1085 1582 1086 1582 1087 1582 1105 1574 1106 1562 1100 1539 1076 1531 1075 1531 1074 1531 1073 1531 1052 1537 1045 1560"/></Shape>
            <String CONTENT="bis" HPOS="1044.0" VPOS="1531.0" WIDTH="62.0" HEIGHT="51.0"/>
          </TextLine>
        </TextBlock>
      </PrintSpace>
    </Page>
  </Layout>
</alto>
