1193 1838
141 84 641 64 IN EPIST · AD ROM·

85 154 774 58 pbeta conſummaiionẽ dici ſcias·q.d. Conſummatio,

84 194 784 71 ideſt, finitio, uel finis aderit in hoc populo, in iuſtiᛘ

81 247 780 64 cia, ſcilicet, fidet, nam hoc ſolum perficit, & conᛘ

83 296 779 62 ſummat omnia: lex infirma eſt, non potest præſtare

80 349 782 59 utres faciendi, quæ exigit. Paulus uero, non de Ver¬

80 396 780 63 bo breui, citat hunc locum, ſed de reliquijs ſaluandis

79 449 785 58 tantum, ut ſi uelis ex Eſaia interpretart, hæc ſit ſen¬

80 498 776 61 tentia. Sermonem perficit & abbreuiat in iuſticia,

79 546 781 65 id eſt, Dominus finiet, ſiue perficiet, & breuiabit

80 600 775 62 numerum ſui populi ludaici, ut paucis uerbis nume¬

79 650 774 60 rari poßit: & hoc in iuſticia, id eſt, ille numerus pauᛘ

77 698 776 67 cus reliquiarũ erit iuſtus, ſiue fidelis, alijs infidelitate

78 753 774 59 pereuntibus &c. Quemadmodum hoc etiam anno¬

75 801 777 59 tauimus in Eſaiam: & planè hanc ſententiam uult

75 850 778 63 Paulus-q·d. Videntur tam multi eſſe, qui ſint po¬

78 900 772 58 pulus Dei, uerum futurum eſt, ut paucißimi fiant,

77 950 775 61 & qui ſtatim numerart poßint · Es voirt mit dẽ zelnᛘ

77 1000 377 56 itzund behend zu gehn.

812 82 46 66 115

132 1056 715 66 Et quemadmodum prius dixit.

130 1111 496 62 Scilicet, Eſaias in primo Capite.

135 1172 714 61 Niſi Dominus Sabaoth reliquiſᛘ

70 1229 390 66 ſet nobis ſemen.

120 1298 720 58 Id eſt, reliquias, nam ſemen pro filijs accipitur,

72 1342 772 64 qui ſunt illæ reliquiæ. At ſcias cum emphaſi dictum,

71 1392 771 64 reliquiſſet·q. d· Ipſe uoluit ut aliqui ſalui fieremus,

70 1443 771 85 diãs oës, ut Sodoma, periiſſemus, ubi nemo remãſit,

666 1545 59 1 P iij
