1176 1845
408 72 606 58 COMMENT· POMER·

326 138 771 56 tenens in omnibus &c· Multi ſunt Dij, ſed per ip¬

328 184 761 59 ſum Chriſtum, multi ſunt ſancti, multi ſacerdotes,

329 233 767 64 ſed per illum. Ergo ſi glorificari uolumus, ſequamur

327 287 770 58 Chriſtum, in quo ad gloriam electi ſumus, ita tamen

330 337 662 63 ut per uiam crucis & patientiæ ingrediamur.

392 397 629 64 Porro, quos prædefinierat.

378 458 714 55 Quos ſtatuerat ſaluandos, ut uideas, non eſſe uoᛘ

327 501 768 61 lentis aut currentis, ſed miſerentis, quæ res tamen

327 550 769 61 uehementer offendit carnem, quare hic ſinito Deum

329 600 760 63 plura ſcire, quàm te. Gratiæ eſt hæc commendatio,

329 650 769 64 non meriti, quod gratißimum eſt omnibus Chriſtia¬

329 705 764 58 nis. Eramus enim inimici Dei pro tempore, nunc ueᛘ

329 751 575 63 ro facti per gratiam filij Dei, hinc dicit

152 792 182 63 Electio uel

133 847 194 60 prædeſtina¬

128 898 162 59 tio, eſt ab

128 959 135 54 eterno.

458 812 450 61 Eoſdem & uocauit.

375 874 722 53 Scilicet, in tempore, quamuis ab æterno electiᛘ

333 919 766 60 ſimus à Deo ad uitam, tamen permiſit nos errare ad

333 966 764 64 tempus in Dei blaſphemia: at quando uoluit, uoca¬

333 1020 762 57 uit nos. Itaq; hunc locum non de uocatione æterna,

342 1064 340 66 ed temporis intelliges.

133 1057 199 69 Vocatio, à tẽ

134 1114 89 53 pore.

528 1132 387 60 Et quos uocauit.

378 1186 717 61 Scilicet, uocatione temporis, per ſuum Verbum,

333 1238 411 60 & reuelatum Euangelium,

497 1294 423 61 Los & iuſtificauit.

385 1355 717 56 Quo iterum omne meritum tollit humanum: quot

333 1403 776 58 quot igitur uocat Deus, eos omnes inuenit in pecca¬

329 1445 776 83 to. Etiam Iohannes Baptiſta, teſtatur ſe eſſe peccato¬

1022 1511 80 57 rem
