1206 1845
144 113 642 62 IN EPIST. AD ROM.

804 109 58 69 174

155 183 715 56 Omnia hæc emphaſin habent: primum facit Deᛘ

106 230 765 55 um pacis autorem, non ullum ſanctum aut creatu¬

103 279 770 62 ram. Seeundo dicit, non poſſe nos noſtris uiribus Saᛘ

105 331 764 60 thanam ſuperare, niſi enim eo fortior ſuperuenerit,

103 379 775 64 manebit Sathan (ut CHRISTVS& Iob teſtan¬

104 429 770 62 tur) in ſuo regno firmus: ſemper hoc conatur, ut noᛘ

103 483 771 60 bis imperet, & ad quæcun mala nos impellat,

107 529 770 64 ſed CHRISTVS ſi aderit, ſolus ipſum ſuo gladio

104 582 775 61 conficere poteſt, quare neutiquam eſt timendus cre¬

105 633 773 61 dentibus, quamuis ſemper id agat, ut fallat, tamen

107 682 773 59 nocere non poteſt, abolebitur autem totus cum ſuo

109 731 770 59 regno in nobis, poſt mortem noſtram, ubi licebit noᛘ

106 778 574 70 bis dicere: Vbi eſt mors ſtimulus tuus?

305 867 379 78 Gratia Domini.

155 945 726 58 Hæc eſt ſalutandi forma Apoſtoli: non autem altas

102 995 777 60 formis: Bona dies, Salus, Pax huic domui, damnat,

110 1041 773 68 Habet fere quælibet linguarum ſuas quaſdam formu¬

109 1096 770 64 las dicendi, ſi modo piæ ſunt & Chriſtianæ, non ſpeᛘ

111 1144 595 71 ctandum eſt in uerba, quæ diuerſa ſunt¬

311 1226 307 74 Ego Tertius.

166 1302 720 71 Nomen proprium Notarij eſt Paulini, qui ſua maᛘ

115 1351 410 98 nu hanc ſcripſit Epiſtolan.

376 1437 236 74 Ei autem.
