1189 1843
444 83 625 60 COMMENT· POMER·

351 150 779 54 lo, hoc ago. Eſt uero iuxta carnem ambulare, nihil

349 196 775 58 aliud, quàm Deum non timere, nullam habere ſalu¬

350 246 768 59 tis, aut Det rationem: quales ſunt ettam, qui Euan¬

355 299 767 54 gelici hodie uidentur, omnia contemnentes & con¬

352 348 768 58 fundentes, cum interim nihil aliud quærant, quàm

351 397 769 60 ſua, non quæ Dei ſunt, aut proximi, ut ſpiritualis ho

351 448 767 62 mo, qui & Dei & proximi ſummam habet curam,

352 495 182 67 igitur addit

540 554 349 65 luxta ſpiritum :

396 616 723 55 Id eſt, qui legi Dei conſentiunt, & dicunt: Lex

349 662 772 59 oris tui, ſuper millia auri & argenti, tametſi caro

348 711 773 64 repugnet illis: ſed ſciunt hanc uitam eſſe militiam, in

349 761 773 62 qua nihil aliud expectandum eſt à carne, q̃ perpetua

356 813 765 63 pugna: inſultatio & inſidiæ Sathanæ nõ quieſcunt¬

440 891 546 63 Nam lex, ſpiritus uitæ.

390 950 726 58 Duplicem hic legem tangit: Alteram, ſpiritus ui¬

346 994 769 62 tæ, id eſt, ſpiritus uiuificantis: Alterã literæ, id eſt,

344 1041 774 67 mortis & damnationis-Vtilißimus hic locus eſt imbeᛘ

344 1093 772 63 cillibus & adflictis conſcientijs, quæ eum uident, ſeᛘ

342 1148 775 58 urgert per legem ad peccatum, per peccatum ad morᛘ

343 1194 775 61 tem, ingemiſcunt, & fere ſuccumbunt per deſperatio

344 1248 776 58 nem: tanta eſt tyrannis illius legis, quæ excitat pecᛘ

342 1297 780 55 catum, & poſt peccatum excitatum, reuelat æternã

342 1345 779 62 damnationẽ, & niſi illuceſceret eis Chriſtus (qui ſpiᛘ

342 1391 777 63 ritum patris ſui nobis impetrauit) deglutirentur ab in

319 1440 797 91 ferno & Sathana. Ihs igitur ſpiritus, eſt noua lex,

138 1080 189 58 Legis terror·

135 1393 182 61 Spiritus con¬

139 1445 150 75 folatio·

1046 1514 69 51 non
