1198 1864
374 97 636 53 COMMENT· POMER·

118 296 186 73 Conſcientia

107 358 197 66 docet, quæ na

105 408 199 70 Deo debea¬

108 462 102 56 mus.

314 159 774 60 intelligi uolunt, ſed ſimplicius eſt, ſi conditione dictũ

312 209 776 63 intelligas, utpote, Nam cum Gentes fecerint &c·id

318 259 780 64 eſt, ſi facerent Gentes ex naturali lege, ea quæ ſunt

316 306 768 68 legis ſcriptæ: ſed quando faciunt? nunquàm: con¬

316 358 767 67 ſcientiam habent quodreuereri debeant Deum, non

318 408 763 67 facere malum. At ubi faciunt mala uel bona, excu¬

318 459 768 67 ſat eas uel accuſat conſcientia eorum: habent con¬

315 511 772 61 ſcientiam bonam uel malam, ſecundum quod faciunt·

315 561 775 62 Ita hæc lex naturalis, id eſt, conſcientia, eſt in

317 612 768 54 omnibus hominibus, ut poßint uidere quæ ſint mala,

316 659 775 63 quæ bona, aut facere habent conſcientiam in quibuſ

317 707 580 65 dam ſe benefeciſſe, in quibuſdam male.

535 768 296 70 Quæ legem.

361 828 728 59 Scilicet ſcriptam· Sententia eſt, uos Iudæi putatis

317 879 771 54 uos præſtare Gentibus propter legem, an ignoratis

319 926 765 59 apud Deum non eſſe contentionem de lege ſcripta,

318 976 771 61 uel non ſcripta, ſed impleta? Si aliquis Gentium imᛘ

319 1026 773 58 pleat legem quam mandauit Deus, nonne melior erit

319 1073 762 70 Iudæo non faciente· Ita nihil prodeſt lex ſcripta,

308 1121 254 65 niſi ſit impleta·

111 952 192 70 Implere legẽ·

601 1189 207 59 Natura.

361 1243 728 62 Id eſt, naturali lege, habent enim conſcientiam,

323 1292 771 69 que dictat talia faciẽda uel omittẽda, quæ lex ſcripta¬

525 1364 307 65 Dibi ſunt lex,

368 1427 461 50 Id eſt, per conſcientiam ſuam,

323 1464 506 72 pro lege. AVDIVNT·

323 1521 245 70 uel negligendo.

840 1427 261 56 ſua corda habent

840 1469 266 75 Scilicet implendo
