<?xml version='1.0' encoding='UTF-8'?>
<alto xmlns:xsi="http://www.w3.org/2001/XMLSchema-instance" xmlns="http://www.loc.gov/standards/alto/ns-v4#" xsi:schemaLocation="http://www.loc.gov/standards/alto/ns-v4# http://www.loc.gov/standards/alto/v4/alto-4-2.xsd">
  <Description>
    <MeasurementUnit>pixel</MeasurementUnit>
    <sourceImageInformation>
      <fileName>10AC1F79_uk4nGb4nbmWXbnjB_00101.jpg</fileName>
      <fileIdentifier>zip//10AC1F79_100-200.zip/10AC1F79_uk4nGb4nbmWXbnjB_00101.jpg</fileIdentifier>
    </sourceImageInformation>
  </Description>
  <Tags>
    <OtherTag ID="BT7" LABEL="CustomZone" DESCRIPTION="block type CustomZone"/><OtherTag ID="BT8" LABEL="DamageZone" DESCRIPTION="block type DamageZone"/><OtherTag ID="BT9" LABEL="DigitizationArtefactZone" DESCRIPTION="block type DigitizationArtefactZone"/><OtherTag ID="BT10" LABEL="DropCapitalZone" DESCRIPTION="block type DropCapitalZone"/><OtherTag ID="BT11" LABEL="GraphicZone" DESCRIPTION="block type GraphicZone"/><OtherTag ID="BT12" LABEL="MainZone" DESCRIPTION="block type MainZone"/><OtherTag ID="BT13" LABEL="MarginTextZone" DESCRIPTION="block type MarginTextZone"/><OtherTag ID="BT14" LABEL="MusicZone" DESCRIPTION="block type MusicZone"/><OtherTag ID="BT15" LABEL="NumberingZone" DESCRIPTION="block type NumberingZone"/><OtherTag ID="BT17" LABEL="QuireMarksZone" DESCRIPTION="block type QuireMarksZone"/><OtherTag ID="BT18" LABEL="RunningTitleZone" DESCRIPTION="block type RunningTitleZone"/><OtherTag ID="BT19" LABEL="SealZone" DESCRIPTION="block type SealZone"/><OtherTag ID="BT20" LABEL="StampZone" DESCRIPTION="block type StampZone"/><OtherTag ID="BT21" LABEL="TableZone" DESCRIPTION="block type TableZone"/><OtherTag ID="BT22" LABEL="TitlePageZone" DESCRIPTION="block type TitlePageZone"/><OtherTag ID="BT3517" LABEL="MainZone-Continued" DESCRIPTION="block type MainZone-Continued"/><OtherTag ID="BT3518" LABEL="MainZone-Head" DESCRIPTION="block type MainZone-Head"/><OtherTag ID="BT3519" LABEL="MarginTextZone-Notes" DESCRIPTION="block type MarginTextZone-Notes"/><OtherTag ID="BT3520" LABEL="MainZone-P" DESCRIPTION="block type MainZone-P"/><OtherTag ID="BT3715" LABEL="text" DESCRIPTION="block type text"/>
    <OtherTag ID="LT7" LABEL="CustomLine" DESCRIPTION="line type CustomLine"/><OtherTag ID="LT8" LABEL="DefaultLine" DESCRIPTION="line type DefaultLine"/><OtherTag ID="LT9" LABEL="DropCapitalLine" DESCRIPTION="line type DropCapitalLine"/><OtherTag ID="LT10" LABEL="HeadingLine" DESCRIPTION="line type HeadingLine"/><OtherTag ID="LT11" LABEL="InterlinearLine" DESCRIPTION="line type InterlinearLine"/><OtherTag ID="LT12" LABEL="MusicLine" DESCRIPTION="line type MusicLine"/><OtherTag ID="LT1349" LABEL="default" DESCRIPTION="line type default"/>
  </Tags>
  <Layout>
    <Page WIDTH="1175" HEIGHT="1843" PHYSICAL_IMG_NR="83" ID="eSc_dummypage_">
      <PrintSpace HPOS="0" VPOS="0" WIDTH="1175" HEIGHT="1843">
        <TextBlock HPOS="800" VPOS="119" WIDTH="56" HEIGHT="46" ID="block_1" TAGREFS="BT15">
          <Shape><Polygon POINTS="856 119 856 165 800 165 800 119"/></Shape>
          <TextLine ID="line_1" TAGREFS="LT8" BASELINE="809 147 844 148" HPOS="806" VPOS="119" WIDTH="37" HEIGHT="63">
            <Shape><Polygon POINTS="838 119 823 119 807 119 807 145 806 182 841 179 843 147 841 119 838 119"/></Shape>
            <String CONTENT="43" HPOS="806" VPOS="119" WIDTH="37" HEIGHT="63" WC="0.9973625540733337"/>
          </TextLine>
        </TextBlock>
        <TextBlock HPOS="133" VPOS="109" WIDTH="639" HEIGHT="62" ID="block_2" TAGREFS="BT18">
          <Shape><Polygon POINTS="772 109 772 171 133 171 133 109"/></Shape>
          <TextLine ID="line_2" TAGREFS="LT8" BASELINE="148 154 748 146 772 146" HPOS="145" VPOS="105" WIDTH="626" HEIGHT="67">
            <Shape><Polygon POINTS="760 109 708 109 700 112 695 109 622 109 611 115 574 115 565 109 489 109 479 116 434 116 416 109 380 109 353 118 317 118 307 109 293 109 285 116 270 109 253 109 239 118 224 109 145 112 150 172 162 162 258 170 327 162 380 168 388 159 417 167 440 159 746 162 771 153 769 105 760 109"/></Shape>
            <String CONTENT="IN EPIST. AD ROM." HPOS="145" VPOS="105" WIDTH="626" HEIGHT="67" WC="0.9996202693266028"/>
          </TextLine>
        </TextBlock>
        <TextBlock HPOS="364" VPOS="179" WIDTH="178" HEIGHT="64" ID="block_3" TAGREFS="BT3518">
          <Shape><Polygon POINTS="542 179 542 243 364 243 364 179"/></Shape>
          <TextLine ID="line_3" TAGREFS="LT8" BASELINE="371 231 542 230" HPOS="370.0" VPOS="180.0" WIDTH="172.0" HEIGHT="70.0">
            <Shape><Polygon POINTS="371 231 371 244 524 250 525 250 526 250 542 242 542 230 540 203 509 203 490 189 489 189 488 189 487 189 459 195 435 182 434 182 370 180 371 231"/></Shape>
            <String CONTENT="Illum." HPOS="370.0" VPOS="180.0" WIDTH="172.0" HEIGHT="70.0" WC="0.9981448849042257"/>
          </TextLine>
        </TextBlock>
        <TextBlock HPOS="74" VPOS="242" WIDTH="776" HEIGHT="108" ID="block_4" TAGREFS="BT3520">
          <Shape><Polygon POINTS="850 242 850 350 74 350 74 242"/></Shape>
          <TextLine ID="line_4" TAGREFS="LT8" BASELINE="117 285 843 278" HPOS="116.0" VPOS="242.0" WIDTH="727.0" HEIGHT="66.0">
            <Shape><Polygon POINTS="823 242 813 242 803 242 793 245 785 242 782 242 772 242 762 242 751 242 745 242 732 244 721 242 721 242 710 242 700 242 699 242 694 247 682 242 680 242 669 242 659 242 649 242 645 242 626 244 619 242 618 242 608 242 601 242 576 248 551 242 547 242 536 242 528 250 470 250 450 242 449 242 448 242 447 242 426 251 371 251 350 242 349 242 348 242 347 242 346 242 336 250 301 243 300 243 256 251 229 243 228 243 227 243 226 243 206 252 116 245 117 285 117 307 163 303 218 308 219 308 220 308 221 308 221 307 228 301 258 307 259 307 260 307 261 307 272 299 311 304 312 304 313 304 324 298 407 306 408 306 409 306 443 297 487 305 488 305 547 296 615 296 631 304 632 304 633 304 670 297 720 302 721 302 722 302 732 296 743 302 744 302 745 302 825 296 840 302 843 278 842 247 828 242 823 242"/></Shape>
            <String CONTENT="Scilicet, Abraham, id quod in Chriſto factũ eſt," HPOS="116.0" VPOS="242.0" WIDTH="727.0" HEIGHT="66.0" WC="0.9948737061753565"/>
          </TextLine>
          <TextLine ID="line_5" TAGREFS="LT8" BASELINE="81 336 633 330" HPOS="80.0" VPOS="292.0" WIDTH="553.0" HEIGHT="66.0">
            <Shape><Polygon POINTS="81 336 82 357 102 348 116 357 117 357 118 357 119 358 173 358 173 357 234 348 276 354 277 354 278 354 298 345 370 345 391 354 392 354 393 355 393 354 394 354 413 346 429 354 430 354 431 354 432 354 463 343 495 353 496 353 497 353 498 353 499 353 515 343 565 350 566 350 567 350 583 343 592 347 593 347 594 347 633 340 633 330 630 301 571 302 562 293 562 292 561 292 560 292 538 292 537 292 491 293 490 293 471 303 448 293 447 293 446 293 387 296 386 296 385 296 373 304 332 295 331 295 330 295 329 295 329 296 320 306 185 306 170 298 169 298 168 298 166 298 149 308 118 308 111 301 111 299 110 299 109 299 80 297 81 336"/></Shape>
            <String CONTENT="in quem uenturum credidit Abraham." HPOS="80.0" VPOS="292.0" WIDTH="553.0" HEIGHT="66.0" WC="0.9993416246245889"/>
          </TextLine>
        </TextBlock>
        <TextBlock HPOS="209" VPOS="354" WIDTH="444" HEIGHT="53" ID="block_5" TAGREFS="BT3518">
          <Shape><Polygon POINTS="653 354 653 407 209 407 209 354"/></Shape>
          <TextLine ID="line_6" TAGREFS="LT8" BASELINE="218 396 640 394" HPOS="217.0" VPOS="356.0" WIDTH="423.0" HEIGHT="63.0">
            <Shape><Polygon POINTS="218 396 218 415 268 418 269 418 270 418 283 413 297 418 298 418 299 418 300 418 313 412 318 417 318 418 319 418 320 418 321 419 354 419 354 418 355 418 356 418 356 417 362 411 369 415 370 415 371 415 372 415 373 415 381 409 411 412 412 412 413 412 432 407 450 408 458 416 458 417 459 417 460 417 462 417 535 407 562 407 568 412 568 413 569 413 570 413 571 413 613 407 620 413 620 414 621 414 622 414 623 414 639 413 640 394 638 367 613 366 598 356 597 356 596 356 595 356 535 364 519 358 518 358 517 358 491 362 483 356 482 356 481 356 441 356 440 356 439 356 421 364 391 364 385 358 385 357 384 357 383 357 382 357 344 362 336 357 334 357 333 357 332 357 331 357 330 357 330 358 320 367 280 359 279 359 278 359 255 368 217 368 218 396"/></Shape>
            <String CONTENT="Sed per iuſticiam." HPOS="217.0" VPOS="356.0" WIDTH="423.0" HEIGHT="63.0" WC="0.9864786763985952"/>
          </TextLine>
        </TextBlock>
        <TextBlock HPOS="74" VPOS="410" WIDTH="781" HEIGHT="107" ID="block_6" TAGREFS="BT3520">
          <Shape><Polygon POINTS="855 410 855 517 74 517 74 410"/></Shape>
          <TextLine ID="line_7" TAGREFS="LT8" BASELINE="128 451 847 443" HPOS="127.0" VPOS="410.0" WIDTH="720.0" HEIGHT="65.0">
            <Shape><Polygon POINTS="833 410 823 410 813 410 803 410 792 410 782 410 772 410 762 410 740 415 734 410 731 410 721 410 710 410 700 410 690 410 680 410 669 410 659 410 650 410 631 416 595 410 588 410 577 410 569 410 561 416 548 410 547 410 537 410 529 418 485 418 420 410 413 410 403 410 401 410 306 420 254 411 253 411 252 411 231 420 211 412 210 412 208 412 127 413 128 451 129 469 146 465 158 475 159 475 160 475 161 475 201 469 208 475 210 475 211 475 212 475 257 474 258 474 259 474 272 463 333 463 348 473 349 473 350 473 351 474 396 474 396 473 397 473 398 473 409 462 434 462 445 472 446 472 447 472 448 473 448 472 449 472 450 472 462 461 496 461 529 470 530 470 531 470 532 470 533 470 550 460 576 460 614 460 649 469 650 469 651 469 652 469 670 463 697 468 698 468 699 468 719 459 776 460 782 466 783 466 784 466 785 466 818 459 845 466 847 443 846 415 834 410 833 410"/></Shape>
            <String CONTENT="Id eſt, quia credidit Deo, factus eſt filius Det," HPOS="127.0" VPOS="410.0" WIDTH="720.0" HEIGHT="65.0" WC="0.9890571966463205"/>
          </TextLine>
          <TextLine ID="line_8" TAGREFS="LT8" BASELINE="85 505 554 495" HPOS="84.0" VPOS="457.0" WIDTH="470.0" HEIGHT="68.0">
            <Shape><Polygon POINTS="85 505 85 524 130 525 131 525 132 525 145 519 157 524 158 524 159 524 160 524 195 515 205 523 206 523 207 523 208 523 210 523 225 515 267 522 268 522 269 522 270 522 281 511 318 511 356 520 357 520 358 520 359 520 370 509 412 509 439 518 440 518 441 518 442 518 469 508 499 517 500 517 501 517 502 517 504 517 515 507 553 515 554 495 551 464 489 466 458 457 457 457 456 457 455 457 454 457 439 467 411 458 410 458 409 458 408 458 407 458 390 469 350 469 318 460 317 460 316 460 285 461 284 461 268 470 264 466 263 466 262 466 261 466 260 466 259 466 253 473 197 473 134 464 133 464 132 464 131 464 131 465 120 475 103 465 102 465 101 465 100 465 84 474 85 505"/></Shape>
            <String CONTENT="&amp; hæres mandi per Chriſtum." HPOS="84.0" VPOS="457.0" WIDTH="470.0" HEIGHT="68.0" WC="0.9990560942225986"/>
          </TextLine>
        </TextBlock>
        <TextBlock HPOS="261" VPOS="517" WIDTH="395" HEIGHT="57" ID="block_7" TAGREFS="BT3518">
          <Shape><Polygon POINTS="656 517 656 574 261 574 261 517"/></Shape>
          <TextLine ID="line_9" TAGREFS="LT8" BASELINE="273 561 643 559" HPOS="272.0" VPOS="519.0" WIDTH="371.0" HEIGHT="65.0">
            <Shape><Polygon POINTS="273 561 273 583 360 583 360 582 361 582 381 575 432 583 433 583 434 583 459 574 495 574 505 582 505 583 506 583 507 583 508 584 568 584 568 583 569 583 570 583 582 574 642 574 643 559 641 530 572 519 571 519 570 519 533 529 332 520 331 520 272 531 273 561"/></Shape>
            <String CONTENT="Etenim ſi n qui." HPOS="272.0" VPOS="519.0" WIDTH="371.0" HEIGHT="65.0" WC="0.9668134823441505"/>
          </TextLine>
        </TextBlock>
        <TextBlock HPOS="73" VPOS="576" WIDTH="786" HEIGHT="599" ID="block_8" TAGREFS="BT3520">
          <Shape><Polygon POINTS="859 576 859 1175 73 1175 73 576"/></Shape>
          <TextLine ID="line_10" TAGREFS="LT8" BASELINE="122 615 854 607" HPOS="121.0" VPOS="576.0" WIDTH="733.0" HEIGHT="58.0">
            <Shape><Polygon POINTS="849 576 838 576 828 576 818 576 815 576 807 577 795 576 787 576 777 576 767 576 757 576 746 576 745 576 742 578 725 576 716 576 705 576 695 576 685 576 677 576 668 579 636 576 634 576 623 576 613 576 603 576 602 576 585 579 577 576 572 576 564 576 554 580 447 576 439 576 429 576 418 576 414 576 382 583 339 583 327 576 326 576 325 576 324 576 323 576 309 582 296 577 295 577 294 577 212 584 121 579 122 615 122 630 198 633 199 633 200 633 222 627 228 633 229 633 230 633 231 634 257 634 257 633 258 633 259 633 267 626 284 631 285 631 286 631 287 631 288 631 296 626 329 630 330 630 356 625 395 632 396 632 397 632 414 625 422 631 423 631 424 631 425 632 475 632 475 631 476 631 477 631 490 623 526 623 542 630 543 630 544 630 591 623 600 629 601 629 602 629 603 630 637 630 637 629 690 621 852 627 854 607 851 576 849 576"/></Shape>
            <String CONTENT="Hoc argumentum ex ſuperioribus pendet.Si iuſti" HPOS="121.0" VPOS="576.0" WIDTH="733.0" HEIGHT="58.0" WC="0.9860441645850306"/>
          </TextLine>
          <TextLine ID="line_11" TAGREFS="LT8" BASELINE="76 667 853 657" HPOS="75.0" VPOS="619.0" WIDTH="778.0" HEIGHT="68.0">
            <Shape><Polygon POINTS="76 667 76 680 152 687 153 687 154 687 155 687 165 678 240 684 241 684 242 684 262 677 300 684 301 684 302 684 330 676 370 683 371 683 425 675 463 682 464 682 542 673 608 679 609 679 610 679 628 672 659 679 660 679 727 673 765 678 766 678 853 668 853 657 851 628 728 619 727 619 726 619 693 630 648 621 647 621 646 621 645 621 633 631 600 631 582 621 581 621 580 621 554 621 553 621 552 621 551 621 536 632 483 626 482 626 481 626 480 626 472 633 413 633 387 623 386 623 385 623 384 623 345 634 311 629 310 629 309 629 291 634 274 628 273 628 272 628 271 628 244 635 233 627 232 627 231 627 230 627 229 627 228 627 213 636 152 626 151 626 97 627 96 627 95 627 84 636 75 635 76 667"/></Shape>
            <String CONTENT="cia eſt ex Dei promißione, qui uult, ut hoc ſuſcipia¬" HPOS="75.0" VPOS="619.0" WIDTH="778.0" HEIGHT="68.0" WC="0.9861282706260681"/>
          </TextLine>
          <TextLine ID="line_12" TAGREFS="LT8" BASELINE="77 718 845 709" HPOS="76.0" VPOS="669.0" WIDTH="769.0" HEIGHT="69.0">
            <Shape><Polygon POINTS="77 718 77 731 99 731 108 738 109 738 110 738 111 738 112 738 113 738 122 731 144 736 145 736 146 736 147 736 163 730 224 730 233 737 234 737 235 737 236 737 281 729 325 736 326 736 327 736 349 727 392 727 402 735 403 735 404 735 405 735 441 730 517 733 518 733 519 733 520 733 528 725 544 733 546 733 547 733 548 733 549 733 560 725 606 732 607 732 608 732 623 724 646 724 656 732 657 732 658 732 659 732 845 729 845 709 842 669 785 679 752 679 720 670 719 670 718 670 717 670 716 670 700 680 655 680 610 671 609 671 608 671 589 681 500 683 456 683 444 673 443 673 442 673 441 673 383 675 382 675 381 675 368 683 312 675 311 675 310 675 309 675 294 684 178 676 177 676 176 676 155 688 126 688 97 677 96 677 95 677 94 677 93 677 76 687 77 718"/></Shape>
            <String CONTENT="mus corde quod promiſit, tam non eſt ex nobis, idq́" HPOS="76.0" VPOS="669.0" WIDTH="769.0" HEIGHT="69.0" WC="0.9827585126839432"/>
          </TextLine>
          <TextLine ID="line_13" TAGREFS="LT8" BASELINE="78 767 849 757" HPOS="77.0" VPOS="720.0" WIDTH="772.0" HEIGHT="66.0">
            <Shape><Polygon POINTS="78 767 78 781 153 786 154 786 202 778 229 785 230 785 231 785 232 785 249 777 276 784 277 784 278 784 370 777 384 782 385 782 386 782 387 782 407 775 430 782 431 782 432 782 497 775 515 781 516 781 517 781 518 781 540 773 578 773 593 780 594 780 595 780 639 779 640 779 641 779 648 773 693 779 694 779 772 769 809 769 819 776 820 776 821 776 822 776 823 776 849 767 849 757 846 731 720 731 640 720 639 720 638 720 615 733 584 721 583 721 582 721 581 721 562 726 533 722 532 722 531 722 530 722 514 733 492 724 491 724 490 724 489 724 460 735 443 735 428 723 427 723 426 723 425 723 424 723 402 730 369 726 368 726 367 726 366 726 355 737 296 737 281 725 280 725 279 725 278 725 277 725 253 737 234 725 233 725 232 725 231 725 205 731 187 726 186 726 185 726 184 726 158 737 143 727 142 727 141 727 140 727 77 727 78 767"/></Shape>
            <String CONTENT="indicat adpellatio, dicitur enim Dei iuſticia, non no¬" HPOS="77.0" VPOS="720.0" WIDTH="772.0" HEIGHT="66.0" WC="0.9920818860884066"/>
          </TextLine>
          <TextLine ID="line_14" TAGREFS="LT8" BASELINE="78 819 853 808" HPOS="77.0" VPOS="769.0" WIDTH="776.0" HEIGHT="68.0">
            <Shape><Polygon POINTS="78 819 78 837 115 829 140 835 141 835 142 835 143 835 166 828 186 833 187 833 188 833 254 827 291 833 292 833 407 828 463 832 464 832 465 832 466 832 476 824 532 828 533 828 534 828 552 823 561 830 562 830 563 830 564 831 602 831 602 830 603 830 620 822 745 828 746 828 747 828 775 820 796 827 798 827 799 827 800 827 818 821 852 826 853 808 851 780 812 780 785 769 784 769 783 769 720 770 719 770 695 781 639 772 638 772 637 772 614 782 542 773 541 773 540 773 523 782 497 776 496 776 495 776 494 776 463 785 418 785 389 775 388 775 387 775 386 775 359 785 325 778 324 778 267 786 186 778 185 778 184 778 149 788 131 779 130 779 87 779 86 779 85 779 84 779 84 780 77 785 78 819"/></Shape>
            <String CONTENT="ſtra: ad nos uenit, non quod iuſticta ullam eſſet in¬" HPOS="77.0" VPOS="769.0" WIDTH="776.0" HEIGHT="68.0" WC="0.9916359006233935"/>
          </TextLine>
          <TextLine ID="line_15" TAGREFS="LT8" BASELINE="77 868 854 858" HPOS="76.0" VPOS="819.0" WIDTH="778.0" HEIGHT="69.0">
            <Shape><Polygon POINTS="77 868 77 883 110 881 152 888 153 888 154 888 176 880 186 887 187 887 188 887 189 887 248 879 257 885 258 885 259 885 289 886 290 886 291 886 311 879 362 885 363 885 364 885 389 877 414 884 415 884 416 884 449 877 490 883 491 883 492 883 493 883 501 877 552 880 553 880 554 880 555 880 562 874 621 874 696 881 697 881 698 881 714 873 771 880 772 880 829 879 830 879 854 871 854 858 852 830 793 819 792 819 791 819 766 832 739 832 718 820 717 820 716 820 715 820 682 829 668 821 667 821 666 821 665 821 604 822 603 822 602 822 588 834 521 834 507 823 506 823 505 823 465 823 464 823 463 823 430 834 386 824 385 824 384 824 347 836 315 825 314 825 313 825 312 825 275 837 256 832 255 832 254 832 253 832 229 839 189 839 180 831 179 831 178 831 177 831 118 839 76 835 77 868"/></Shape>
            <String CONTENT="uenturus in nobis, ſed quod ſuam, id eſt, Det tuſti¬" HPOS="76.0" VPOS="819.0" WIDTH="778.0" HEIGHT="69.0" WC="0.9926713716525298"/>
          </TextLine>
          <TextLine ID="line_16" TAGREFS="LT8" BASELINE="74 916 852 908" HPOS="73.0" VPOS="872.0" WIDTH="779.0" HEIGHT="62.0">
            <Shape><Polygon POINTS="74 916 74 927 99 934 100 934 101 934 102 934 121 929 176 931 177 931 178 931 179 931 186 926 267 933 268 933 325 932 326 932 341 926 355 931 356 931 357 931 358 931 380 924 428 928 429 928 488 923 498 930 499 930 500 930 501 931 527 931 527 930 528 930 541 923 589 929 590 929 640 923 654 929 655 929 656 929 657 929 674 922 696 928 697 928 698 928 753 920 775 927 776 927 777 928 820 928 820 927 821 927 822 927 831 920 851 920 852 908 850 880 796 874 795 874 794 874 774 879 756 872 754 872 753 872 723 879 715 873 714 873 712 873 711 873 680 874 679 874 655 882 573 882 561 876 560 876 559 876 558 876 557 876 549 882 462 882 436 876 435 876 434 876 364 884 332 877 331 877 242 878 241 878 240 878 232 884 193 878 192 878 191 878 169 886 137 879 136 879 73 882 74 916"/></Shape>
            <String CONTENT="ciã, nobis largiretur· Omnes enim peccauimus &amp;c··" HPOS="73.0" VPOS="872.0" WIDTH="779.0" HEIGHT="62.0" WC="0.9898580610752106"/>
          </TextLine>
          <TextLine ID="line_17" TAGREFS="LT8" BASELINE="74 969 854 956" HPOS="73.0" VPOS="923.0" WIDTH="781.0" HEIGHT="60.0">
            <Shape><Polygon POINTS="74 969 74 981 252 983 253 983 291 975 372 978 373 978 402 973 421 978 422 978 423 978 424 978 436 972 488 977 489 977 490 977 505 971 516 976 517 976 549 978 550 978 551 978 552 978 561 971 599 977 600 977 601 977 602 977 614 969 643 976 644 976 645 976 646 976 658 971 792 974 793 974 853 965 854 956 852 928 800 923 799 923 798 923 796 923 789 929 512 932 505 927 504 927 502 927 501 927 500 927 475 933 450 926 449 926 448 926 447 926 446 926 439 932 432 927 431 927 430 927 376 927 375 927 374 927 373 927 362 935 317 929 316 929 315 929 302 935 287 929 286 929 285 929 284 929 270 935 246 930 245 930 173 931 172 931 152 937 142 931 141 931 140 931 139 931 138 931 122 938 73 935 74 969"/></Shape>
            <String CONTENT="Promuſit, quia non habebamus, non autem uane pro" HPOS="73.0" VPOS="923.0" WIDTH="781.0" HEIGHT="60.0" WC="0.9963882490992546"/>
          </TextLine>
          <TextLine ID="line_18" TAGREFS="LT8" BASELINE="76 1017 854 1005" HPOS="75.0" VPOS="968.0" WIDTH="779.0" HEIGHT="68.0">
            <Shape><Polygon POINTS="76 1017 76 1027 138 1036 139 1036 272 1025 318 1025 332 1033 333 1033 334 1033 336 1033 355 1024 392 1032 393 1032 466 1022 518 1027 519 1027 563 1021 573 1029 574 1029 575 1029 576 1029 658 1019 680 1025 681 1025 682 1025 705 1021 721 1026 722 1026 723 1026 724 1026 740 1018 753 1025 754 1025 756 1025 808 1024 809 1024 810 1024 817 1018 853 1023 854 1005 852 976 728 968 727 968 726 968 725 968 714 977 659 969 658 969 657 969 628 979 562 979 524 972 523 972 522 972 521 972 512 978 481 973 480 973 444 980 412 973 411 973 410 973 383 980 357 974 356 974 355 974 354 974 328 983 310 975 309 975 273 975 272 975 271 975 253 984 210 980 208 980 207 980 193 986 141 977 140 977 139 977 112 988 75 988 76 1017"/></Shape>
            <String CONTENT="muſit: quomodo promitteret id, quod antea habere" HPOS="75.0" VPOS="968.0" WIDTH="779.0" HEIGHT="68.0" WC="0.9935834606488546"/>
          </TextLine>
          <TextLine ID="line_19" TAGREFS="LT8" BASELINE="70 1068 854 1055" HPOS="69.0" VPOS="1018.0" WIDTH="785.0" HEIGHT="68.0">
            <Shape><Polygon POINTS="70 1068 70 1082 115 1086 116 1086 117 1086 135 1077 184 1081 185 1081 186 1081 201 1076 225 1084 226 1084 227 1084 228 1084 253 1075 280 1075 308 1083 309 1083 310 1083 311 1083 336 1074 364 1082 365 1082 366 1082 399 1081 400 1081 401 1081 410 1074 491 1080 492 1080 543 1077 544 1077 546 1077 546 1076 554 1069 572 1075 573 1075 574 1075 575 1075 576 1075 583 1068 683 1067 731 1076 732 1076 733 1076 734 1076 747 1066 774 1075 775 1075 776 1075 854 1073 854 1055 852 1026 795 1018 794 1018 793 1018 761 1029 738 1029 726 1019 725 1019 724 1019 723 1019 722 1019 705 1026 670 1020 669 1020 603 1021 602 1021 585 1027 570 1022 569 1022 568 1022 567 1022 541 1032 479 1027 478 1027 434 1033 423 1027 422 1027 421 1027 420 1027 407 1033 395 1027 394 1027 393 1027 392 1027 391 1027 382 1035 312 1035 304 1029 303 1029 302 1029 261 1027 260 1027 259 1027 239 1037 215 1032 214 1032 213 1032 199 1036 189 1029 188 1029 187 1029 186 1029 128 1037 69 1035 70 1068"/></Shape>
            <String CONTENT="mus? Sumus inanes &amp; uacui, nihil habemus iuſti¬" HPOS="69.0" VPOS="1018.0" WIDTH="785.0" HEIGHT="68.0" WC="0.9961837086271732"/>
          </TextLine>
          <TextLine ID="line_20" TAGREFS="LT8" BASELINE="76 1117 850 1106" HPOS="75.0" VPOS="1070.0" WIDTH="775.0" HEIGHT="67.0">
            <Shape><Polygon POINTS="76 1117 76 1130 144 1134 145 1134 187 1129 203 1137 204 1137 205 1137 206 1137 207 1137 219 1128 237 1128 281 1137 282 1137 283 1137 284 1137 300 1127 346 1127 365 1133 366 1133 367 1133 368 1133 391 1126 408 1135 409 1135 410 1135 456 1127 472 1134 473 1134 474 1135 539 1135 539 1134 540 1134 567 1124 620 1123 633 1132 634 1132 635 1132 636 1133 694 1133 694 1132 775 1121 808 1130 809 1130 810 1131 850 1131 850 1106 847 1080 772 1080 765 1075 764 1075 763 1075 762 1075 737 1080 723 1070 722 1070 721 1070 697 1070 696 1070 695 1070 694 1070 681 1080 665 1072 664 1072 639 1072 638 1072 637 1072 636 1072 624 1081 468 1074 467 1074 466 1074 425 1084 309 1081 308 1081 307 1081 306 1081 306 1082 301 1087 269 1087 231 1077 230 1077 229 1077 163 1078 162 1078 161 1078 161 1079 150 1088 102 1080 101 1080 100 1080 75 1088 76 1117"/></Shape>
            <String CONTENT="ciæ: habebimus uero, quia ipſe promiſit, ſi promit¬" HPOS="75.0" VPOS="1070.0" WIDTH="775.0" HEIGHT="67.0" WC="0.99285208828309"/>
          </TextLine>
          <TextLine ID="line_21" TAGREFS="LT8" BASELINE="77 1168 375 1164" HPOS="76.0" VPOS="1126.0" WIDTH="299.0" HEIGHT="59.0">
            <Shape><Polygon POINTS="77 1168 77 1179 151 1178 197 1185 198 1185 199 1185 216 1176 289 1176 304 1183 305 1183 306 1184 342 1184 342 1183 343 1183 365 1175 372 1181 375 1164 373 1135 298 1127 297 1127 296 1127 275 1134 226 1126 225 1126 199 1127 198 1127 197 1127 186 1136 152 1127 151 1127 150 1127 149 1127 148 1127 131 1137 104 1132 103 1132 102 1132 76 1138 77 1168"/></Shape>
            <String CONTENT="tenti crediderimus." HPOS="76.0" VPOS="1126.0" WIDTH="299.0" HEIGHT="59.0" WC="0.9995201355532596"/>
          </TextLine>
        </TextBlock>
        <TextBlock HPOS="860" VPOS="593" WIDTH="200" HEIGHT="116" ID="block_9" TAGREFS="BT3519">
          <Shape><Polygon POINTS="1060 593 1060 709 860 709 860 593"/></Shape>
          <TextLine ID="line_22" TAGREFS="LT8" BASELINE="874 635 1056 638" HPOS="873.0" VPOS="597.0" WIDTH="183.0" HEIGHT="68.0">
            <Shape><Polygon POINTS="874 635 873 662 892 663 893 663 894 663 917 652 943 653 954 663 954 664 955 664 956 664 957 665 982 665 982 664 983 664 984 664 984 663 996 652 1027 659 1028 659 1029 659 1055 652 1056 638 1056 606 874 597 874 635"/></Shape>
            <String CONTENT="7. Argumen" HPOS="873.0" VPOS="597.0" WIDTH="183.0" HEIGHT="68.0" WC="0.9985372066497803"/>
          </TextLine>
          <TextLine ID="line_23" TAGREFS="LT8" BASELINE="860 688 935 686" HPOS="860.0" VPOS="657.0" WIDTH="75.0" HEIGHT="56.0">
            <Shape><Polygon POINTS="860 688 860 702 934 713 935 686 933 662 866 657 865 657 864 657 863 657 863 658 862 658 860 688"/></Shape>
            <String CONTENT="tum·" HPOS="860.0" VPOS="657.0" WIDTH="75.0" HEIGHT="56.0" WC="0.9993484318256378"/>
          </TextLine>
        </TextBlock>
        <TextBlock HPOS="327" VPOS="1180" WIDTH="271" HEIGHT="64" ID="block_10" TAGREFS="BT3518">
          <Shape><Polygon POINTS="598 1180 598 1244 327 1244 327 1180"/></Shape>
          <TextLine ID="line_24" TAGREFS="LT8" BASELINE="326 1227 582 1223" HPOS="326.0" VPOS="1180.0" WIDTH="256.0" HEIGHT="67.0">
            <Shape><Polygon POINTS="454 1180 453 1180 452 1180 394 1181 393 1181 392 1181 392 1182 371 1202 330 1202 326 1227 326 1234 351 1240 352 1240 397 1234 421 1241 422 1241 423 1241 424 1241 443 1234 456 1246 457 1246 458 1246 459 1247 499 1247 499 1246 500 1246 501 1246 517 1236 551 1243 552 1243 553 1243 582 1231 582 1223 581 1198 540 1184 539 1184 538 1184 494 1194 483 1185 482 1185 481 1185 480 1185 479 1185 466 1188 455 1180 454 1180"/></Shape>
            <String CONTENT="Ad legem." HPOS="326.0" VPOS="1180.0" WIDTH="256.0" HEIGHT="67.0" WC="0.9999149905310737"/>
          </TextLine>
        </TextBlock>
        <TextBlock HPOS="125" VPOS="1248" WIDTH="677" HEIGHT="61" ID="block_11" TAGREFS="BT3520">
          <Shape><Polygon POINTS="802 1248 802 1309 125 1309 125 1248"/></Shape>
          <TextLine ID="line_25" TAGREFS="LT8" BASELINE="136 1296 789 1284" HPOS="135.0" VPOS="1248.0" WIDTH="654.0" HEIGHT="71.0">
            <Shape><Polygon POINTS="719 1248 708 1248 698 1248 688 1248 678 1248 667 1248 661 1254 641 1248 637 1248 630 1248 588 1255 563 1248 555 1248 549 1248 530 1256 440 1253 439 1253 412 1258 380 1250 379 1250 378 1250 376 1250 375 1250 375 1251 366 1258 329 1254 328 1254 327 1254 309 1260 280 1251 279 1251 278 1251 210 1252 208 1252 193 1259 177 1253 176 1253 175 1253 174 1253 157 1259 148 1253 147 1253 146 1253 145 1253 144 1253 135 1256 136 1296 136 1310 187 1310 207 1319 208 1319 210 1319 281 1318 282 1318 283 1318 298 1308 338 1313 339 1313 340 1313 357 1307 418 1310 420 1310 421 1310 434 1305 468 1305 482 1315 483 1315 484 1315 485 1315 486 1315 512 1305 524 1314 525 1314 526 1314 527 1314 577 1307 599 1311 600 1311 601 1311 602 1311 602 1310 611 1302 632 1312 633 1312 634 1312 789 1309 789 1284 787 1253 724 1248 719 1248"/></Shape>
            <String CONTENT="Id eſt, qui uolunt per opera legis iuſtificari·" HPOS="135.0" VPOS="1248.0" WIDTH="654.0" HEIGHT="71.0" WC="0.9774505762343711"/>
          </TextLine>
        </TextBlock>
        <TextBlock HPOS="358" VPOS="1307" WIDTH="195" HEIGHT="57" ID="block_12" TAGREFS="BT3518">
          <Shape><Polygon POINTS="553 1307 553 1364 358 1364 358 1307"/></Shape>
          <TextLine ID="line_26" TAGREFS="LT8" BASELINE="379 1353 532 1351" HPOS="378.0" VPOS="1308.0" WIDTH="154.0" HEIGHT="54.0">
            <Shape><Polygon POINTS="379 1353 379 1362 532 1361 532 1351 531 1323 506 1312 505 1312 504 1312 472 1314 455 1308 454 1308 453 1308 435 1309 434 1309 433 1309 433 1310 422 1321 378 1324 379 1353"/></Shape>
            <String CONTENT="Fides." HPOS="378.0" VPOS="1308.0" WIDTH="154.0" HEIGHT="54.0" WC="0.9996910492579142"/>
          </TextLine>
        </TextBlock>
        <TextBlock HPOS="226" VPOS="1367" WIDTH="378" HEIGHT="54" ID="block_13" TAGREFS="BT3520">
          <Shape><Polygon POINTS="604 1367 604 1421 226 1421 226 1367"/></Shape>
          <TextLine ID="line_27" TAGREFS="LT8" BASELINE="237 1407 596 1400" HPOS="236.0" VPOS="1367.0" WIDTH="360.0" HEIGHT="60.0">
            <Shape><Polygon POINTS="492 1367 482 1367 472 1367 470 1367 464 1373 429 1373 408 1367 400 1367 390 1367 381 1367 367 1374 344 1367 339 1367 329 1367 319 1374 311 1367 308 1367 298 1367 287 1367 277 1367 236 1369 237 1407 237 1419 264 1419 286 1427 287 1427 288 1427 289 1427 325 1418 369 1425 370 1425 406 1424 407 1424 408 1424 418 1417 426 1421 427 1421 428 1421 429 1421 430 1421 430 1420 431 1420 433 1417 443 1423 444 1423 445 1423 446 1423 447 1423 472 1416 484 1421 485 1421 486 1421 487 1421 512 1415 522 1421 523 1421 524 1421 525 1421 526 1421 544 1413 594 1418 596 1400 593 1370 515 1370 498 1367 492 1367"/></Shape>
            <String CONTENT="Scilicet, qua credimus·" HPOS="236.0" VPOS="1367.0" WIDTH="360.0" HEIGHT="60.0" WC="0.9842135595238727"/>
          </TextLine>
        </TextBlock>
        <TextBlock HPOS="313" VPOS="1423" WIDTH="287" HEIGHT="55" ID="block_14" TAGREFS="BT3518">
          <Shape><Polygon POINTS="600 1423 600 1478 313 1478 313 1423"/></Shape>
          <TextLine ID="line_28" TAGREFS="LT8" BASELINE="327 1469 597 1465" HPOS="326.0" VPOS="1423.0" WIDTH="271.0" HEIGHT="58.0">
            <Shape><Polygon POINTS="449 1423 443 1423 427 1431 416 1426 415 1426 414 1426 390 1429 378 1423 378 1423 367 1423 357 1423 347 1423 337 1423 328 1423 327 1423 326 1424 327 1469 327 1476 334 1481 336 1481 337 1481 338 1481 339 1481 354 1476 520 1479 521 1479 522 1479 523 1479 532 1473 577 1478 578 1478 579 1478 597 1471 597 1465 595 1438 564 1438 544 1428 543 1428 542 1428 493 1438 454 1423 449 1423"/></Shape>
            <String CONTENT="Promiſſio." HPOS="326.0" VPOS="1423.0" WIDTH="271.0" HEIGHT="58.0" WC="0.9997770309448242"/>
          </TextLine>
        </TextBlock>
        <TextBlock HPOS="98" VPOS="1480" WIDTH="760" HEIGHT="61" ID="block_15" TAGREFS="BT3520">
          <Shape><Polygon POINTS="858 1480 858 1541 98 1541 98 1480"/></Shape>
          <TextLine ID="line_29" TAGREFS="LT8" BASELINE="106 1523 850 1517" HPOS="105.0" VPOS="1480.0" WIDTH="745.0" HEIGHT="73.0">
            <Shape><Polygon POINTS="822 1480 812 1480 802 1480 791 1485 747 1480 746 1480 711 1486 678 1480 677 1480 608 1486 579 1480 576 1480 566 1480 561 1480 532 1488 476 1488 457 1480 456 1480 455 1480 428 1483 416 1480 412 1480 402 1480 398 1480 387 1483 369 1480 361 1480 360 1480 346 1487 328 1480 320 1480 319 1480 291 1486 273 1480 269 1480 259 1480 248 1480 238 1480 228 1480 226 1480 218 1487 181 1480 180 1480 179 1480 150 1490 105 1483 106 1523 106 1553 202 1553 203 1553 204 1553 230 1537 268 1543 269 1543 321 1537 362 1551 363 1551 364 1551 365 1551 382 1546 467 1551 468 1551 469 1551 514 1535 549 1535 565 1544 566 1544 567 1544 637 1541 657 1549 658 1549 659 1549 660 1549 687 1535 700 1540 701 1540 702 1540 734 1533 757 1543 758 1543 759 1543 813 1535 847 1548 850 1517 849 1486 827 1480 822 1480"/></Shape>
            <String CONTENT="Qua Deus nobis iuſticiã promittit: ſequeretur enim" HPOS="105.0" VPOS="1480.0" WIDTH="745.0" HEIGHT="73.0" WC="0.9544013002339531"/>
          </TextLine>
        </TextBlock>
        <TextBlock HPOS="665" VPOS="1540" WIDTH="78" HEIGHT="43" ID="block_16" TAGREFS="BT17">
          <Shape><Polygon POINTS="743 1540 743 1583 665 1583 665 1540"/></Shape>
          <TextLine ID="line_30" TAGREFS="LT8" BASELINE="675 1569 733 1568" HPOS="672" VPOS="1540" WIDTH="60" HEIGHT="43">
            <Shape><Polygon POINTS="718 1540 703 1540 688 1540 672 1540 674 1568 674 1583 732 1580 732 1566 729 1540 718 1540"/></Shape>
            <String CONTENT="F 2" HPOS="672" VPOS="1540" WIDTH="60" HEIGHT="43"/>
          </TextLine>
        </TextBlock>
      </PrintSpace>
    </Page>
  </Layout>
</alto>
