1169 1845
391 88 655 68 COMMENT· POMER·

318 167 783 64 uix potest ferre, defendunt. Itaq quicunq; ſub ijs heᛘ

317 217 786 62 die ſecurus uiuere uolet, omnia faciat ſcelera & ma¬

318 264 781 68 la, quemadmodum ille dixit: Aude aliquid breuibus

323 317 776 66 gyaris & carcere dignum. Si uis eſſe aliquid, pro

320 371 376 65 bitas laudatur & alget.

393 429 699 71 Vis aut non timere poteſtatem.

373 486 456 65 Scilicet, quæ portat gladium,

386 547 570 61 Quod bonum eſt facito.

375 606 721 53 Non loquitur de bono coram Deo, ſed ciuili bo¬

324 649 773 66 nitate, quam mundus iudicat, & Iudex uel Princeps

327 704 446 52 commendat & laudat.

387 757 710 64 Dei enim miniſter eſt in bonum

376 819 720 58 Id eſt, is qui gerit gladium, à Deo ordinatus eſt,

324 863 778 65 ut faciat in ſuo magiſtratu quod Deus uult-Si bene¬

325 914 743 62 feceris, dicet te bonum ciuem: ſin minus, occidet¬

328 964 771 66 TIME. Scilicet gladij poteſtatem· FRVSTRA·

375 1014 397 66 Id eſt, uindicabit gladio.

466 1082 348 55 Vltor ad iram.

374 1139 725 57 Scilicet contra te- Totus hic locus contra eos eſt,

333 1186 768 60 qui Chriſtiana libertate abutuntur, uult́ Apoſtolus,

329 1231 776 67 ut omnes ſimus ſubditi poteſtatibus, & fratribũs ſerᛘ

330 1285 777 61 uiamus, non enim Chriſtiana libertas, eſt libertas carᛘ

329 1335 775 62 nis: ſed conſcientiæ, quæ eſt per Chriſtum, in hoc,

329 1388 783 58 ut nihil peccatorum uideamus, quod nos poßit dam¬

329 1437 785 54 nare, ſi ad alia traxeris hanc libertatem, non es Chriᛘ

329 1486 781 76 ſtianus, non ideo te liberauit Chriſtus, ut perturbes

124 1153 207 57 Chriſtiana li¬

124 1206 197 70 bertas quæ·

955 1548 157 55 publicam
