1169 1851
795 115 46 73 255

145 120 637 52 IN EPIST· AD ROM·

127.0 185.0 698.0 62.0 Scilicet fide, qui nondũ intelligit iſtam libertatẽ.

285 248 310 61 Qui ueſcitur.

131.0 296.0 475.0 63.0 Scilicet, cum ſcientia libertatis·

263.0 360.0 396.0 61.0 Non ueſcentem.

129.0 417.0 722.0 61.0 Id eſt, eum qui nondũ audet edere, quia ignorat

84.0 465.0 210.0 66.0 eſſe liberum·

313.0 524.0 280.0 61.0 Ne iudicet.

128.0 582.0 728.0 55.0 Id eſt, non condemnet, dicendo: iſte eſt hæreti¬

80.0 628.0 775.0 66.0 cus, quia edit carnes ſexta feria. Primum ergo, hæc de

80 675 776 73 medijs intelligimus, cæterum in neceſſarijs plus Deo,

83.0 729.0 773.0 62.0 quàm hominibus obediendum eſt. Secundo, in me¬

80.0 776.0 779.0 66.0 dijs, rationem ſcandali habere debemus, non Phari¬

86.0 825.0 729.0 67.0 ſæorum, qui ſinendi ſunt, etiam authore Chriſto¬

158.0 886.0 625.0 65.0 Deus enim illum aſſumpſit.

189 942 521 65 Id eſt, ita pertinet ad deum, ut tu·

294.0 1004.0 277.0 64.0 Tu quis es ?

138.0 1064.0 721.0 58.0 Argumentum eſt ex ciuilibus legibus deſumptum·

90.0 1109.0 774.0 63.0 Nullus enim iudicum iudicat quenquam, qui alterius

89.0 1158.0 777.0 62.0 fori eſt, ut nec Pilatus uoluit iudicare Chriſtũ, mit ¬

87.0 1208.0 778.0 66.0 tens ipſum ad Herodem, neq; paterfamiliãs, uicini

91.0 1260.0 773.0 60.0 ſeruum iudicat: ſic & in hoc loco, tu iudicium Deo

93.0 1310.0 751.0 64.0 committe, cuius hic ſeruus eſt, ille iudicabit eum·

257.0 1386.0 414.0 67.0 Proprio domino.

145.0 1446.0 717.0 58.0 Id eſt ſuo, quid ad te, ſiue bonus ſit, ſiue malus,

92.0 1496.0 775.0 59.0 qui edit feria ſexta carnes? ſtultũ eſt de eare pronunᛘ

84 1547 479 70 ciare, quam quis non intelligat:

728 1598 65 0 V5

867 674 169 78 Scandalum
