1200 1840
812 124 44 1 60

161 93 633 59 IN EPIST· AD ROM·

85.0 160.0 772.0 64.0 qui regnat in cordibus credentium, quare non fa¬

82.0 210.0 774.0 62.0 cienda eſt hic allegoria mortis. Similiter, & uere nos

82.0 255.0 775.0 71.0 mortui ſumus, quando ipſe mortuus eſt pro nobis:

82.0 308.0 778.0 62.0 illius mors, noſtra eſt mors, in conſpectu Det, ut

84.0 355.0 778.0 69.0 maxime ratio humana id non capiat· Hoc uerum eſt

84.0 405.0 780.0 70.0 fundamentum, cui innititur noſtra ſalus, hic uerus

84.0 453.0 777.0 74.0 uſus mortis Chriſti, quem illi, qui ſomniant allego·

82.0 507.0 781.0 65.0 ricam mortem, non uident, præſcribunt nobis tan¬

85.0 555.0 780.0 70.0 tum imitationem Chriſti, ſed interim hæc negligunt,

84 607 779 66 quæ inprimis ſcire retulerat. Itaq; certus ſim neceſſe,

84.0 656.0 784.0 68.0 me mortuum eſſe in morte Chriſti, me reſurrexiſſe reᛘ

90.0 705.0 780.0 72.0 ſurrectione Chriſti, regnare in regno Chriſti, ſede ¬

91.0 755.0 780.0 67.0 re ad dexteram patris in Chriſto: In ſumma, omnia

93.0 806.0 778.0 71.0 quæ Chriſti ſunt, mea eſſe, Epheſios primo· Non

86.0 856.0 785.0 72.0 eſt ergo ſimilitudo hæc : Chriſtus mortuus eſt, ergo

90.0 905.0 783.0 73.0 & nos libenter moriamur. Sed illa: Chriſtus mor¬

94.0 957.0 779.0 65.0 tuus eſt, ergo & nos tain ſumus mortui·Chriſtus reᛘ

95 1004 775 69 ſurrexit: Ergo & nos reſurreximus, hoc qui credit,

96.0 1055.0 778.0 69.0 facile & hilari corde imitabitur Chriſtum, bonis opeᛘ

92.0 1107.0 780.0 68.0 ribus, imo & audebit pro illo mori, & mortificare

96.0 1161.0 507.0 70.0 membra, quæ ſunt ſuper terram·

873.0 459.0 195.0 67.0 Mortis Chri¬

874.0 514.0 123.0 71.0 ſti uſus·

163.0 1288.0 610.0 77.0 Illud ſcientes , quod uetus.

148.0 1400.0 723.0 74.0 Duplicem deſcribit hominem, Veterem & nonũ,

98 1449 770 95 vetus eſt, qu ex carne naſcitur, ut Chriſtus dicit.

698.0 1514.0 77.0 75.0 H4
