<?xml version='1.0' encoding='UTF-8'?>
<alto xmlns:xsi="http://www.w3.org/2001/XMLSchema-instance" xmlns="http://www.loc.gov/standards/alto/ns-v4#" xsi:schemaLocation="http://www.loc.gov/standards/alto/ns-v4# http://www.loc.gov/standards/alto/v4/alto-4-2.xsd">
  <Description>
    <MeasurementUnit>pixel</MeasurementUnit>
    <sourceImageInformation>
      <fileName>10AC1F79_uk4nGb4pqFaxverD_00247.jpg</fileName>
    </sourceImageInformation>
  </Description>
  <Tags>
    <OtherTag ID="BT7" LABEL="CustomZone" DESCRIPTION="block type CustomZone"/><OtherTag ID="BT8" LABEL="DamageZone" DESCRIPTION="block type DamageZone"/><OtherTag ID="BT9" LABEL="DigitizationArtefactZone" DESCRIPTION="block type DigitizationArtefactZone"/><OtherTag ID="BT10" LABEL="DropCapitalZone" DESCRIPTION="block type DropCapitalZone"/><OtherTag ID="BT11" LABEL="GraphicZone" DESCRIPTION="block type GraphicZone"/><OtherTag ID="BT12" LABEL="MainZone" DESCRIPTION="block type MainZone"/><OtherTag ID="BT13" LABEL="MarginTextZone" DESCRIPTION="block type MarginTextZone"/><OtherTag ID="BT14" LABEL="MusicZone" DESCRIPTION="block type MusicZone"/><OtherTag ID="BT15" LABEL="NumberingZone" DESCRIPTION="block type NumberingZone"/><OtherTag ID="BT17" LABEL="QuireMarksZone" DESCRIPTION="block type QuireMarksZone"/><OtherTag ID="BT18" LABEL="RunningTitleZone" DESCRIPTION="block type RunningTitleZone"/><OtherTag ID="BT19" LABEL="SealZone" DESCRIPTION="block type SealZone"/><OtherTag ID="BT20" LABEL="StampZone" DESCRIPTION="block type StampZone"/><OtherTag ID="BT21" LABEL="TableZone" DESCRIPTION="block type TableZone"/><OtherTag ID="BT22" LABEL="TitlePageZone" DESCRIPTION="block type TitlePageZone"/><OtherTag ID="BT3824" LABEL="MainZone-Continued" DESCRIPTION="block type MainZone-Continued"/><OtherTag ID="BT3825" LABEL="MarginTextZone-Notes" DESCRIPTION="block type MarginTextZone-Notes"/><OtherTag ID="BT3826" LABEL="MainZone-Head" DESCRIPTION="block type MainZone-Head"/><OtherTag ID="BT3827" LABEL="MainZone-P" DESCRIPTION="block type MainZone-P"/>
    <OtherTag ID="LT7" LABEL="CustomLine" DESCRIPTION="line type CustomLine"/><OtherTag ID="LT8" LABEL="DefaultLine" DESCRIPTION="line type DefaultLine"/><OtherTag ID="LT9" LABEL="DropCapitalLine" DESCRIPTION="line type DropCapitalLine"/><OtherTag ID="LT10" LABEL="HeadingLine" DESCRIPTION="line type HeadingLine"/><OtherTag ID="LT11" LABEL="InterlinearLine" DESCRIPTION="line type InterlinearLine"/><OtherTag ID="LT12" LABEL="MusicLine" DESCRIPTION="line type MusicLine"/>
  </Tags>
  <Layout>
    <Page WIDTH="1190" HEIGHT="1836" PHYSICAL_IMG_NR="43" ID="eSc_dummypage_">
      <PrintSpace HPOS="0" VPOS="0" WIDTH="1190" HEIGHT="1836">
        <TextBlock HPOS="144" VPOS="72" WIDTH="653" HEIGHT="55" ID="block_1" TAGREFS="BT18">
          <Shape><Polygon POINTS="797 72 797 127 144 127 144 72"/></Shape>
          <TextLine ID="line_1" TAGREFS="LT8" BASELINE="153 113 516 109 802 114" HPOS="150" VPOS="73" WIDTH="649" HEIGHT="66">
            <Shape><Polygon POINTS="778 73 151 73 150 128 168 139 173 139 200 125 219 139 294 126 333 139 389 125 441 125 460 139 592 137 609 125 635 125 649 136 695 126 713 139 799 130 799 76 778 73"/></Shape>
            <String CONTENT="IN EPIST· AD ROM·" HPOS="150" VPOS="73" WIDTH="649" HEIGHT="66"/>
          </TextLine>
        </TextBlock>
        <TextBlock HPOS="89" VPOS="139" WIDTH="797" HEIGHT="152" ID="block_2" TAGREFS="BT3824">
          <Shape><Polygon POINTS="886 139 883 291 89 291 89 142"/></Shape>
          <TextLine ID="line_2" TAGREFS="LT8" BASELINE="96 177 877 180" HPOS="96" VPOS="141" WIDTH="781" HEIGHT="57">
            <Shape><Polygon POINTS="861 141 851 141 841 141 835 147 808 147 765 141 759 141 749 141 744 141 731 147 668 147 661 141 657 141 647 141 645 141 622 145 614 141 606 141 596 141 585 141 575 141 565 141 555 141 548 141 540 144 515 141 514 141 504 141 493 141 483 141 482 141 478 144 425 145 419 141 412 141 402 141 399 141 368 145 317 141 310 141 300 141 289 141 279 141 269 141 259 141 258 141 254 144 213 141 208 141 197 141 187 141 177 141 167 141 163 141 155 144 147 141 146 141 136 141 126 141 116 141 106 141 96 141 96 177 96 194 354 187 392 194 393 194 394 194 417 188 440 194 441 194 442 194 533 188 554 196 555 196 556 196 557 196 573 191 580 196 581 196 582 196 583 196 649 195 650 195 651 195 658 190 666 197 667 197 668 197 669 197 715 192 725 197 726 197 727 198 795 198 795 197 796 197 813 189 838 195 839 195 840 195 876 188 877 180 876 143 862 141 861 141"/></Shape>
            <String CONTENT="ſumma, Iudæorum &amp; Gentium ſalutem conſtare eleᛘ" HPOS="96" VPOS="141" WIDTH="781" HEIGHT="57"/>
          </TextLine>
          <TextLine ID="line_3" TAGREFS="LT8" BASELINE="93 225 878 231" HPOS="92" VPOS="187" WIDTH="786" HEIGHT="64">
            <Shape><Polygon POINTS="93 225 92 236 224 246 225 246 306 239 353 239 366 245 367 245 368 245 369 245 370 245 379 240 432 240 486 248 487 248 534 241 567 248 568 248 636 242 648 249 649 249 650 249 651 249 718 243 734 249 735 249 736 249 737 249 755 244 762 250 763 250 764 250 765 250 766 250 792 243 801 250 802 250 803 250 804 250 805 250 818 243 831 250 832 250 833 251 863 251 863 250 864 250 877 244 878 231 877 194 813 192 812 192 811 192 776 201 748 191 747 191 697 191 696 191 695 191 693 191 677 202 617 202 510 190 509 190 508 190 507 190 493 200 461 195 460 195 360 199 354 194 353 194 352 194 351 194 293 198 274 193 273 193 272 193 200 197 180 188 179 188 178 188 177 188 176 188 167 194 114 187 113 187 112 187 93 196 93 225"/></Shape>
            <String CONTENT="ctione, &amp; Dei uocatione. Ait ergo, nos ſcilicet Chriᛘ" HPOS="92" VPOS="187" WIDTH="786" HEIGHT="64"/>
          </TextLine>
          <TextLine ID="line_4" TAGREFS="LT8" BASELINE="92 280 459 276" HPOS="91" VPOS="233" WIDTH="368" HEIGHT="69">
            <Shape><Polygon POINTS="92 280 92 302 120 302 120 301 121 301 122 301 122 300 131 291 149 290 218 300 219 300 220 300 248 289 273 296 274 296 275 296 276 296 291 288 315 299 316 299 317 299 318 299 334 292 350 299 351 299 352 299 353 299 354 299 366 289 386 293 387 293 388 293 406 287 428 298 429 298 430 298 459 293 459 276 456 247 421 247 401 233 400 233 399 233 398 233 397 233 380 239 351 234 350 234 349 234 348 234 348 235 333 248 308 248 294 235 294 234 293 234 292 234 275 234 274 234 273 234 272 234 272 235 255 249 226 244 225 244 224 244 206 249 195 243 194 243 193 243 192 243 191 243 190 243 183 249 168 249 150 236 149 236 147 236 146 236 91 241 92 280"/></Shape>
            <String CONTENT="ſtianos, uel Apoſtolos," HPOS="91" VPOS="233" WIDTH="368" HEIGHT="69" WC="0.9973396892132966"/>
          </TextLine>
        </TextBlock>
        <TextBlock HPOS="207" VPOS="295" WIDTH="529" HEIGHT="57" ID="block_3" TAGREFS="BT3826">
          <Shape><Polygon POINTS="736 295 736 352 207 352 207 295"/></Shape>
          <TextLine ID="line_5" TAGREFS="LT8" BASELINE="228 341 730 341" HPOS="228" VPOS="295" WIDTH="502" HEIGHT="63">
            <Shape><Polygon POINTS="687 295 677 295 667 295 648 306 618 295 616 295 606 295 604 295 575 306 563 296 562 296 561 296 560 296 559 296 558 296 548 306 524 295 524 295 514 295 509 295 482 302 473 295 473 295 463 295 453 295 442 295 438 295 431 300 425 295 422 295 412 295 402 295 394 295 382 306 368 296 367 296 366 296 365 296 364 296 350 303 339 297 338 297 337 297 336 297 335 297 334 297 322 306 311 300 310 300 309 300 308 300 307 300 300 307 258 307 245 296 244 296 243 296 242 296 241 296 228 302 228 341 228 348 243 357 244 357 245 357 246 357 248 357 257 349 281 355 282 355 283 355 284 355 285 355 292 349 405 349 420 355 421 355 422 355 423 355 434 350 442 357 443 357 444 357 445 357 447 357 471 349 486 357 487 357 488 357 555 351 563 357 564 357 565 357 566 358 629 358 629 357 630 357 648 349 658 357 659 357 660 357 661 357 703 351 729 357 730 341 730 298 696 295 687 295"/></Shape>
            <String CONTENT="Non ſolum ex ludæis." HPOS="228" VPOS="295" WIDTH="502" HEIGHT="63" WC="0.9995323896408081"/>
          </TextLine>
        </TextBlock>
        <TextBlock HPOS="131" VPOS="356" WIDTH="731" HEIGHT="56" ID="block_4" TAGREFS="BT3827">
          <Shape><Polygon POINTS="862 356 862 412 131 412 131 356"/></Shape>
          <TextLine ID="line_6" TAGREFS="LT8" BASELINE="145 392 846 394" HPOS="144" VPOS="355" WIDTH="702" HEIGHT="55">
            <Shape><Polygon POINTS="819 355 809 355 799 355 788 355 778 355 772 355 764 363 736 363 726 355 725 355 724 355 723 355 722 355 721 355 714 363 682 363 677 358 677 357 676 357 675 357 674 357 673 357 656 362 635 355 634 355 633 355 632 355 608 362 600 355 595 355 592 355 586 362 558 355 554 355 549 355 540 362 481 355 480 355 479 355 467 361 461 355 452 355 441 355 431 355 421 355 411 355 401 355 391 355 230 361 217 355 217 355 207 355 204 355 191 361 145 361 145 392 144 408 844 410 846 394 846 363 826 355 819 355"/></Shape>
            <String CONTENT="Qui tamen ſoli uidebantur pertinere ad gratiã." HPOS="144" VPOS="355" WIDTH="702" HEIGHT="55" WC="0.993539164675043"/>
          </TextLine>
        </TextBlock>
        <TextBlock HPOS="149" VPOS="411" WIDTH="643" HEIGHT="56" ID="block_5" TAGREFS="BT3826">
          <Shape><Polygon POINTS="792 411 792 467 149 467 149 411"/></Shape>
          <TextLine ID="line_7" TAGREFS="LT8" BASELINE="159 457 275 453 788 454" HPOS="158" VPOS="411" WIDTH="630" HEIGHT="63">
            <Shape><Polygon POINTS="688 411 678 411 668 411 658 411 648 411 637 411 627 411 617 411 582 426 560 412 559 412 558 412 551 411 546 411 538 411 528 418 520 411 515 411 505 411 494 411 475 427 461 416 460 416 459 416 458 416 457 416 439 421 361 417 360 417 359 417 358 417 349 423 332 413 331 413 330 413 329 413 270 420 251 411 250 411 249 411 248 411 246 411 223 429 159 429 159 457 158 465 200 473 201 473 202 473 203 473 216 465 235 465 243 472 243 473 244 473 245 473 246 474 316 474 316 473 317 473 340 465 357 473 358 473 359 473 360 473 373 467 404 473 405 473 406 473 407 473 407 472 414 466 433 473 434 473 435 473 436 473 454 465 464 472 465 472 466 472 467 473 467 472 468 472 469 472 480 465 555 465 561 470 562 470 563 470 564 470 608 465 620 473 621 473 622 473 623 474 716 474 716 473 717 473 718 473 718 472 727 465 787 465 788 454 786 427 759 428 696 411 688 411"/></Shape>
            <String CONTENT="Verum etiam ex Gentibus." HPOS="158" VPOS="411" WIDTH="630" HEIGHT="63" WC="0.9993803625305494"/>
          </TextLine>
        </TextBlock>
        <TextBlock HPOS="94" VPOS="472" WIDTH="786" HEIGHT="102" ID="block_6" TAGREFS="BT3827">
          <Shape><Polygon POINTS="880 472 880 574 94 574 94 472"/></Shape>
          <TextLine ID="line_8" TAGREFS="LT8" BASELINE="144 505 873 508" HPOS="143" VPOS="473" WIDTH="730" HEIGHT="57">
            <Shape><Polygon POINTS="850 473 849 473 817 480 775 473 774 473 773 473 747 480 709 473 708 473 669 474 668 474 667 474 658 480 619 480 610 473 609 473 608 473 607 473 606 473 605 473 595 480 559 480 542 473 542 473 532 473 522 473 519 473 404 479 391 473 389 473 379 473 369 473 359 473 352 473 345 478 336 473 328 473 318 473 308 473 302 473 229 478 206 473 206 473 195 473 189 473 177 478 169 473 165 473 157 473 144 477 144 505 143 519 185 528 186 528 187 528 203 521 222 526 223 526 224 526 225 526 226 526 234 521 306 521 340 527 341 527 342 527 356 522 362 528 363 528 364 528 365 528 398 523 408 529 409 529 410 529 411 529 527 524 569 529 570 529 571 529 572 529 579 523 630 530 631 530 656 525 736 530 737 530 738 530 739 530 749 523 816 523 871 530 873 508 873 481 851 473 850 473"/></Shape>
            <String CONTENT="Scilicet Idolatris, in quibus nemo quicquam me¬" HPOS="143" VPOS="473" WIDTH="730" HEIGHT="57" WC="0.9925940024091843"/>
          </TextLine>
          <TextLine ID="line_9" TAGREFS="LT8" BASELINE="94 557 729 556" HPOS="93" VPOS="518" WIDTH="636" HEIGHT="53">
            <Shape><Polygon POINTS="94 557 94 571 728 569 729 556 727 530 686 530 660 518 659 518 658 518 657 518 656 518 648 523 591 519 590 519 589 519 588 519 576 529 558 523 557 523 556 523 533 527 518 518 517 518 516 518 515 518 514 518 513 518 499 530 469 530 458 521 457 521 456 521 455 521 454 521 453 521 453 522 445 529 414 529 394 522 393 522 392 522 362 529 350 519 350 518 349 518 348 518 346 518 294 529 272 521 271 521 270 521 269 521 236 529 205 518 204 518 203 518 176 519 175 519 174 519 174 520 170 524 164 519 164 518 163 518 162 518 161 518 93 519 94 557"/></Shape>
            <String CONTENT="riti uidere potuit, erant enim Dei hoſtes·" HPOS="93" VPOS="518" WIDTH="636" HEIGHT="53"/>
          </TextLine>
        </TextBlock>
        <TextBlock HPOS="78" VPOS="572" WIDTH="806" HEIGHT="122" ID="block_7" TAGREFS="BT3826">
          <Shape><Polygon POINTS="877 572 884 687 82 694 78 575"/></Shape>
          <TextLine ID="line_10" TAGREFS="LT8" BASELINE="162 617 871 621" HPOS="161" VPOS="575" WIDTH="710" HEIGHT="65">
            <Shape><Polygon POINTS="662 575 661 575 660 575 637 594 556 594 538 579 538 578 537 578 536 578 535 578 494 584 483 575 478 575 468 575 458 575 452 575 400 586 352 576 351 576 350 576 349 576 349 577 340 583 267 580 266 580 265 580 264 580 254 586 223 583 222 583 221 583 220 583 206 591 162 591 162 617 161 626 193 637 194 637 195 638 248 638 248 637 249 637 250 637 261 629 287 633 288 633 289 633 290 633 296 628 312 635 313 635 314 635 361 629 379 636 380 636 381 636 487 629 527 639 528 639 529 639 530 639 560 630 581 639 582 639 583 639 584 639 615 630 675 638 676 638 727 631 740 640 741 640 742 640 744 640 870 633 871 621 870 584 803 576 802 576 801 576 800 576 779 589 738 582 737 582 736 582 735 582 726 588 711 576 710 576 709 576 663 575 662 575"/></Shape>
            <String CONTENT="Quemadmodum &amp; Oſeę di¬" HPOS="161" VPOS="575" WIDTH="710" HEIGHT="65" WC="0.9699981005295463"/>
          </TextLine>
          <TextLine ID="line_11" TAGREFS="LT8" BASELINE="90 683 638 684" HPOS="89" VPOS="634" WIDTH="549" HEIGHT="70">
            <Shape><Polygon POINTS="90 683 89 701 110 703 111 703 112 703 113 703 127 693 160 693 171 702 171 703 172 703 173 703 174 703 175 703 205 693 211 698 211 699 212 699 213 699 214 699 252 693 287 700 288 700 289 700 305 694 312 701 312 702 313 702 314 702 315 702 316 702 317 702 329 694 357 703 358 703 359 704 414 704 414 703 415 703 416 703 416 702 425 693 443 703 444 703 445 703 488 696 552 701 553 701 554 701 555 701 555 700 560 696 604 699 605 699 637 692 638 684 637 649 586 643 585 643 584 643 577 647 567 640 566 640 565 640 564 640 563 640 544 647 527 634 526 634 525 634 524 634 523 634 494 645 468 642 467 642 466 642 465 642 465 643 460 648 425 634 424 634 423 634 393 637 392 637 391 637 376 648 338 634 337 634 324 634 323 634 322 634 321 634 321 635 308 648 270 634 269 634 194 634 193 634 192 634 191 634 178 645 172 641 171 641 170 641 169 641 168 641 167 641 162 646 129 634 128 634 127 634 126 634 93 647 90 683"/></Shape>
            <String CONTENT="cit, Vocabo populum." HPOS="89" VPOS="634" WIDTH="549" HEIGHT="70" WC="0.9746872663497925"/>
          </TextLine>
        </TextBlock>
        <TextBlock HPOS="88" VPOS="702" WIDTH="785" HEIGHT="101" ID="block_8" TAGREFS="BT3827">
          <Shape><Polygon POINTS="873 702 873 803 88 803 88 702"/></Shape>
          <TextLine ID="line_12" TAGREFS="LT8" BASELINE="135 735 863 741" HPOS="133" VPOS="702" WIDTH="729" HEIGHT="70">
            <Shape><Polygon POINTS="839 702 727 705 712 702 134 702 133 755 159 766 243 757 323 769 408 761 418 768 425 768 434 758 499 772 588 772 620 760 646 771 695 761 704 771 756 761 859 765 862 706 851 702 839 702"/></Shape>
            <String CONTENT="Hic populum Det uidemus fieri, Dei uocatione," HPOS="133" VPOS="702" WIDTH="729" HEIGHT="70" WC="0.9818447457419501"/>
          </TextLine>
          <TextLine ID="line_13" TAGREFS="LT8" BASELINE="100 790 296 786" HPOS="98" VPOS="749" WIDTH="197" HEIGHT="60">
            <Shape><Polygon POINTS="99 789 99 809 294 800 295 784 292 752 98 749 99 789"/></Shape>
            <String CONTENT="non meritis." HPOS="98" VPOS="749" WIDTH="197" HEIGHT="60" WC="0.9983188013235728"/>
          </TextLine>
        </TextBlock>
        <TextBlock HPOS="823" VPOS="87" WIDTH="68" HEIGHT="44" ID="block_9" TAGREFS="BT15">
          <Shape><Polygon POINTS="891 87 891 131 823 131 823 87"/></Shape>
          <TextLine ID="line_14" TAGREFS="LT8" BASELINE="822 114 879 115" HPOS="819" VPOS="61" WIDTH="58" HEIGHT="85">
            <Shape><Polygon POINTS="820 113 819 133 874 146 877 114 877 74 820 61 820 113"/></Shape>
            <String CONTENT="114" HPOS="819" VPOS="61" WIDTH="58" HEIGHT="85"/>
          </TextLine>
        </TextBlock>
        <TextBlock HPOS="217" VPOS="807" WIDTH="461" HEIGHT="56" ID="block_10" TAGREFS="BT3826">
          <Shape><Polygon POINTS="678 807 678 863 217 863 217 807"/></Shape>
          <TextLine ID="line_15" TAGREFS="LT8" BASELINE="227 848 671 848" HPOS="227" VPOS="807" WIDTH="444" HEIGHT="61">
            <Shape><Polygon POINTS="584 807 574 807 564 807 559 807 549 818 513 807 513 807 504 807 493 817 481 807 472 807 462 807 452 807 444 807 431 814 417 807 416 807 415 807 414 807 389 814 343 808 342 808 341 808 340 808 340 809 330 818 307 811 306 811 305 811 304 811 280 822 227 822 227 848 227 858 251 867 252 867 253 868 300 868 300 867 301 867 302 867 312 859 349 859 357 865 358 865 359 865 360 865 391 859 399 865 399 867 400 867 401 867 402 867 479 861 496 867 497 867 498 867 499 867 520 859 543 859 555 867 556 867 557 867 558 867 559 867 575 861 590 867 591 867 592 867 593 867 612 860 625 867 626 867 627 867 628 867 640 859 646 864 647 864 648 864 649 864 671 860 671 848 671 822 656 822 640 809 639 809 638 809 637 809 636 809 620 817 611 808 610 808 609 808 586 807 584 807"/></Shape>
            <String CONTENT="Qui meus non erat." HPOS="227" VPOS="807" WIDTH="444" HEIGHT="61" WC="0.9889431595802307"/>
          </TextLine>
        </TextBlock>
        <TextBlock HPOS="78" VPOS="867" WIDTH="798" HEIGHT="201" ID="block_11" TAGREFS="BT3827">
          <Shape><Polygon POINTS="876 867 876 1068 78 1068 78 867"/></Shape>
          <TextLine ID="line_16" TAGREFS="LT8" BASELINE="188 900 873 898" HPOS="187" VPOS="867" WIDTH="686" HEIGHT="54">
            <Shape><Polygon POINTS="851 867 840 867 830 867 820 867 810 867 800 867 789 867 779 867 769 867 759 867 749 867 738 867 728 867 718 867 708 867 698 867 689 867 684 871 611 871 603 867 596 867 591 867 584 870 577 867 575 867 565 867 555 867 554 867 539 870 535 867 534 867 524 867 522 867 515 871 488 867 483 867 473 867 467 867 455 871 428 867 422 867 412 867 410 867 405 872 360 872 352 867 351 867 340 867 334 871 309 867 300 867 289 867 280 867 250 871 244 867 238 867 228 867 218 867 208 867 197 867 195 867 187 871 188 900 188 911 248 911 261 918 262 918 263 918 264 918 279 912 289 918 290 918 291 918 292 918 307 911 325 916 326 916 327 916 351 911 369 919 370 919 426 920 427 920 428 920 447 911 492 911 504 920 505 920 506 920 507 921 530 921 530 920 531 920 564 910 579 919 580 919 581 920 683 920 683 919 684 919 685 919 697 910 735 919 736 919 737 919 753 910 762 915 763 915 764 915 765 915 781 910 804 919 805 919 806 919 853 912 870 919 873 898 871 871 854 867 851 867"/></Shape>
            <String CONTENT="Gentes enim non dicebantur populus Dei ſe¬" HPOS="187" VPOS="867" WIDTH="686" HEIGHT="54" WC="0.9812475882825398"/>
          </TextLine>
          <TextLine ID="line_17" TAGREFS="LT8" BASELINE="84 948 872 950" HPOS="83" VPOS="913" WIDTH="789" HEIGHT="56">
            <Shape><Polygon POINTS="84 948 83 962 234 967 235 967 236 967 237 967 244 961 269 967 270 967 271 967 272 967 295 961 324 967 325 969 432 969 432 967 472 961 517 969 518 969 519 969 520 969 528 962 584 962 655 969 656 969 657 969 669 962 819 967 820 967 821 967 844 962 869 969 872 950 871 920 724 914 723 914 682 921 674 914 673 914 672 914 639 914 638 914 637 914 636 914 628 922 604 922 578 914 577 914 576 914 575 914 574 914 565 922 492 922 478 913 477 913 476 913 475 913 474 913 466 921 203 921 160 913 159 913 109 920 98 913 97 913 96 913 95 913 94 913 84 919 84 948"/></Shape>
            <String CONTENT="cundum rationem temporis, non cenſebantur tum in" HPOS="83" VPOS="913" WIDTH="789" HEIGHT="56" WC="0.9933664028843244"/>
          </TextLine>
          <TextLine ID="line_18" TAGREFS="LT8" BASELINE="82 1000 873 1000" HPOS="82" VPOS="963" WIDTH="791" HEIGHT="57">
            <Shape><Polygon POINTS="82 1000 82 1017 165 1020 166 1020 167 1020 183 1013 190 1020 191 1020 192 1020 193 1020 232 1014 254 1020 255 1020 256 1020 306 1013 321 1018 322 1018 323 1018 350 1013 361 1018 362 1018 363 1018 364 1018 365 1018 371 1013 412 1013 419 1018 420 1018 421 1018 480 1020 481 1020 482 1020 497 1013 511 1020 512 1020 513 1020 544 1014 572 1020 573 1020 574 1020 590 1013 649 1013 715 1020 716 1020 752 1013 764 1020 765 1020 766 1020 807 1013 826 1020 827 1020 828 1020 873 1018 873 1000 872 964 844 971 817 963 816 963 815 963 784 971 753 963 659 963 658 963 657 963 656 963 647 971 607 963 569 963 568 963 567 963 566 963 557 971 82 966 82 1000"/></Shape>
            <String CONTENT="populo Dei: coram Deo uero, ab æterno fuerunt Dei" HPOS="82" VPOS="963" WIDTH="791" HEIGHT="57" WC="0.9659696756577005"/>
          </TextLine>
          <TextLine ID="line_19" TAGREFS="LT8" BASELINE="86 1051 867 1048" HPOS="85" VPOS="1011" WIDTH="782" HEIGHT="64">
            <Shape><Polygon POINTS="86 1051 86 1068 97 1073 98 1073 100 1073 101 1073 120 1066 130 1074 131 1074 132 1074 133 1075 157 1075 157 1074 158 1074 159 1074 170 1064 208 1064 219 1072 220 1072 221 1072 262 1074 263 1074 264 1074 289 1065 310 1073 311 1073 312 1073 313 1073 330 1063 358 1063 364 1068 365 1068 366 1068 367 1068 368 1068 386 1063 418 1073 419 1073 420 1073 421 1073 422 1073 435 1063 480 1071 481 1071 547 1063 562 1071 563 1071 605 1073 606 1073 607 1073 633 1062 655 1072 656 1072 657 1072 711 1066 721 1071 722 1071 723 1071 724 1071 725 1071 734 1063 762 1072 763 1072 764 1072 765 1072 780 1066 786 1072 787 1072 788 1072 789 1073 835 1073 835 1072 836 1072 837 1072 851 1062 866 1062 867 1048 865 1022 773 1022 757 1013 756 1013 755 1013 754 1013 735 1020 692 1011 691 1011 642 1017 610 1011 609 1011 608 1011 607 1011 595 1022 455 1014 454 1014 453 1014 438 1023 415 1023 390 1013 389 1013 388 1013 387 1013 371 1022 353 1012 352 1012 351 1012 319 1013 318 1013 299 1023 255 1016 254 1016 253 1016 234 1023 208 1013 207 1013 206 1013 85 1018 86 1051"/></Shape>
            <String CONTENT="populus, quia dilexit eas ante mundi cõſtitutionem·" HPOS="85" VPOS="1011" WIDTH="782" HEIGHT="64" WC="0.9877561892454441"/>
          </TextLine>
        </TextBlock>
        <TextBlock HPOS="133" VPOS="1073" WIDTH="671" HEIGHT="54" ID="block_12" TAGREFS="BT3826">
          <Shape><Polygon POINTS="804 1073 804 1127 133 1127 133 1073"/></Shape>
          <TextLine ID="line_20" TAGREFS="LT8" BASELINE="155 1114 801 1111" HPOS="154" VPOS="1073" WIDTH="647" HEIGHT="57">
            <Shape><Polygon POINTS="715 1073 711 1073 692 1081 673 1073 664 1073 654 1073 652 1073 639 1079 601 1073 592 1073 582 1073 575 1073 573 1075 555 1073 552 1073 541 1073 531 1073 529 1073 523 1077 492 1073 490 1073 480 1073 470 1073 460 1073 438 1080 423 1073 419 1073 409 1073 408 1073 400 1079 384 1073 378 1073 368 1073 358 1073 348 1073 337 1073 324 1083 311 1073 307 1073 305 1073 296 1080 271 1073 266 1073 256 1073 245 1073 235 1073 225 1073 215 1073 201 1080 154 1084 155 1114 155 1124 368 1130 369 1130 422 1123 536 1123 583 1129 584 1129 585 1129 601 1123 754 1128 755 1128 756 1128 757 1128 767 1122 778 1127 779 1127 780 1127 781 1127 801 1120 801 1111 799 1082 757 1076 756 1076 755 1076 754 1076 748 1081 720 1073 715 1073"/></Shape>
            <String CONTENT="Et eam quæ dilecta non erat." HPOS="154" VPOS="1073" WIDTH="647" HEIGHT="57" WC="0.9909155581678663"/>
          </TextLine>
        </TextBlock>
        <TextBlock HPOS="84" VPOS="1131" WIDTH="786" HEIGHT="106" ID="block_13" TAGREFS="BT3827">
          <Shape><Polygon POINTS="870 1131 870 1237 84 1237 84 1131"/></Shape>
          <TextLine ID="line_21" TAGREFS="LT8" BASELINE="137 1164 863 1169" HPOS="136" VPOS="1131" WIDTH="727" HEIGHT="56">
            <Shape><Polygon POINTS="855 1131 846 1137 832 1131 831 1131 821 1131 811 1131 801 1131 790 1131 780 1131 770 1131 760 1131 750 1131 739 1131 729 1131 719 1131 709 1131 708 1131 698 1136 691 1131 688 1131 678 1131 668 1131 658 1131 657 1131 636 1137 597 1131 597 1131 586 1131 576 1131 566 1131 556 1131 553 1131 527 1137 475 1137 468 1131 464 1131 454 1131 453 1131 445 1136 414 1136 404 1131 403 1131 392 1131 382 1131 375 1131 354 1136 313 1136 306 1131 301 1131 290 1131 286 1131 279 1134 269 1131 260 1131 250 1131 248 1131 239 1134 230 1131 229 1131 219 1131 209 1131 205 1131 197 1134 188 1131 188 1131 178 1131 168 1131 167 1131 163 1134 157 1131 147 1131 142 1131 137 1132 137 1164 136 1175 145 1181 146 1181 147 1181 149 1181 170 1177 194 1183 195 1183 196 1184 270 1184 270 1183 271 1183 272 1183 279 1177 358 1184 359 1184 392 1177 428 1185 429 1185 430 1185 450 1178 472 1178 482 1185 483 1185 484 1185 485 1185 604 1178 636 1185 637 1185 638 1185 639 1185 649 1178 679 1178 753 1183 754 1183 817 1179 861 1187 863 1169 859 1131 855 1131"/></Shape>
            <String CONTENT="Id eſt, quã non diligebam, Die meyn bul nit mar," HPOS="136" VPOS="1131" WIDTH="727" HEIGHT="56" WC="0.9846913084691885"/>
          </TextLine>
          <TextLine ID="line_22" TAGREFS="LT8" BASELINE="85 1217 776 1213" HPOS="84" VPOS="1175" WIDTH="692" HEIGHT="63">
            <Shape><Polygon POINTS="85 1217 85 1227 104 1233 105 1233 106 1233 107 1233 108 1233 115 1228 154 1232 155 1232 268 1227 282 1237 283 1237 284 1237 285 1237 303 1236 304 1236 305 1236 315 1227 344 1238 345 1238 346 1238 441 1237 442 1237 443 1237 456 1228 494 1232 496 1232 497 1232 507 1227 541 1235 542 1235 586 1230 595 1236 595 1237 596 1237 597 1237 598 1237 599 1237 625 1229 632 1235 632 1236 633 1236 634 1236 635 1237 682 1237 682 1236 683 1236 705 1228 734 1232 735 1232 736 1232 737 1232 747 1225 775 1230 776 1213 774 1185 666 1175 665 1175 664 1175 663 1175 654 1181 636 1176 635 1176 634 1176 633 1176 616 1185 584 1185 575 1177 575 1176 574 1176 573 1176 530 1176 529 1176 528 1176 527 1176 515 1185 497 1176 496 1176 450 1176 449 1176 448 1176 427 1187 317 1187 294 1177 293 1177 292 1177 252 1185 227 1178 226 1178 225 1178 168 1179 167 1179 152 1187 96 1178 95 1178 94 1178 93 1178 84 1183 85 1217"/></Shape>
            <String CONTENT="Sic enim Scriptura, quaſi de muliere loquitur." HPOS="84" VPOS="1175" WIDTH="692" HEIGHT="63" WC="0.9970846772193909"/>
          </TextLine>
        </TextBlock>
        <TextBlock HPOS="141" VPOS="1246" WIDTH="667" HEIGHT="58" ID="block_14" TAGREFS="BT3826">
          <Shape><Polygon POINTS="808 1246 808 1304 141 1304 141 1246"/></Shape>
          <TextLine ID="line_23" TAGREFS="LT8" BASELINE="159 1294 799 1292" HPOS="156" VPOS="1246" WIDTH="641" HEIGHT="66">
            <Shape><Polygon POINTS="768 1246 753 1246 739 1246 732 1254 643 1254 634 1246 630 1246 615 1246 600 1246 585 1246 569 1246 562 1246 554 1254 491 1254 482 1246 477 1246 462 1246 447 1246 431 1246 416 1246 401 1246 385 1246 373 1246 370 1250 361 1246 355 1246 340 1246 333 1246 326 1253 301 1246 294 1246 278 1246 263 1246 254 1254 214 1254 206 1246 202 1246 186 1246 171 1246 156 1246 157 1292 157 1311 794 1312 797 1291 796 1254 770 1246 768 1246"/></Shape>
            <String CONTENT="Et erit ubi dictum fuerat eis." HPOS="156" VPOS="1246" WIDTH="641" HEIGHT="66" WC="0.9875517368316651"/>
          </TextLine>
        </TextBlock>
        <TextBlock HPOS="79" VPOS="1312" WIDTH="793" HEIGHT="256" ID="block_15" TAGREFS="BT3827">
          <Shape><Polygon POINTS="872 1312 872 1568 79 1568 79 1312"/></Shape>
          <TextLine ID="line_24" TAGREFS="LT8" BASELINE="130 1350 869 1342" HPOS="129" VPOS="1311" WIDTH="740" HEIGHT="55">
            <Shape><Polygon POINTS="864 1311 854 1311 844 1311 833 1311 823 1311 813 1311 803 1311 792 1311 782 1311 772 1311 762 1311 752 1311 741 1311 731 1311 721 1311 711 1311 701 1311 690 1311 686 1311 677 1312 670 1311 670 1311 660 1311 650 1311 639 1311 629 1311 619 1311 612 1311 605 1312 598 1311 588 1311 578 1311 568 1311 564 1311 560 1314 525 1314 516 1311 507 1311 497 1311 493 1311 490 1314 476 1311 466 1311 456 1311 449 1311 438 1314 430 1311 425 1311 415 1311 408 1311 334 1315 321 1311 313 1311 308 1311 302 1316 235 1311 231 1311 221 1311 216 1311 196 1317 129 1313 130 1350 130 1360 146 1365 147 1365 149 1365 182 1359 203 1366 204 1366 205 1366 340 1357 383 1364 384 1364 385 1364 410 1356 418 1363 419 1363 420 1363 421 1363 422 1363 423 1363 432 1357 498 1363 499 1363 538 1355 620 1361 621 1361 689 1353 775 1360 776 1360 843 1359 844 1359 869 1351 869 1342 867 1311 864 1311"/></Shape>
            <String CONTENT="Id eſt, ubi olim Deus dicebat Gentibus: Nõ eſtis poᛘ" HPOS="129" VPOS="1311" WIDTH="740" HEIGHT="55"/>
          </TextLine>
          <TextLine ID="line_25" TAGREFS="LT8" BASELINE="80 1399 869 1393" HPOS="79" VPOS="1355" WIDTH="790" HEIGHT="62">
            <Shape><Polygon POINTS="80 1399 80 1410 89 1416 90 1416 91 1416 92 1417 120 1417 120 1416 121 1416 122 1416 132 1409 282 1415 283 1415 284 1415 313 1408 340 1415 341 1415 342 1415 388 1409 430 1412 431 1412 432 1412 433 1412 439 1407 485 1413 486 1413 487 1413 503 1405 625 1405 642 1412 643 1412 645 1412 646 1412 663 1405 678 1411 679 1411 735 1412 736 1412 776 1411 777 1411 778 1411 787 1404 869 1404 869 1393 867 1364 806 1364 795 1355 794 1355 792 1355 758 1355 757 1355 756 1355 735 1364 636 1356 635 1356 634 1356 606 1364 592 1358 591 1358 590 1358 557 1365 546 1358 544 1358 543 1358 542 1358 541 1358 518 1365 481 1357 480 1357 479 1357 444 1366 433 1361 432 1361 431 1361 404 1366 392 1358 391 1358 390 1358 345 1358 344 1358 343 1358 314 1365 283 1359 282 1359 281 1359 266 1367 228 1363 227 1363 226 1363 208 1369 162 1369 140 1360 139 1360 138 1360 79 1369 80 1399"/></Shape>
            <String CONTENT="pulus meus, illic poſtea eis dicet: Vos eſtis populus me" HPOS="79" VPOS="1355" WIDTH="790" HEIGHT="62" WC="0.9928990315113749"/>
          </TextLine>
          <TextLine ID="line_26" TAGREFS="LT8" BASELINE="76 1447 863 1444" HPOS="75" VPOS="1407" WIDTH="788" HEIGHT="60">
            <Shape><Polygon POINTS="76 1447 76 1467 128 1458 164 1464 165 1464 202 1458 223 1466 224 1466 225 1467 301 1467 301 1466 302 1466 303 1466 313 1458 352 1465 353 1465 399 1459 423 1465 424 1465 425 1465 426 1465 427 1465 437 1458 486 1465 487 1465 488 1465 519 1457 587 1465 588 1465 651 1456 684 1456 699 1463 700 1463 701 1463 702 1463 703 1463 713 1456 729 1463 730 1463 764 1464 765 1464 766 1464 787 1456 812 1464 813 1464 814 1464 862 1463 863 1444 861 1416 806 1407 805 1407 804 1407 789 1413 765 1408 764 1408 763 1408 762 1408 749 1417 724 1417 708 1408 707 1408 706 1408 705 1408 678 1416 657 1407 656 1407 627 1407 626 1407 579 1418 469 1418 456 1408 455 1408 454 1408 378 1408 377 1408 376 1408 364 1413 346 1408 345 1408 344 1408 292 1419 218 1419 202 1409 201 1409 200 1409 179 1409 178 1409 128 1419 75 1419 76 1447"/></Shape>
            <String CONTENT="eus·Vides ergo hic ſolam gratiàm nobis commendari," HPOS="75" VPOS="1407" WIDTH="788" HEIGHT="60" WC="0.9765241987564984"/>
          </TextLine>
          <TextLine ID="line_27" TAGREFS="LT8" BASELINE="81 1496 863 1497" HPOS="80" VPOS="1457" WIDTH="783" HEIGHT="70">
            <Shape><Polygon POINTS="81 1496 80 1513 101 1523 102 1523 103 1523 104 1523 138 1513 154 1513 167 1523 168 1523 169 1523 170 1523 214 1513 278 1513 293 1522 294 1522 295 1522 296 1522 366 1514 405 1521 406 1521 434 1516 466 1523 467 1523 468 1523 469 1523 477 1517 490 1526 491 1526 492 1526 493 1527 571 1527 571 1526 572 1526 573 1526 592 1513 667 1526 668 1526 669 1526 670 1526 692 1513 750 1513 769 1522 770 1522 861 1526 863 1497 862 1466 841 1466 830 1457 829 1457 828 1457 706 1457 705 1457 704 1457 703 1457 696 1462 663 1457 662 1457 661 1457 660 1457 646 1465 577 1464 563 1457 562 1457 511 1457 510 1457 509 1457 508 1457 500 1463 471 1459 470 1459 469 1459 468 1459 459 1465 425 1460 424 1460 423 1460 402 1465 388 1457 387 1457 386 1457 385 1457 384 1457 360 1466 268 1466 250 1458 249 1458 248 1458 211 1464 178 1457 177 1457 176 1457 150 1465 125 1458 124 1458 123 1458 122 1458 121 1458 110 1465 81 1465 81 1496"/></Shape>
            <String CONTENT="quia primum populus Dei efficimur, deinde dilecta," HPOS="80" VPOS="1457" WIDTH="783" HEIGHT="70" WC="0.9898591792583465"/>
          </TextLine>
          <TextLine ID="line_28" TAGREFS="LT8" BASELINE="78 1550 453 1548" HPOS="77" VPOS="1508" WIDTH="376" HEIGHT="81">
            <Shape><Polygon POINTS="78 1550 78 1576 94 1588 95 1588 96 1588 97 1589 196 1589 196 1588 197 1588 230 1569 236 1575 236 1576 237 1576 238 1576 239 1576 240 1576 241 1576 255 1566 278 1570 279 1570 280 1570 281 1570 291 1563 332 1563 345 1574 346 1574 348 1574 349 1574 350 1574 351 1574 368 1563 431 1571 432 1571 453 1566 453 1548 451 1521 416 1521 392 1510 391 1510 390 1510 389 1510 388 1510 371 1521 325 1521 313 1509 313 1508 312 1508 311 1508 310 1508 309 1508 285 1520 256 1508 255 1508 210 1508 209 1508 208 1508 186 1518 160 1508 159 1508 132 1508 131 1508 130 1508 129 1508 113 1519 92 1508 91 1508 90 1508 77 1510 78 1550"/></Shape>
            <String CONTENT="poſteafilij &amp; heredes·" HPOS="77" VPOS="1508" WIDTH="376" HEIGHT="81" WC="0.9484888342293826"/>
          </TextLine>
        </TextBlock>
        <TextBlock HPOS="678" VPOS="1515" WIDTH="85" HEIGHT="45" ID="block_16" TAGREFS="BT17">
          <Shape><Polygon POINTS="763 1515 763 1560 678 1560 678 1515"/></Shape>
          <TextLine ID="line_29" TAGREFS="LT8" BASELINE="696 1548 749 1546" HPOS="693" VPOS="1514" WIDTH="56" HEIGHT="53">
            <Shape><Polygon POINTS="704 1514 693 1514 696 1548 696 1567 720 1567 721 1567 722 1567 722 1566 730 1559 747 1563 749 1546 747 1518 711 1514 704 1514"/></Shape>
            <String CONTENT="P2" HPOS="693" VPOS="1514" WIDTH="56" HEIGHT="53" WC="0.9995876252651215"/>
          </TextLine>
        </TextBlock>
      </PrintSpace>
    </Page>
  </Layout>
</alto>
