1170 1842
406 98 633 66 COMMENT· POMER·

401.0 164.0 578.0 77.0 Aut quis prior dedit illi?

373.0 245.0 732.0 63.0 Et hoc contra noſtram ſuperbiam dictum eſt, qua

326.0 295.0 777.0 61.0 fit, ut ſæpe iraſcamur Deo, quando ille noſtras iuſti¬

322.0 346.0 780.0 59.0 cias damnat·Cõmendatur uero gratia, cui ſoli acce¬

323.0 392.0 775.0 67.0 ptũ ferre debemus, ſi ſaluamur, nã quæcũq; noſtrarũ

323.0 448.0 773.0 59.0 ſunt uirium, per ignem purgabuntur, imò abſumen¬

319.0 496.0 733.0 62.0 tur, ut id ſolum gloriam habeat, quod ex ipſo eſt¬

447.0 569.0 477.0 64.0 Quoniam ex illo &c.

363.0 631.0 728.0 59.0 Scilicet, ſunt omnia, nihil eſt uſpiam quod non ex

320.0 678.0 668.0 65.0 ipſo prodierit, pertinetq́ hoc ad creationem·

532.0 750.0 304.0 64.0 Et per illum.

369.0 813.0 712.0 57.0 Quia omnia conſeruat, prouidet & gubernat,

313.0 861.0 775.0 54.0 nam quemadmodum omnia ex ipſo tantum proceſſe¬

312.0 909.0 777.0 65.0 runt, ſic quo non poſſunt per alium adminiſtrari

313.0 959.0 226.0 65.0 præter ipſum·

549.0 1016.0 272.0 61.0 Et in illum.

354.0 1075.0 731.0 60.0 Scilicet redeunt & refluũt. Quid igitur ipſum aeᛘ

309.0 1121.0 642.0 65.0 cuſabimus, quod alios damnet, alios ſaluet?

468.0 1195.0 457.0 66.0 Ipli gloria in ſecula.

359.0 1259.0 727.0 55.0 Ecce, nihil noſtris uiribus tribuitur, nulla relin¬

308.0 1301.0 780.0 68.0 quitur gloria, ſed tantum confuſio, quod etiam peti¬

305.0 1352.0 774.0 66.0 mus in oratione: Sanctificetur nomen tuum, id eſt,

305.0 1400.0 782.0 94.0 nomen & gloria noſtra pereat, & tu ſolus glorifi¬

300.0 1443.0 103.0 58.0 ceris·
