1171 1817
134.0 72.0 647.0 65.0 IN EPIST· AD ROM·

87.0 149.0 775.0 55.0 quam patrisfamilias in hoc mundo, reliquasq́ omnes

90.0 193.0 773.0 60.0 creaturas, quaſi familiam noſtram, dolere noſtram in

91.0 242.0 773.0 63.0 fœlicitatem, interim tamen cum reſpiciant in ſolam

88.0 294.0 770.0 59.0 Dei uoluntatem, perferunt omnia, & uanitatem &

88.0 347.0 420.0 60.0 corruptionem. Ideo addidit

292.0 447.0 318.0 66.0 Non uolens.

153.0 528.0 719.0 62.0 Quod ad creaturas attinebat, non uellent ſubij¬

97.0 575.0 774.0 64.0 ci ijs malis, ſed cum Dei ſit uoluntas, illi ſe permitᛘ

98.0 626.0 774.0 65.0 tunt· Similtratione, & Sancti, uelint abeſſe pec ¬

98.0 680.0 773.0 57.0 catum omne: At cum inteligant & ſentiant hanc

98.0 728.0 771.0 62.0 eſſe Deiuoluntatem, ut in carne ſint hoc tempore,

101.0 778.0 771.0 61.0 perferunt, tametſi inuiti, peccatum, clamant: Ne

99.0 825.0 755.0 70.0 inducas nos in tentationem, ſed libera nos à malo¬

795.0 92.0 54.0 47.0 94

326.0 936.0 322.0 64.0 Propter eum:

259.0 1014.0 263.0 59.0 Scilicet, Deum·

183.0 1083.0 596.0 73.0 Qui ſubiecit illam ſub ſpe.

152.0 1162.0 718.0 57.0 Scilicet, liberationis, habet certißimam ſpem,

104.0 1209.0 763.0 60.0 quod olim debeat liberari: nihil enim eſt ſub ſo¬

103.0 1260.0 774.0 61.0 le, quod non mauelit eſſe liberum, beatumq; ſua

100.0 1311.0 778.0 59.0 conditione, quàm rapi, diſcerpiq́, & in ſeruitutem

100.0 1360.0 775.0 60.0 redigt, uel in totum aboleri: nonne quælibet arbor

99.0 1409.0 776.0 60.0 bona pro naturæ ſuæ bonitate libenter fructum fer¬

95.0 1460.0 781.0 71.0 ret, fit autẽ ut nonnunquàm aduerſa tempeſtate, icta

880.0 1174.0 202.0 62.0 Speſeruamur

882.0 1225.0 200.0 59.0 in tentatione
