1176 1851
420 97 609 55 COMMENT· POMER·

337 164 780 57 Verbum Dei iuſtificat, & fide ſuſcepta ſacramenta iu

335 209 781 65 ſtificant· Nam fide iuſtificamur, fides autem eſt ex

334 260 776 63 auditu, auditus autem per Verbum Dei. Sunt itaq;

336 311 777 64 Sacramenta ſigilla & ſigna & pactum, inter nos pec

334 363 779 60 catores & beneuolentem Deum, ex manu enim eius

335 424 2 48 ea accipimus · Secundaris autem per talia ſignifica¬

337 503 770 8 mus alijs, ut nos pro fidelibus habeant · Signum &

337 553 775 10 pactum inter me & Deus (ſi pro tali hoc habeam)

329 576 9 50 non me fallit : Signum autem corã hominibus tantũ

334 612 782 67 ſæpe fallit, & hypocriſis eſt· Sic ubi peccata mor¬

329 664 784 62 dent noſtras conſcientias, ſacramentum Euchariſtiæ

329 715 784 62 accipimus, ut certificemus eas de remißione peccato

329 764 784 65 rum, quæ tantum eſt ex fide in Chriſtum. Ex qua tan

329 815 781 63 dem fide, fluunt bona opera, quibus etiam me ipſum

329 864 780 65 de mea fide certifico. Nam aliãs ea non facerem, nſi

329 911 579 73 ad talia Spiritusſanctus me impelleret.

149 468 169 63 Sacramentu

128 532 190 52 cur accipien¬

129 581 108 58 dum·

435 987 567 69 Quæ fuerat in præputio.

379 1064 732 60 Hic habes quo locum, contra quem Noui Spiriᛘ

333 1115 781 60 tus ne mutire quidem audent, pro paruulis, quos bap¬

337 1164 777 59 tiſamus hodie, Deus mandarat, ut octauo die maſcu¬

340 1215 774 58 lus circuncideretur, at circunciſio ex ſeſe non erat fiᛘ

337 1262 777 65 des aut iuſticia, ſed ſignũ, quo ſignificabatur fides inᛘ

335 1313 775 63 tus eſſe· Siita fidem rationi humanæ acceptamre¬

335 1365 777 65 fers, quæ tamen donum Dei eſt, dic mihi quomodo

335 1416 776 62 paruuli habuerint rationem, qui accipiebant circum

333 1463 779 78 ciſionem ſignum internæ iufticiæ? hos profecto Deus

124 1198 204 49 Loeus contra

127 1242 197 61 Nouos Spiri¬

126 1297 200 57 tus, de bap¬

125 1346 197 59 tiſmo paruu¬

125 1399 125 50 lorum.

969 1528 141 55 cenſebat
