1174 1843
128 98 643 57 IN EPIST· AD ROM·

78 173 772 53 iecit, In ſcripturis ſanctis? Reſpondeo, utrunq; neceſ

79 218 771 59 ſarium fuiſſe· Nam cogitare potuiſſent infirmæ con¬

78 267 771 61 ſcientiæ, Paulus dicit, per Prophetas Chriſtum proᛘ

76 313 779 60 miſſum: ſed quis ſcit, an uerum ſit, an id dixerint

75 363 780 67 Prophetæ? Potuit fortaſſe hæc Paulus, item cæteri

76 415 773 65 Apoſtoli fingere: quis nos certos faciet? quis nouit?

76 469 777 59 Solet enim ſemper Verbum cõtemni & faſtidiri, quoᛘ

76 517 781 63 ties ad miniſterium reſpicias· Sunt enim homines in¬

78 570 772 61 firmi, caro & ſanguis, qui prædicant Euangelium,

76 623 776 55 ut nos ſumus· Ita & Chriſtum uidemus contemptũ:

76 668 778 62 hinc etiam dictum eſſe, Petram ſcandali· Attamen

76 721 779 60 iſtud uile Verbum, quod uiles perſonæ coram mun¬

79 773 776 58 do prædicant, eſt potentia Dei, operans mirifica in

78 823 777 60 cordibus· Ideoq́ adiectum eſt, in ſcripturis, ne di¬

77 872 598 62 cas Pauliun hæc effinxiſſe ex ſuo capite·

820 118 34 47 5

866 301 183 70 udiciũ mun¬

866 363 185 74 di de Verbo¬

312 931 296 51 De filio ſuo.

130 989 730 55 His omnibus commendat ſuum officiũ: & ne quis

76 1036 782 60 contemnat ſuum Euangelium, dicit: Hoc eſt quod

78 1086 780 61 prædico Euangelium de filio Dei, cui qui credit, ſalᛘ

76 1137 780 54 uus eſt ·Præterea hic filius eſt Dei natura, nõ adoptiᛘ

81 1189 772 60 one, ut nos, per quem ſolum nos adoptamur & conᛘ

81 1238 680 60 ſtituimur cum eo in communem hæreditatem·

318 1312 304 69 Qui genitus.

130 1372 729 57 Hic uides humanitatem in Chriſto filio Dei: per

77 1417 782 68 bunc hominem ſolum oportuit ſatisfieri pro peccatis

74 1470 778 66 noſtris ſecundũ ſcripturã, ne aliã imaginaremur ſatis

77 1523 182 72 factionem·

863 1353 198 126 humanitas ſoᛘ

867 1455 111 1 lij Dei.

626 1532 56 47 A5
