1192 1837
805 65 56 75 n0

142 71 643 72 IN EPIST · AD ROM·

82 142 780 60 ton uidebãt quo interim honore digni erant, propter

82 185 781 70 promißiones ipſis factas & Chriſtum, quare noneſt

79 239 784 69 dicendum, ludæus peior eſt cane, nam Chriſti est ocᛘ

79 293 780 57 ciſor· Lauda potius arcanum Dei opus, quod ille

78 341 781 59 te ſcire noluit, Iudæi ſeruierunt, tanq inſtrumẽta Dei,

79 391 781 61 noſtræ redemptiont, tu quoq; iam & ipſis ſeruito, ut

78 442 781 60 aliquando tua pietate & fide prouocati, reſipiſcant·

81 493 778 58 Diuitiæ Iudæorum ſunt, ſalus: nomine mundi Gen¬

79 543 599 57 tes intelliguntur, uel omnes homines.

147 617 511 59 Et diminutio illorum.

126 676 731 56 Si cum pauci Iudæorum ſalui factiſint, & illorũ

80 720 702 68 lapſus (qui malus eſt) nobis occaſio fuit ſalutis,

83 793 774 71 Quanto magis & plenitudo illorũ.

126 859 735 55 Id eſt, multo magis profutura eſt nobis ipſorũ reſiᛘ

80 904 777 61 piſeentia: uel, ſi tam efficax fuit malum, multo effi¬

77 956 782 56 catius erit bonum. Eſt́ hoc argumentum mire ar¬

80 1007 777 59 gutum, quo perſuadeat nobis Iudæos redituros olim

77 1056 569 62 ad Meßiam, quem nolebant recipere.

156 1129 602 75 Vobis enim gentibus dico.

119 1208 737 54 Conuertit ſermonem ad Gentes, ut familiarius ipſis

74 1255 782 62 loquatur: ne gloriamini, inquit, aduerſus ludæos, nõ

76 1305 778 62 auerſemini eos, nam poſſunt conuerti: habent præᛘ

77 1357 779 60 terea magnã gloriam ſecundum carnem, quare et:ã à

78 1406 778 58 nobis uenerandi ſunt, tametſi ea gloria corã Deo nulᛘ

74 1456 777 90 laſit, & ſola ea quæe eſtinſpiritu: terrcamur potius

687 1514 24 47 R7

873 221 188 4 Iudæi nõ ſperᛘ

873 273 99 1 nendi·
