1172 1834
419 75 614 54 COMMENT· POMER·

123 209 199 59 Carnales ri¬

123 247 201 77 dent gloriam

130 318 137 57 plorum·

334 142 775 57 omnia accepimus, Ita Chriſtiani domini ſunt omniũ:

335 189 768 58 uerum quemadmodum ridet caro ſententiam præde¬

339 233 762 66 ſtinationis, ita & ridet hos dominos, nam uidet eos

332 284 775 68 deſpectos, & formis crucis obnoxios, dicit eni: Sũt

330 340 772 58 hi reges? O egregios mundi principes, interim nos

330 385 773 63 talia non curantes certi ſumus, cum filio data nobis

332 437 768 61 omnia, cuius pedibus omnia ſunt ſubiecta, Pſalm·S¬

332 489 772 64 Non igitur redigamur ſub poteſtatem ullius hominis

332 541 766 59 2. Corin.7. aut creaturæ, cum ſint omnia noſtra¬

332 589 770 65 Magna hæc ſunt, quæ tamen Paulus, ut ſentit non

333 640 341 63 ſatis poteſt explicare.

534 712 368 66 Quis intentabit?

383 775 718 57 Quis quæſo nos accuſabit? nam ſi quis uoluerit acᛘ

333 820 767 61 cuſare, quem habebit iudicem? Deus illum non au¬

333 872 766 57 diet, quomodo enim ferret accuſationem in dilectos

335 921 766 64 filios ſuos? Si filij ſumus, ille pater eſt, non ergo tu

333 971 766 65 dex· Vix maior poßit imbecillibus conſcientijs adhi¬

333 1022 248 73 beri conſolatio·

465 1096 510 64 Deus eſt qui iuſtificat.

386 1160 718 57 Qui fauet, ille remiſit omne peccatum, ergo non

333 1207 773 61 eſt quod accuſetur. O nos ſtultos, qui in adflictione

328 1257 776 59 conſcientiæ, reſpicimus in merita, in peccata noſtra:

331 1308 777 57 Inefficatia ſunt omnia, non poteſt te accuſare Satha¬

331 1359 776 58 nas, quod minus bonorum operum, ꝗ̃ oportebat feceᛘ

331 1411 774 54 ris, ne etiam peccatum te tugulabit, curi Deus per

331 1454 779 73 Chriſtũ ſuſtulit illud. Subiungit aũt & aliã interroga

967 1518 134 52 tionem,
