1187 1839
389 80 619 57 COMMENT· POMER·

312 146 778 60 aut uermibus arroſa, nihil fructuum adferat· Cupit

313 196 776 59 Sol & Luna, ut tempus uernum redeat, quo omnia

312 243 778 66 refloreſcant, ſecundum hoc Prophetæ: præceptum po

314 292 775 68 ſuit & nõ præteribit, accidit tamen, ut ſæpe quid ad

312 346 778 59 uerſi uideamus in eo tempore. Et mulier uehemen¬

313 393 774 65 ter cupit ſe liberam à partu, at qui fieri nequit, hæc

312 445 773 60 enim eſt Dei uoluntas, ut iſto periculo laboret: in

312 496 776 60 omnibus ergo creaturis quiddã crucis cernis & ama¬

312 545 774 58 ritudinis, qua premuntur & adfligũtur, omnia ſunt

312 595 776 62 uicißitudinibus, & defectibus obnoxia, ad ſeruien¬

312 645 772 60 dum interim homini: ſed quemadmodum illæ creatu¬

312 694 776 65 ræ ſpem habent liberationis ſuæ, ita & nos non ſuc¬

313 746 776 63 cumbamus in cruce, & aduerſitatibus, nam adie¬

312 795 170 63 cit Paulus

378 851 708 71 Quoniam & ipſa creatura libe¬

309 921 777 64 rabitur a ſeruitute corruptionis, in

311 982 749 71 libertatem gloriæ filiorum Dei.

128 1057 168 65 Glorificatio

110 1115 166 67 iuſtorum·

334 1096 747 9 Id eſt, quãdo filij Dei glorifie abũtur, liberabũtur &

311 1109 782 60 creaturæ à ſeruitute, neq; eni tũ earũ miniſterio indiᛘ

313 1158 778 62 gebimus, uidebimus omnia noua facta: tunc fiet ſer¬

312 1208 778 63 mo qui ſcriptus eſt: Vbi eſt mors uictoria tua? Item ilᛘ

311 1260 782 53 lud Solomonis: Impij de terra perdentur, iuſti autem

313 1309 773 64 habitabunt in ea, in ſeculum ſeculi, quia cœlum &

312 1360 785 65 terra iuſtorum tantum ſunt, cum quibus & glorificaᛘ

315 1410 781 61 bũtur, Pſalm. 8.1. Timoth.4. non impiorum¬

314 1460 784 82 Poſſumus huius myſterij exemplum quoddã, uxcun

1026 1521 77 60 iam
