1186 1860
387 82 632 59 COMMENT·  POMER·

326 141 780 67 tis·  At nemo ſcit ex operibus legis, quando legi ſatis

324 197 784 63 fecerit, quia ijs non pacatur conſcientia, id quod ta ¬

324 248 783 64 men tyrannis Papiſtica uult, ne ergo quid dubitemus

325 298 567 64 in promißione, Deus gratis promiſit·

586 346 205 65 Non ei.

437 410 486 61 Scilicet, Iudaico ſemini carnali·

504 460 406 73 Quod eſt ex fide.

376 523 643 64 Id eſt, ſiue illud ſit Iudaicum, ſiue Gentile·

485 576 426 69 Sicut ſcriptum eſt.

373 638 723 60 Hic amplificat per circũſtantias, Abrahæ fidem,

327 694 777 56 qui non in corpus ſuum, nec in emortuam uuluam Saᛘ

327 737 776 62 ræ, ſed in Det promißionem reſpexit· Mira hæc fi¬

327 785 777 65 des, ubi nihil erat ſperandum, ibi ſpem habebat fir¬

329 842 746 61 mißimam. Ideo́ fidet eſt filius Iſaac, non carnis·

459 894 488 65 Multarum Gentium.

123 962 206 63 Filij Abrahæ·

378 951 727 73 Ne ſoli tudæi glortentur ſe filios Abrabæ eſſe, qui

329 1007 773 62 quo ſunt ex Gentili ſanguine, quemadmodum ui¬

329 1056 777 56 des eos in Ezechie·16-accuſart. Mater tua Cethea

329 1104 778 65 erc. Sunt ergo & Gentes filij Abrabæ, quod non niᛘ

328 1157 778 62 ſi per fidem fit, nam ſecundum carnem tantum Iudæos

326 1206 784 62 habet filios·Quotquot ergo emulantur fidem Abra¬

326 1254 779 64 hæ, ſiue ante, ſiue poſt Abraham fuerint, filij ſunt

331 1305 769 63 eius-Conſtitutus eſt pater à Deo multarũ Gentiuin,

324 1360 781 66 id quod ſecundum ſpiritum intelligitur·  Vide que in

335 1405 660 74 Eſaia·41·de poſteritate Abrahæ ſcribantur·

529 1460 363 85 Ad exemplum.

990 1525 117 54 Coram
