1180 1842
145 102 624 63 IN EPIST. AD ROM.

120 252 725 58 Cenchris portus eſt Corinthiorũ, ubi multi Chri

69 302 775 58 ſtianorum conuenerant, ut eſt in Actis. Erant inter

66 352 777 66 hos quædam mulieres, quæ ſanctis ſolebant miniſtra

69 402 456 68 re, qualis fuit & hæc Phœbe.

285 170 343 68 Cenchreenſis.

258 475 227 65 Sanctos.

120 547 727 62 Id eſt, Chriſtianos, quemadmodum in Matth. 1o.

74 598 774 65 dixit: Qui enim receperit aliquẽ in nomine meo & c¬

126 687 671 72 Nam hæc cum multis adfuit.

122 763 726 66 Id eſt, cum alijs multis, tum mihi ſeruiuit in ne¬

82 806 153 90 ceßitate:

789 112 51 55 170

346 879 221 70 Priſcam.

135 955 666 64 Vxorem. ET AQVILAM Maritum.

253 1028 419 63 Adiutores meos.

128 1104 727 62 Promotores, ut ita dicã, Euangelij, qui ſcilicet id

91 1153 766 65 agunt, ut incrementum capiat Dei Verbum apud

91 1210 140 53 multos.

152 1267 704 79 Qui pro anima mea , ſuam ipſo

90 1338 682 76 rum ceruicem ſuppoſuerunt,

132 1416 724 69 Scilicet in periculis, quemadmodum Acta teſtan¬

90 1477 78 59 tur¬

692 1522 57 69 Y2
