1200 1848
413.0 105.0 634.0 63.0 COMMENT· POMER·

334.0 172.0 767.0 62.0 Dei populus, ſoliq́; habebant Verbũ, ſed nõ aliter

336.0 217.0 782.0 66.0 quẽadmodũ aſinus portans myſteria: quid eni attinẽt

335.0 267.0 781.0 64.0 myſteria ad aſinum, nihil horũ intelligit, tamẽ porᛘ

335.0 319.0 781.0 63.0 tans ea oſtentat? Ita Iuſticiarij inſigniter quoq; glo¬

336.0 370.0 775.0 62.0 riantur ſe habere Scripturas, ſed ſcire nolunt ſe eas igᛘ

336.0 417.0 779.0 66.0 norare: non ergo bic de menſa Philoſophorũ, ſed luᛘ

335.0 469.0 783.0 66.0 dæorum dicit, nam ipſis ſolis erant cõmiſſa Dei ora¬

335.0 520.0 785.0 65.0 cula·Non caret Emphaſi, ꝗ dicit, illorum·q·d·ilᛘ

339.0 571.0 775.0 65.0 li ipſi, qui hactenus cibũ habuerunt delicatum, nem

344.0 627.0 770.0 59.0 pe, Verbum Dei, hi iam ueneno ueſcentur: uel, ipſis

341.0 675.0 773.0 63.0 panis non in nutrimentum, ſed perniciem mutabi¬

338.0 727.0 775.0 54.0 tur & interitum. Sic idem Verbum uidemus quoſdã

335.0 780.0 779.0 53.0 illuminare, alios autem excæcare, alio igitur docto¬

336.0 832.0 769.0 58.0 re opus eſt, quam homine, is enim tantum monet,

338.0 881.0 773.0 55.0 hortatur, Deus uero aut illuminat, aut excæcat¬

336.0 929.0 775.0 60.0 Hinc in Eſaia dicitur: Excæca cor populi huius, ſciliᛘ

336.0 980.0 778.0 58.0 cet, tua prædicatione, fac ut Verbũ meũ ſit eis la¬

340.0 1030.0 767.0 61.0 queus, captio, offendiculum, & retaliatio, id eſt,

339.0 1083.0 772.0 55.0 nihil mali non accipiant, & extrahant é Verbo, ubi

338.0 1130.0 776.0 60.0 alij ex hoc ſpem in Deum concipiunt, ibi iſti nihil aliᛘ

335.0 1180.0 777.0 64.0 ud, quàm deſperationem imbibant, quod quid alind

335.0 1233.0 780.0 60.0 eſſe poteſt, quàm æternus cruciatus, horror & anxieᛘ

336.0 1283.0 780.0 60.0 tas conſcientiæ? ſed hæc horrenda ſunt, utinam uideᛘ

336.0 1334.0 776.0 60.0 remus: nõ abs re his uocabulis, & Propheta & Daᛘ

338.0 1384.0 769.0 59.0 uid uſus, quo magis nos terreremur, & uide remus,

339.0 1434.0 774.0 61.0 planè nihil eſſe in nobis, quo Deum nobis concilie¬

338.0 1485.0 779.0 72.0 mus· Laqueum dixit quiddam ſimplicius, ſed ubi ad

1006.0 1545.0 106.0 59.0 didit,

138.0 598.0 186.0 63.0 Verbo dliji¬

135.0 651.0 187.0 55.0 luminantur,

133.0 703.0 195.0 67.0 alij excæcan¬

140.0 759.0 54.0 55.0 tur·
