1195 1840
133 105 641 57 IN EPIST· AD ROM·

800 82 55 91 125

97.0 172.0 765.0 57.0 qui Chriſtiani uidentur aut uocantur, ſed quos ille

93.0 215.0 769.0 68.0 agnoſcit eſſe Chriſtianos. Non habet eccleſia Chri¬

93.0 267.0 768.0 64.0 ſti externam laruam, qua agnoſcas eam, quam tamẽ

90.0 318.0 770.0 62.0 Papiſtæ miris dolis confinxerunt. Solus uero Deus noᛘ

92.0 366.0 768.0 67.0 uit & qui ſui ſunt, multis enim haud dubie in die in

90.0 420.0 489.0 63.0 dicij dicturus eſt: Non noui uos.

244.0 505.0 432.0 70.0 An neſcitis de Elia.

146.0 586.0 717.0 60.0 Alterum eſt exemplum, quo confirmat non om¬

94.0 633.0 771.0 65.0 nes Iudæos abiectos. Hunc locum, niſi teneas hiſto¬

95.0 686.0 769.0 61.0 riam, nõ intelliges: uidebantur ſanctißimo utro Eliæ

96.0 731.0 763.0 70.0 declinaſſe ad impietatem omnes Iudæi, neminemq́;

96.0 785.0 769.0 62.0 adeo ſupereſſe, qui de Deo recte ſentiret, dicebat

97.0 836.0 769.0 58.0 enim: O Domine, ecce ommes adorant Idola, abij¬

96.0 883.0 772.0 63.0 ciunt legem tuã, ego uero ſolus relictus ſum ex omniᛘ

98.0 932.0 766.0 62.0 bus, et ex tanto numero, qui nõ declinarim ad Idola,

99.0 985.0 768.0 61.0 & ad cultum Baal. Sed uide, quantum errarit hoc

98.0 1036.0 766.0 64.0 iudicio ſuo Propheta, nam dicitur ei, diuino reſpon¬

102.0 1087.0 761.0 60.0 ſo: Ego Deus noul, nõ tu noſti, qui met ſunt, erras,

100.0 1133.0 761.0 66.0 te ſolũ ſupereſſe putas, qui me ex corde ſuſpicias,

107.0 1182.0 756.0 64.0 falleris: habeo adhuc ſeptẽ millia uirorũ electorũ,

99.0 1233.0 769.0 64.0 qui me uere colunt in fide, hos tu ignoras. Quare

100.0 1282.0 770.0 64.0 non eſt ut cogites, te unico occiſo, neminem reliquũ

102.0 1335.0 768.0 62.0 fore, qui pius ſit. Ecce, tam ſanctus Propheta, ex

103.0 1386.0 761.0 61.0 ſeptem millibus uirorum, non unum nouit, non igi¬

100.0 1435.0 763.0 63.0 tur ſtatim eſt iudicandum de ijs aut alijs: iudictum &

99.0 1485.0 763.0 71.0 ſententia Deo relinquantur, qui uidet in ea tantum,

697.0 1561.0 53.0 50.0 G5
