1224 1869
428 107 620 60 COMMENT· POMER·

350 177 777 53 Qui annunciat Verbum ſuum Iacob &c·Sicq́ con¬

346 222 786 56 tendebant Gentes: et fuerunt Romæ propter hæc diſᛘ

343 268 784 61 cordes inter ſe Chriſtiani ex Iudæis & Gentibus: di¬

343 319 777 61 cebant illi, Ex noſtro ſanguine eſt Chriſtus natus:

342 368 783 61 hæ contra, Vos Meßiam occidiſtis, non recepiſtis eũ

343 422 778 59 qui miſſus erat uobis, ergo Deus nos Gentes recepit

342 471 778 60 in gratiam· Ita ut æquet Gentes Iudæis, dicit, tam

341 516 780 66 impij ſunt Iudæi in lege ſcripta, quàm ſunt Gentes in

340 569 783 62 lege naturali· Sicut illæ naturalem uel legem cõſcienᛘ

341 618 779 64 tiæ non ſeruarunt, ſic nec iſti legẽ ſcriptã· Duplex

340 669 784 66 ita eſt lex, naturalis & ſcripta. Naturalis, eſt ipſa cõᛘ

340 720 780 62 ſcientia, quæ eſt in omnibus hominibus, & Iudæis

338 769 776 65 & Gentibus, niſi quod eam homines non uideant, proᛘ

338 819 776 64 pter eam excæcationem, de qua dixit ſuperiori Cap·

339 882 1 42 Lex vero ſcripta eſt, quæ data eſt per Moſen, in hoc

340 924 775 58 ut innouaretur lex naturalis in hominibus· Siquidem

339 971 775 63 eadem eſt cum illa, utra docet colendum Deum, et

340 1022 775 58 non lædendum proximum· Erat lex naturalas oblite¬

340 1075 775 57 rata per malitiam in cordibus hominum, ergo Deus

340 1122 768 60 uoluit eam rurſus inculcare per Moſen·Dicit ita,

340 1173 773 59 Sicut lex naturalis non facit ſanctos, ſic nec lex ſcri¬

344 1222 769 63 pta, ſed ſeruata· Concludit igitur: Idem iudicium eſt

342 1275 765 67 ſuper Gentes & Iudæos, utri; ſunt impij, & conᛘ

342 1325 441 59 temptores uoluntatis diuinæ·

130 761 197 125 Læ eſt du¬

137 871 93 74 plex·

594 1382 248 60 Peribunt.

385 1444 729 60 Scilicet ſine lege ſcripta, habent conſcientiam quæ

344 1491 327 72 eos iudicat & arguit·

996 1546 114 66 In lege
