1200 1838
182 67 618 63 IN EPIST· AD ROM·

108 133 765 59 ſcamus ſalutẽ noſtrã in electiõe cõſiſtere, nihil meriti

108 185 763 59 in nobis inueniri, ut ſola prædicetur gratia et Det miᛘ

104 236 765 59 ſericordia-Stergo, quæ peßima ſunt, cooperantur

108 285 762 59 uobis in ſalutem, quid dubitabimus de reliquis crea¬

101 334 769 58 turis? Et Paulo datus erat ſtimulus Sathanæ, qui mi¬

102 381 768 65 hil aliud erat, quàm gratia, qua cuſtodiretur, ne in¬

102 437 767 57 cideret in laqueos Sathanæ, nempe, ſuperbiam,

104 485 767 60 odia, fraudes &c. Nõ deberemus indignius ferre,

106 534 768 62 ſi quæ durius in nos agit Deus, nam hæc omnia ta¬

100 585 768 70 lia ſunt, quibus nos ſeruet, & fidẽ noſtram probet:

297 652 318 70 Qui diligunt.

152 735 714 58 Nam qui odiunt Deum, omnia eis cooperantur

102 783 421 64 in malum & damnationem.

819 108 55 0 101

164 848 705 71 Nimirum his, qui iuxta propo

99 905 407 71 ſitum uocati ſunt.

120 994 755 61 His uerbis excluduntur Iuſticiarij, qui ſe ſuis ope¬

103 1042 767 63 ribus tuſtificant, non Det electione. Saluamur itaq

98 1092 768 63 ex propoſito Dei, non noſtro, quicunq ſaluamur·

166 1167 646 68 Quoniam quos præſciuerat.

142 1245 731 64 Locus hic de prædeſtinatione utilißimus eſt, ijs qui

92 1292 773 64 adfliguntur in hac carne ſanctis. Contra, impijs &

89 1342 784 65 carnali ſapiẽtiæ inutilißimus, quemadmodũ & hodie

86 1394 786 63 uulgo uidemus fieri inter pocula, quoties mentio fit

86 1446 785 71 rerum ſacrarum, inſigniter uideri uolunt quidam

686 1505 92 46 N 4
