1163 1840
401.0 100.0 631.0 60.0 COMMENT· POMER·

396.0 171.0 698.0 79.0 Sitis odio perſequentes quod

327.0 240.0 260.0 67.0 malum eſt.

373.0 302.0 719.0 59.0 Id eſt, abſ omnibus inſidijs, dolo, hypocriſi

325.0 347.0 765.0 63.0 & ſcãdalo agite· Hæc præſcribũtur Chriſtianis tantũ,

325.0 397.0 768.0 66.0 qui non ſunt Chriſtiani, ne umbrã quidem horũ norũt

386.0 459.0 709.0 64.0 Adhærẽtes ei quod bonum eſt.

369.0 517.0 723.0 60.0 Id eſt, quod integrum, candidum & ſanctum

328.0 567.0 455.0 60.0 eſt, complectimini ex corde.

390.0 624.0 704.0 62.0 Per fraternam charitatẽ ad mu¬

327.0 680.0 669.0 72.0 tuo uos diligendos propenſi.

375.0 752.0 725.0 50.0 Id eſt, ad hoc animi ueſtri ſint inclinaũ, quod uos

324.0 792.0 776.0 61.0 fratres eſſe teſtetur. Vtinam ſic adfecti eſſemus hodie,

324.0 846.0 781.0 58.0 ſciremus enim omnes homines eſſe fratres noſtros, nulᛘ

323.0 894.0 782.0 62.0 la eſſet dißenſio, nemo ſe altero meliorem putatret,

324.0 944.0 785.0 62.0 nullas ſectas excitarent ſomnia humana. Impie ergo

327.0 996.0 784.0 59.0 docuerunt, qui dixerunt, ordinata charitas incipit à

325.0 1044.0 785.0 62.0 ſe: uerum eſt, charitatem ueram, ordinatã eſſe oporᛘ

326.0 1095.0 788.0 60.0 tere à Deo, ſed non confictam noſtra opinione car¬

326.0 1146.0 787.0 59.0 nis, ſed ea non à ſe incipit, uerum in proximum

328.0 1198.0 791.0 60.0 pergit: Chriſtianus homo omnia ſua reſignat alijs, tanᛘ

329.0 1247.0 791.0 60.0 tum abeſt, ut à ſe incipiat: fides aliud non poteſt do¬

329.0 1296.0 794.0 60.0 cere, q̃ ut teipſum odio habeas, & Chriſtus non à ſeᛘ

330.0 1346.0 798.0 61.0 incepit · Itaq; impium eſt, ut præcipiatur quomodo

327.0 1396.0 800.0 59.0 nos amemus, ſiquidem plus ſatis huius ueneni habe¬

328.0 1443.0 803.0 60.0 mus à natura·Vide ergoquomodo uocabulum chari¬

323.0 1493.0 808.0 74.0 tatis in ſcriptura intelligas, nõ eſt alius affectus, q̃ quo

180.0 1041.0 136.0 58.0 Charitas

957.0 1558.0 168.0 61.0 rapimur
