1190 1839
423 68 636 62 COMMENT· POMER·

127.0 686.0 197.0 62.0 Carnaliter u

128.0 737.0 159.0 66.0 uere quid.

337.0 135.0 794.0 60.0 non uiſa carnali oculo, aut audita aure humana. Subliᛘ

339.0 181.0 782.0 69.0 mia ſunt, & ſoli ſpiritui cognita: quapropter Tex¬

339.0 237.0 238.0 57.0 tum uideamus·

401.0 309.0 657.0 59.0 Debitores ſumus, non carni.

387.0 367.0 735.0 60.0 id eſt, non carnem iam ſequamur, aut eius prudenᛘ

338.0 415.0 782.0 62.0 tiam, quæ mors eſt, ſed ſpiritum, quo agatur, buic

339.0 467.0 779.0 60.0 omnia debemus, carni nihil: noli interim negligere

339.0 515.0 506.0 66.0 Paulinam Phraſin, qua hic utitur·

557.0 589.0 295.0 61.0 Moriemini.

377.0 649.0 740.0 60.0 Id eſt, ſi ſecuti fueritis carnis ſapientiam, obnoxij

335.0 694.0 780.0 62.0 eritis damnationi· Alludit uero ad legem Adæ da¬

330.0 746.0 782.0 62.0 tam, ubi dicebatur: In quacun die comederitis, moᛘ

331.0 798.0 785.0 60.0 riemini· Hic interim obſerua, quid Paulus (nam pro

330.0 849.0 785.0 57.0 pter craſſos hæc moneo) ſecundum carnem uiuere

328.0 896.0 789.0 66.0 dicat, ne uel qui de Ciuilibus moribus præcepta ſcri¬

330.0 947.0 785.0 62.0 pſerunt, tibi imponant. Illi enim putabant, eos non

330.0 996.0 784.0 64.0 carnaliter uiuere, qui non! ſcortarentur helluarentur,

331.0 1049.0 785.0 61.0 & decoquerent omnia. Eſt hoc ſapientiæ humanæ,

328.0 1097.0 785.0 62.0 non Verbt, quod adfectus & carnis prudentiam,

328.0 1150.0 785.0 60.0 carnalem uitam uocat, non tantum ſcortationem,

330.0 1200.0 789.0 62.0 & ebrietatem, id quod uides in Eua, quæ non fa¬

329.0 1248.0 791.0 65.0 cto, ſed ipſa carnis prudentia decepta eſt· Nam fic

329.0 1298.0 788.0 62.0 cogitabat, audito diuino mandato: Hæc arbor cunt

327.0 1350.0 784.0 62.0 ſit tam pulchra & grata, qui fieri poteſt, ut mali &

325.0 1396.0 789.0 68.0 noxijeius ſint fructus, nequaquàm uenenum habent,

323.0 1448.0 794.0 85.0 ut maxime Deus edi uetuerit, creatura eſt Dei, ut ego,

959.0 1517.0 160.0 53.0 quomodo
