1176 1845
134 74 626 59 IN EPIST· AD ROM·

61 144 765 55 tia ſit uerum peccatum-Clamamus: Lex Dei, Ver¬

60 189 769 67 bum Dei, malum eſt, quia facit nos peccatores· Ahᛘ

60 240 770 62 ſtultos nos & miſeros, nonne morbum tantum damᛘ

58 292 772 60 nat, & malum eſſe dicit ægrotus, & gaudet de meᛘ

56 335 775 75 dici tudicio, quod agnoſcit morbum? Pudeat nos noᛘ

60 385 771 74 ſtræ ſtultitiæ, qua Deum accuſamus, aperit nobis

56 438 775 72 ex ſua miſericordia peccatum, in bonum, per legem

64 489 764 68 (quæ nihil aliud eſt, quàm conſcientia reuelata)

61 542 772 64 quod ſi nobis non bene uellet, non aperiret, relin¬

60 591 774 67 queret nos noſtro ſenſui, ſic́ fieret, ut nunquàm

60 643 774 64 agnoſceremus ipſum patrem, auxilioq́ eius nobis

62 691 771 64 opus eſſe, uerum aliud non poſſumus natura, quàm

62 739 770 64 indignari Deo & legi eius, cum exigit, ut ſim pu¬

62 789 770 65 ro corde, candidoq́; adfectu in proximum, nam

61 839 773 62 id non in ſe inuenit: Ita blaſphemat bonitatem

62 888 774 61 Dei, qui impoßibilia exigat· Sic lex uitio noſtro

61 937 778 68 mala eſt, in ſe ſanctißima· Sed hæc interim Iuſticia¬

64 991 772 63 rij & ſancti illi homines, non uident, quibus uela ¬

66 1038 770 66 men Moſi, per Spiritum Chriſti, à facie non eſt amoᛘ

63 1088 774 68 tum· Caue hæc Philoſophice interpreteris, laba¬

64 1142 772 63 risq; in craßiores Cymerijs tenebras · Eſt ergo Oc¬

64 1195 772 59 cupatio, cum dicitur: Quid dicemus, lex pecca¬

62 1239 773 63 tum eſt? Cui Apoſtolus reſpondet, Abſit: imo non

63 1291 772 59 eſt peccatum, ſed cognitio tantum peccati. Sed in¬

63 1338 772 64 terim & hoc obſerua, duo eſſe hominum gene¬

62 1390 765 88 ra, que male de lege tudicant: Alterum à dextris.

778 72 40 69 72

838 322 196 93 Lex ſanda.

838 410 197 75 rationi mala

838 453 127 80 uidetur·
