1185 1862
400 89 639 56 COMMENT· POMER·

324 156 774 58 Deum eſſe mendacem, imò & ſtultum, ſi promitteret

324 201 770 60 & dare uellet eam iuſticiam, quam ante haberemus·

322 250 745 70 Eſt autem locus argumenti, ex abſurdo deſumptus·

137 381 170 60 VI. Argu¬

115 434 192 58 mentum.

381 415 712 6 Iterum probat, fieri non poſſe, ut per legem iuſti¬

326 466 768 5 ficemur, tantum abeſt, ut uel ullo modo nos Deo cõ

318 476 779 67 ciliare poßit· Imo ubi ſuum officium in nobis execu¬

321 566 777 8 ta fuerit ipſa, terret conſcientias noſtras, et excitat in

315 577 779 62 nobis iram & indignationem contra Deum, uellemus

316 625 779 67 tum in eo horrore & terrore, legem non eſſe, imò ipᛘ

315 673 781 76 ſum Deum non eſſe Deum· Eſt hoc honorare Deum

315 721 781 78 & ſeruare legem? facit ea, ut uideamus noſtri dam¬

317 779 778 64 nationem, ubi hoc fit, fiert non poteſt, ut natura non

317 825 774 69 iraſcatur & murmuret inſolentißime contra Deum·

317 880 777 65 Sic fit, ut grautus fiat peccatum per legem, prouocat

317 928 775 65 nos contra Deum, quod in ſeptimo Cap·declaratur·

317 979 771 64 Maximus & ſuperbißimus ſit hypocrita neceſſe eſt,

318 1033 776 61 qui hoc in corde ſuo non uidet·  Lex ergo magis aggraᛘ

318 1078 772 71 uat conſcientiam noſtram, quàm liberet uel iuſtificet·

112 538 195 63 Legis opus·

514 320 359 56 Nam lex iram.

368 1216 726 60 Non dicit, ibi nec eſt peccatum, quod diligenter

316 1258 778 70 obſerua, ut maxime non tranſgrediaris legem externe,

316 1311 775 66 tamen peccato non cares· Ante legis reuelationem,

316 1360 783 69 nec peccatum, nec tranſgreßionẽ uidemus·Qui perᛘ

316 1413 782 65 ignorantiam peccant, tametſi non careant peccato,

318 1462 786 78 carent tamen tranſgreßione, quam nõ uident·  Putãt

561 1154 272 67 Siquidem.

1009 1522 91 55 enim
