1169 1843
400.0 107.0 634.0 51.0 COMMENT·  POMER·

112 148 199 86 Opera bona¬

322 175 777 53 Chriſtum data fuerit, facies opera bonà: alia quæ ad

318.0 220.0 779.0 59.0 mortificationẽ tuã: alia uero quæ ad proximũ pertine

320.0 268.0 769.0 61.0 bunt, nulla autem ad Deum, cui tantum fide & ſpe,

321.0 321.0 774.0 54.0 non operibus externis ſeruitur: nam eſt ſpiritus De¬

322.0 371.0 770.0 56.0 us, ergo tantum in ſpiritu uult coli, non externis ce

320.0 421.0 770.0 59.0 remonijs, iohan.4. Bona opera, quæ ad noſtrã per

322.0 469.0 772.0 60.0 ſonam pertinere dixi, ea omnia talia ſint oportet, ut

320.0 521.0 773.0 60.0 per ea eneces adfectus carnis tuæ, quæ ſemper reſiſtit

323.0 571.0 768.0 59.0 ſpiritui, ut in Septimo Capite dictum eſt, idq́ tam diu

321.0 621.0 767.0 59.0 facies, donec tota caro moriatur, nam ipſa uiuente,

320.0 670.0 771.0 59.0 ſemper uigent in ea adfectus mali. Reliqua omnia ad

319.0 719.0 769.0 61.0 proximi ſeruitutem pertinent, quibus uel ipſius ege¬

318.0 768.0 773.0 61.0 ſtatem leues, aut ipſum conſoleris adflictum, aut ex

315.0 821.0 773.0 61.0 errore reuoces, ſi uideas errantem: itaq; ſic orditur.

319.0 901.0 771.0 76.0 Obſecro uos per miſerationes Dei.

363.0 980.0 724.0 61.0 Ecce & his uerbis gratiam & fidem eis inculcat,

319.0 1025.0 770.0 65.0 qui ſunt Chriſtiani-q· d. uos qui iam ſcitis & crediᛘ

318.0 1075.0 768.0 66.0 tis Dei miſericordia uos iuſtificatos, nihilq́ deeſſe

318.0 1125.0 765.0 68.0 uobis, quod ad ſalutẽ pertineat, moueamini quæſo,

320.0 1178.0 767.0 63.0 per illam miſericordiam & beneficentiam Dei erga

315.0 1229.0 772.0 59.0 uos, ut omnia ueſtra opera ex fide inſtituatis: nam

314.0 1275.0 774.0 67.0 quicquid nõ eſt ex fide, peccatum eſt. Sed poſſet hic

317.0 1329.0 773.0 62.0 moueri quæſtio, cur Paulus leges ijs præſcribit, qui¬

316.0 1375.0 773.0 67.0 bus lex non eſt poſita, quiq ab omni lege liberi ſunt?

315.0 1425.0 781.0 67.0 Reſpondendum erit: leges has Chriſtianis tantũ ſcriᛘ

317.0 1476.0 770.0 79.0 bi & propont, id eſt, ijs qui credunt, & in quibus

966.0 1544.0 118.0 54.0 ſpiritus
