1225 1840
163 95 640 56 IN EPIST· AD ROM·

108.0 162.0 770.0 57.0 tur, quàm multa adhuc ſanctis deſint· Sanctus erat

109.0 205.0 767.0 72.0 Paulus, at quid in ſeipſo deſyderet, uides uel ipſius teᛘ

113.0 258.0 160.0 56.0 ſtimonio.

153.0 320.0 661.0 64.0 Quod enim ago, non probo.

157.0 382.0 722.0 53.0 Declarat hanc ſeruitutem ſuam, id eſt, quicquid

111.0 424.0 766.0 63.0 ago, hoc mihi diſplicet, nam uideo nihil fieri ſine reᛘ

112.0 475.0 767.0 65.0 liquijs peccati: nihil mihi conſcius ſum, tamen in

114.0 521.0 286.0 62.0 hoc non tuſtificor·

230.0 586.0 515.0 60.0 Non enim quod uolo.

165.0 647.0 712.0 53.0 Spiritu· HOC FACIO· Scilicet, carne:

117.0 693.0 762.0 58.0 nam caro pugnat aduerſus ſpiritum, Gal·3· Nam

116.0 741.0 761.0 63.0 quicquid eſt natũ, ex muliere & Adã, peccatum eſt.

356.0 802.0 260.0 60.0 Quod odi.

167.0 856.0 712.0 53.0 Id eſt, nolo ſecundũ ſpiritũ· HOC AGO·

116.0 901.0 757.0 60.0 Scilicet, per concupiſcentiam, quæ eſt in me, id eſt,

113.0 952.0 757.0 63.0 uelim nolim, cogor eſſe peccator, quod ſanctus ſum,

115.0 1005.0 508.0 50.0 ex gratia habeo, non meo merito·

212.0 1062.0 544.0 66.0 Si uero quod non uolo.

165.0 1123.0 665.0 54.0 Secundum ſpiritum ·HOC FACIO·

115.0 1170.0 714.0 54.0 Scilicet, carne ·CONSENTIO LEGI·

161.0 1217.0 720.0 60.0 Id eſt, tum ipſa experientia cordis noſtri docemur

112.0 1266.0 773.0 62.0 legẽ eſſe bonã, nã ſpiritualis homo conſcientiã pctiᛘ

112.0 1318.0 769.0 60.0 ſentit, & uellet abeſſe, & in hoc quod uelit abeſſe,

108.0 1366.0 775.0 65.0 cõſentit legi, id eſt, dicit legẽ eſſe bonã, ſiquidẽ cogiᛘ

108.0 1420.0 773.0 59.0 tat, legẽ debitorem facere: at non facio, tamẽ mi¬

106.0 1467.0 774.0 68.0 hi non deſperandũ eſt, ſed dicendũ quotidie: Dimitte

106.0 1519.0 304.0 64.0 nobis debita noſtra·

840 136 36 0 78
