1201 1851
420 115 619 54 COMMENT· POMER·

132 276 194 62 Sub lege, au

133 327 171 68 gratia eſſe

136 376 93 70 quid·

339 184 779 53 habemus́ iam dominiũ in legem, non ex noſtris uiriᛘ

340 230 779 62 bus, ſed Deo, fit́ ut non peccemus: nam quomodo

339 317 781 3 peccaremus,  cum nec lex nec peccatum, nobis domi¬

334 329 784 63 netur· Quare diligenter ſpectandum eſt, quid ſit eſ¬

340 382 776 62 ſe ſub lege, quid ſub gratia, nam ſi neglectum id fue

340 433 777 58 rit, facile uſu & fructu huius loci, de abrogatione leᛘ

342 481 778 64 gis fruſtraberis· Sub lege eſſe, eſt damnari in conſciᛘ

340 535 780 57 entia, illius ſententia, quia peccauimus·Sub gratia eſ

340 582 780 65 ſe, eſt conſcientiam certißimam eſſe de Deo, quod ſit

340 634 780 62 pater, illius́ benignitate omne remiſſum pecca¬

339 684 779 60 tum· Vbi igitur erit peccatum, cum remiſſum ſit?

343 736 779 55 quis damnabit, cum lex non poßit damnare? Sed &

341 778 776 59 hoc monendũ eſt, multos hodie abuti libertate Chriᛘ

342 829 772 67 ſtiana, qui dicunt: Cum abrogata ſit lex, nihil eſt

345 884 772 63 præcipiendum Chriſtianis: Item, ietunium Papiſti¬

342 935 775 59 cum nihil eſt, ergo non ieiunabimus: Item, oratio¬

340 986 778 59 nes inſtitutæ per Papam, nihil proſunt, ergo non eſt

342 1037 778 59 orandum: ſic illi iudicant, & abutuntur Chriſtiana

341 1087 775 62 libertate·Illis non ſecus accidit, ac Iudæis & Gen¬

344 1137 776 58 tibus quibuſdam olim, qui uidebantur credere Euan¬

348 1186 768 60 gelio, cum tamen non crederent: abrogationem &

344 1232 772 63 libertatem nondum ſunt experti in cordibus ſuis,

348 1288 775 60 ideo́ oculos tantum in externa defigentes, & craſᛘ

349 1336 775 63 ſa errant· Verum qui ſentiunt in conſcientia ſua le¬

349 1386 771 62 gis uim ſublatam, ij uere norunt, quæ ſit libertas·

348 1439 777 61 Id autem fit per Euangelij prædicationem, qua re¬

348 1492 771 76 mißio peccatorum annunciatur, quemadmodum

131 775 204 63 Libertate quo

135 827 202 56 modo abutanᛘ

135 878 197 70 tur quidam·

974 1550 146 62 Gentium
