1185 1843
388 99 639 54 COMMENT· POMER·

512 221 428 55 CAP.XI.

349 364 80 3 O

443 275 665 56 CCVPATIO eſt, diceret quis: Deus eleᛘ

451 325 649 58 git populum hunc ludæorum, & repulit eũ,

333 374 775 58 ergo electio & Dei promißio irrita facta eſt- Re¬

343 421 662 62 ſpondet Paulus: Non poteſt fieri, ut ſit irrita¬

395 480 588 64 Nam & ego lſraelitaſum.

382 543 726 52 Non omnes Iudæi ſunt abiecti, nam & ego Iudæus

336 590 775 57 ſum, attamen non abiectus. Magna hæc Pault eſt fi¬

333 638 777 60 des de electione ſua, tametſi unus ipſe eſſet, audet

334 691 773 54 conſtanter adfirmare, non omnes Iudæos retectos.

333 740 774 62 Sunt autem hæc plena conſolationis: duriora erãt,

335 787 448 62 quæ dicebat in ſuperiore Cap¬

586 847 251 61 Exſemine.

385 905 721 56 Scilicet, etiam ſecundum carnem ·TRIBVS

335 952 604 59 BENIAMIN· Vt eſt in Philippen¬

388 1011 718 72 Non repulit Deus populum ſuᛘ

339 1077 612 61 um, quem ante agnouerat.

386 1136 724 57 Id eſt, Deus non abiecit eum populum, quem iam

341 1180 772 63 olim elegerat, uerum illum abiecit, qui Dei populi

339 1232 776 62 nomẽ habebat, uidebatur́ eſſe ſemen Abrahæ, taᛘ

338 1322 776 3 men non erat · Mirabiliter enim ſplendebat in oculis

338 1372 777 5 hominum, iuſticia, vita ſanctitas huius populi, at

338 1422 775 5 coram Deo nihil erat aliud, quàm ſtercus : ſuam, nõ

340 1433 774 61 Dei quærebat gloriam, ergo merito ſunt abiecti. Ex

343 1482 767 72 hoc conſequitur, non omnes item Chriſtianos eſſe,

159 1282 172 58 Non omnes

159 1334 172 59 Chriſtiani,

156 1383 175 60 qui uidẽtur

164 1432 82 65 eſſe·

1050 1549 61 57 qui
