1181 1841
144 81 634 61 IN EPIST· AD ROM·

787 55 46 90 58

122.0 154.0 719.0 54.0 Hic nemo excipitur, nullus homo· At quidam in¬

82.0 200.0 757.0 58.0 ter Gentes ſancte & honeſte uixerunt, ut Socrates,

81.0 250.0 763.0 59.0 Camillus, Plato· Item inter Iudæos, quidam ſe iu ¬

80.0 298.0 765.0 63.0 ſtificabant operibus legis? Reſpondet Paulus· To¬

80.0 349.0 767.0 60.0 tus mundus, omnis caro eſt in peccato. Si itaq; illi

79.0 399.0 769.0 62.0 ex operibus diuinæ legis, non ſunt iuſtificati, quid

80.0 452.0 602.0 56.0 tribuemus noſtris traditionibus humanis?

247.0 539.0 418.0 71.0 In conſpectu eius.

128.0 618.0 727.0 64.0 Id eſt, Dei· Tametſi fingant ſibi aliquid iuſtitiæ coᛘ

81.0 674.0 775.0 56.0 ram mundo, tamen coram Deo ſunt peccatores· Opeᛘ

82.0 720.0 767.0 63.0 ra legis ſunt, quæ fiunt abſ adfectu cordis uolunta¬

83.0 772.0 767.0 59.0 rio ubi iuſtificati ſumus, & facti Chriſtiani: bona

81 819 766 66 opera quidem facimus, ſed non tam magna & tam

81 869 765 65 multa, ut per ea quidquam iuſtitiæ conſequamur,

81 915 775 68 id quod etiam fieri non poteſt· Itaq; nulla opera neq;

82 968 779 59 ante, ne poſt fidem ad ſalutem proſunt, quia nun

86.0 1019.0 672.0 67.0 quam certi reddimur ex illis de noſtra iuſticia·

316.0 1089.0 268.0 72.0 Per legem.

862.0 735.0 199.0 61.0 Nibil iu ſtitiæ

859.0 788.0 198.0 60.0 conſequimur

860.0 839.0 206.0 71.0 noſtris operiᛘ

867.0 891.0 73.0 64.0 bus·

191.0 1166.0 668.0 62.0 Alia eſt occupatio· Ergo inutilis eſt lex?

88.0 1217.0 775.0 63.0 eur igitur Deus eam dedit? Simile eſt argumen¬

86 1264 769 63 tum, Sol & Luna, item ſtellæ, non iuſtificant,

89 1313 767 67 ergo ſunt inutiles· Vide ineptias Iuſticiariorum,

91.0 1367.0 773.0 62.0 qui quid opponant neſciunt, neq; quod ſtulte op¬

93.0 1419.0 769.0 56.0 ponunt Chriſto, intelligunt · Hic erit opus helleᛘ

88.0 1469.0 775.0 63.0 boro ineptißimis hominibus: quia bona opera non
