1173 1837
366.0 83.0 666.0 58.0 CCOMMENT· POMER·

365.0 152.0 729.0 59.0 Figura græca eſt, diceremus enim, certantẽ aut

319.0 201.0 774.0 61.0 pugnantem·q. d. Ego iam certo, & pugno in Euãgeᛘ

316.0 249.0 778.0 62.0 lio contra blaſphemos, & aduerſarios Euangelij, ideo

318.0 300.0 774.0 62.0 precationibus ad Deum ueſtris me iuuate· Cum igi¬

315.0 352.0 773.0 58.0 tur, & contra nos non ceſſet Sathanæ, per Pſeudapoᛘ

315.0 400.0 776.0 66.0 ſtolos prædicatio, debebamus ſimiliter orare, ut Chriᛘ

311.0 452.0 774.0 62.0 ſti Euangelium promoueatur: quod faceremus, ſi inᛘ

310.0 502.0 773.0 63.0 telligeremus quid ſit: Sanctificetur nomen tuũ, nunq̃

310.0 555.0 766.0 57.0 enim ceſſabit Sathanas, ſemper impetet Chriſti regᛘ

308.0 605.0 771.0 56.0 num, ideo orandum eſt, ut hoc regnum deſtruatur,

310.0 653.0 770.0 64.0 & extrudatur, Chriſti uero confirmetur in æternũ·

444.0 721.0 257.0 66.0 Vt liberer.

346.0 785.0 739.0 58.0 Vides Paulum ſibi aliquid timuiſſe, & niſi tantũ

305.0 832.0 781.0 63.0 amaſſet Dei Euangelium, non cuperet hic ſe ſuper¬

304.0 886.0 782.0 59.0 ſtitem eſſe diutius: Iudæos intelligit, qui erant ma¬

303.0 932.0 782.0 66.0 ximi Euangelij hoſtes, faciebantq́; in hoc Paulo mulᛘ

302.0 986.0 209.0 62.0 tum negocij·

370.0 1053.0 671.0 64.0 Vt miniſterium hoc meum.

346.0 1118.0 737.0 58.0 Id eſt, eleemoſynam quam iam porto Hieroſolymã,

297.0 1166.0 784.0 59.0 ut ego ſaluam, & integram, non interceptã in hoc

299.0 1213.0 775.0 65.0 meo itinere, ſanctis pauperibus offerã orate: ne

298.0 1264.0 783.0 61.0 intellige Paulum uoluiſſe, Romanos orare, ut eleemo

298.0 1318.0 783.0 59.0 ſyna ſit accepta ſanctis, quomodo enim per ſe non

301.0 1365.0 778.0 61.0 potuit eſſe accepta? uerum, ut eam ſaluam exhiberet,

299.0 1413.0 781.0 70.0 aliãs enim ſi intercepta fuiſſet à latronibus, nihil gra¬

302.0 1466.0 429.0 71.0 tum pauperibus contigiſſet·
