1180 1860
126.0 649.0 195.0 56.0 Polluere no¬

126.0 692.0 150.0 65.0 men Dei.

405.0 97.0 594.0 59.0 COMMENT· POMER·

327.0 166.0 777.0 59.0 quibuſdam cantilenis: quod & accidit ludæis, quem

327.0 208.0 775.0 63.0 admodum Prophetæ teſtantur. Eſt uero hic locus ex

327.0 256.0 774.0 66.0 Ezechielis·36· deſumptus, tametſi quidam uelint

327.0 308.0 777.0 65.0 ex Eſaiæ·52·ipſum prolatum, ubi deſcribuntur Genᛘ

327.0 360.0 774.0 64.0 tium irriſiones, & uerba quædam mimitica, quibus

326.0 410.0 775.0 61.0 amarulente contra Iudæos utebantur· Nam cum ſpeᛘ

326.0 462.0 777.0 61.0 ciem pietatis prætexebant, & pia docerent, tamen

330.0 510.0 770.0 63.0 impia quædam & ſcelerata Gentes in ipſis uidebant,

330.0 562.0 775.0 63.0 quæ mala eſſe iudicabant lege naturali· Sic autem haᛘ

329.0 609.0 777.0 66.0 bet Ezech· Polluerunt nomẽ ſanctũ meum, cum diᛘ

330.0 660.0 770.0 66.0 ceretur de eis, populus Domini iſte eſt· Ita & uſura,

327.0 709.0 773.0 66.0 luxus, auaritia, tyrannis, odia, inuidiæ, etiã munᛘ

328.0 758.0 777.0 66.0 do prodiderunt illam fictam ſanctitatem Papiſticorũ

328.0 810.0 776.0 68.0 Monachorum & Pontificũ: hoc ergo eſt blaſphemaᛘ

328.0 861.0 772.0 55.0 ri nomen Dei in Gentibus· Caueamus & nos hodie

328.0 910.0 772.0 64.0 hocipſum, qui maxime uolumus uideri Euangelici,

328.0 962.0 773.0 79.0 ut non intus lateat ſordidißima ſentina omniũ utiorũ·

152.0 1251.0 170.0 57.0 Circunciſio

126.0 1303.0 199.0 65.0 externa nihil

127.0 1351.0 133.0 73.0 prodeſt·

499.0 1048.0 402.0 59.0 Nam circunciſio.

376.0 1127.0 729.0 62.0 Iam exponit quod dixit, quod externa ſanctitas niᛘ

330.0 1171.0 770.0 69.0 hil ſit, ſine iuſtitia & ſanctitate cordis: ubi illa eſt,

334.0 1224.0 768.0 66.0 ibi & externa ſunt ſancta: ſine hac, omnia ſunt hypoᛘ

331.0 1274.0 775.0 65.0 criſis maledicta· Ergo hic eis ſuperciliũ detrahit Pauᛘ

331.0 1324.0 774.0 67.0 lus, dicens: O Iudæi, nihil prodeſt ueſtra circunciſio

328.0 1375.0 774.0 66.0 externa, ſine circunciſione cordis, in corde ſeruatur

328.0 1426.0 779.0 67.0 lex, non externis ſignis· Quemadmodum & baptiſᛘ

328.0 1477.0 780.0 74.0 mus inutilis eſt, niſi credas in Chriſtumite regeneran

981.0 1538.0 120.0 52.0 tem &
