1169 1847
99 108 635 62 IN EPIST· AD ROM·

51.0 177.0 766.0 57.0 exigitur, Deo autem nihil debemus, quia omnia re¬

49.0 225.0 767.0 59.0 miſit, quæ eſt uera libertas Chriſtiana-Sed non ideo

50.0 274.0 762.0 63.0 remiſit ut ſuperbias in carne: & indulgeas adfectibus,

51.0 327.0 766.0 60.0 ſed ut ſe patrem, proximum uero fratrem agnoſcas¬

50.0 375.0 770.0 67.0 hæc, inquit Apoſtolus, admoneo, ut non ſinatis ligari

50.0 427.0 529.0 64.0 conſcientias uestras, niſi dilectione.

178.0 498.0 394.0 68.0 Legem expleuit.

92.0 557.0 730.0 60.0 Id eſt, nihil reliquum habet quod faciat, iubente

50.0 607.0 774.0 59.0 lege, ſi dilexerit proximum, quia ita etiam obediet

53.0 658.0 772.0 59.0 poteſtati, nemo poterit iuſte contra eum conqueri in

51.0 706.0 775.0 64.0 ullo negocio. IN HOC SERMONE. Scilicet

52.0 755.0 332.0 66.0 qui ſequitur, ſcilicet,

117.0 823.0 706.0 73.0 Diliges proximũ ſicut teipſum.

97.0 889.0 731.0 57.0 Qui id facit, non adulteratur, non furatur, non

52.0 936.0 615.0 59.0 aliud quo offendat proximum, operatur.

112.0 995.0 714.0 71.0 Conſummatio ita legis dile¬

54.0 1051.0 197.0 69.0 ctio eſt.

101.0 1120.0 727.0 59.0 Summa ſummarum. Qui diligit proximum, is ad

53.0 1167.0 727.0 64.0 implet legem: Sed nemo diligit, niſi prius credat·

185.0 1239.0 365.0 63.0 Et cumſciamus.

100.0 1305.0 733.0 54.0 Hæc cum ſequentibus, non cum præcedentibus

58.0 1351.0 781.0 60.0 ſunt coniungenda, nam poſt morum paræneſes, ad

57.0 1401.0 783.0 59.0 monet nos, ut ipſa uita eas exprimamus, ne propter

56.0 1451.0 789.0 61.0 nos Euangelium male audiat: hactenus inquit, dormi¬

56.0 1500.0 791.0 80.0 tatum eſt, tempus eſt, ut expergiſcamus: amba¬

763 120 50 60 152
