1185 1847
785 100 60 63 142

114 106 639 57 IN EPIST· AD ROM·

117 177 732 54 Probetis inquam, id eſt, fide cognoſcatis, quod

75 217 772 63 hæc ſit Det bona uoluntas, uos ſic offerri, quẽadmo

73 268 775 59 dũ Chriſtus oblatus eſt· Gregorius & cætert, multa

77 318 771 61 ſcripſerunt de moribus Chriſtianorum, quibus miſe¬

74 371 775 59 ras uexarunt conſcientias, ſed hæc alia ſunt & multo

74 417 774 62 digntora, quæ hic legis. Hos mores, non format hu¬

75 467 775 63 mana prudentia uel induſtria, ſed ipſe ſpiritus eos ſe¬

74 518 777 60 cum adfert: ipſa ergo inquit experientia uos docebit

74 568 778 64 num filij Dei ſitis, num ſecundum ipſius uoluntatem

74 621 777 58 ambuletis: carnales nunquam ſunt certi, num eorum

75 671 778 58 opera aut uita accepta ſit Deo & perfecta, id eſt, taᛘ

79 721 773 57 lis, quam Deus requirat, nam non ſciunt in conſcienᛘ

77 763 776 70 tijs ſuis, quæ Dei ſit uoluntas bona. Subijcit ita for¬

79 817 773 67 mulas quaſdam carnis mortificandæ: quædam eò perᛘ

80 868 772 65 tinent, ut adfectus cordis, quibus ad quæq; turpia &

81 919 772 61 iniqua propenſus es, eneces: aliæ quomodo proxi¬

81 967 766 61 mum obſerues. Non eſt uero hic multa diſputatio,

82 1019 768 59 quomodo primum Venerem ieiunijs, aut alijs repriᛘ

81 1066 768 63 mas, ſed quomodo ſublimem illum adfectum tuũ per¬

82 1118 770 62 das & deſtruas, ne ſcilicet infleris in animo tuo, ſed

81 1166 772 62 humilieris, & abijciaris coram teipſo, & niſi hoc faᛘ

82 1216 768 65 ctum fuerit, fieri nequit, ut uitijs craßis, in tuam car

83 1268 570 63 nem & proximum, habenas imponas.

111 1352 703 77 Dico igitur uobis per gratiam.

132 1431 720 64 Id eſt, per hoc Euangeliũ, quod mihi datum eſt,

84 1481 480 66 ut prædicem CVILIBET.

864 800 190 1 Formulæ mor¬

864 849 190 2 tificandæ carᛘ

864 905 58 0 nis
