1212 1845
818 118 32 41 73

152 101 640 60 IN EPIST· AD ROM·

96.0 173.0 765.0 53.0 mus? Ex his tenebris & ignorãtia, quis emerget ſine

94.0 217.0 768.0 59.0 Spiritus Dei tudicio, qui ſolus nobis oſtendit, concu¬

92.0 266.0 769.0 64.0 piſcentiam eſſe peccatum. Eant nunc Theologt Ari¬

90.0 316.0 775.0 63.0 ſtotelici, & iactent ſuum Ariſtotelem, lumen na¬

90.0 367.0 774.0 59.0 turæ, hic uident omnem ſuam ſapientiam, & acumẽ

90.0 419.0 775.0 59.0 pudefieri, tametſi multos libros, de Septem peccatis

90.0 467.0 773.0 59.0 mortalibus, Decem Præceptis, & Quin Senſibus:

89.0 518.0 770.0 59.0 Itẽ, de Summo Bono, & Beatitudine conſcripſerint,

89.0 567.0 779.0 61.0 in ijs uere impletum eſt, quod Dominus in Propheta

90.0 619.0 778.0 57.0 dixit: Perdam ſapientiam ſapientum· Nonne perdi¬

90.0 669.0 778.0 60.0 ta eſt & confuſa? quæ maior eſſe potuit Sathanæ im¬

92.0 718.0 775.0 63.0 poſtura, quàm peccatum cordis, id eſt, concupiſcen

90.0 769.0 778.0 60.0 tiam, ex omnium hominum oculis & cognitione tolᛘ

90.0 818.0 778.0 60.0 li? quapropter laudandus Deus in ſecula, qui nobis

90.0 868.0 779.0 59.0 reuelauit hodie, per ſuum Euangelium (quod eſt in¬

93.0 917.0 778.0 62.0 terpres legis) concupiſcentiam eſſe peccatum· Sed

93.0 968.0 775.0 60.0 utinam, id multi noſtrum, nõ tantum lingua & ore

90.0 1019.0 781.0 53.0 confiterentur, uerum & in corde ſentirent illam conᛘ

92.0 1070.0 770.0 59.0 cupiſcentiam reuelatam: nam uel ex hoc diſcerent,

92.0 1119.0 773.0 59.0 non abuti libertate Euangelij, ſed humiliati & con¬

92.0 1166.0 774.0 65.0 fracti ſpiritu, ſeſe ſubmitterent: id quod non faciunt,

91.0 1219.0 773.0 60.0 qui Scripturam pro ſua libidine torquent, ut non &

92 1260 773 66 ipſi poſteriores in Euangelij miniſterio eſſe uideãtur,

93.0 1318.0 778.0 60.0 ad quod eos illa cæcitas, & ſumma impietas cordis

94.0 1367.0 777.0 61.0 urget & impellit. Siquidem Chriſtiantſmi ratio non

93.0 1416.0 780.0 68.0 Qιλαυτία, aut ambitione faſtu́, ſed magis ſui conᛘ

92.0 1468.0 775.0 77.0 temptu & ταπενώσι conſtat: ſed uiderint ipſi,

871.0 1080.0 202.0 65.0 In ſchœerme

875.0 1136.0 81.0 63.0 rios·

727 1568 32 0 K
