1171 1845
396.0 82.0 628.0 57.0 COMMENT· POMER·

325.0 150.0 773.0 57.0 & cui nemo poteſt reſiſtere. Illa autẽ uocatio, uirtuᛘ

325.0 192.0 769.0 66.0 tis nihil habet, niſi credatur Verbo, per miniſtros

330.0 248.0 766.0 62.0 prædicato. Sic ergo conciliabis hos locos, nam ibi

326.0 299.0 769.0 61.0 ſerui dicuntur inuitare uel uocare, hic autem Deus:

329.0 347.0 765.0 62.0 præterea hic dicitur de ijs uocatis, qui ab æterno ad

327.0 398.0 759.0 66.0 boc prædeſtinati ſunt, hi omnes ſunt electi & glo¬

329.0 449.0 207.0 65.0 rificabuntur·

459.0 507.0 497.0 69.0 Quid igitur dicemus?

380.0 584.0 714.0 62.0 Quid eſt, quod ſoliciti ſimus & impatientes?

331.0 636.0 758.0 54.0 ecce ſumus in manu Dei, unde excidere nequimus.

331.0 683.0 764.0 61.0 non poſſum ego effari, inquit, hæc mira Det uerba,

333.0 734.0 770.0 60.0 qui ſua benignitate & fauore nos ad ſe allicit, uti paᛘ

334.0 782.0 769.0 59.0 ter filios, tamen tanta eſt noſtra impietas, & fidei

334.0 832.0 766.0 58.0 imbecillitas, ut de hac eius in nos uoluntate dubite¬

333.0 884.0 769.0 61.0 mus-Confitentur omnes creaturæ, ipſum eſſe omni

334.0 931.0 770.0 65.0 potentem, ſolus homo ſemper fluctuat, & timet, neᛘ

335.0 987.0 770.0 55.0 cœlum ruat, cum tamen quotidie Verbi prædicatio¬

337.0 1033.0 769.0 58.0 ne, per miniſtros certificetur. Hac igitur ratione ui¬

338.0 1083.0 769.0 60.0 des, quod Chriſtianos faciat dominos omnium crea¬

337.0 1133.0 767.0 66.0 turarum, nam ſi Deus proets eſt, quis poteſt eſſe

341.0 1189.0 185.0 47.0 contra eos?

408.0 1238.0 702.0 76.0 Qui proprio filio non pepercit.

388.0 1317.0 724.0 57.0 Similis ſententia eſt in Iohan.3.Sic Deus dilexit

342.0 1363.0 772.0 59.0 mnundum &c-ut omnino certi ſimus, hanc gratiam

340.0 1411.0 775.0 62.0 ex Deo profectam, ex dilectione, qua ipſe prior nos

342.0 1463.0 779.0 68.0 dilexit, non qua nos illum, quia eramus inimici na¬

1033.0 1522.0 88.0 55.0 tura·
