1207 1873
398 106 641 59 COMMENT· POMER·

136 261 184 59 Contra Lib

134 304 170 65 Arbitrium.

340 172 779 60 ſed Det eſſe- Hic nihil ſunt uires tuæ, nihil Liberum

344 218 773 66 Arbitrium. Nam quas uires habuiſti, quando non

321 262 796 72 eras? Fecit nos ille charos ante mundũ, in dilecto fi

321 309 789 78 lio ſuo, Epheſ.1. Vbi tũ fuerunt bona opera? At

339 368 777 64 iſto ordine docuit nos Paulus, in ſcripturis ſanctis uer

342 420 775 63 fart·Nõ uoluit, ut à prædeſtinatiõe inciperemus, ut

341 468 772 67 quidã ſtulti & carnalißimi ſapiẽtes faciunt, quos hic

340 520 772 65 locus tantũ perturbat, & demẽtat· Rurſus pijs eſt cõ

341 568 770 69 ſolationi, ſciunt certo ſe nõ poſſe perire. Nã impij illi

338 620 773 70 quãprimũ cogitãt prædeſtinationẽ, eô cæcitatis proru

340 673 772 67 unt, ut dicant: Ergo quiduis faciamus, peccemus, quia

298 715 809 73 a eõcluſum eſt, nihil retulerit ſic uel ſic nos uixiſſe· Hi

338 766 767 73 oſtẽdũt ſe nõ eſſe Chriſtianos, et digni ſunt audire hor

338 819 767 73 rendã reſponſionẽ Pauli: Quorũ damnatio iuſta eſt¬

185 963 96 64 XII

185 1016 116 57 XIII

185 1067 116 61 XIIII

182 1118 112 65 XV

459 884 525 55 SVMMA RELIQVORVM

620 939 164 45 capitum·

342 1070 63 2 P

390 973 717 70 Oſtremo in ſequentibus Cap-docet, quæ ſint bo

420 1025 687 66 na opera, atq; hunc ordinem uides in omnibus

316 1069 791 75 ſcriptis Apoſtolicis obſeruatum · Non eſt igitur inciᛘ

321 1123 780 71 piendum à bonis operibus·Verum primũ opus eſt,

333 1173 771 69 ut iuſtus ſis per fidem, ſicq facies bona operà·Doᛘ

331 1224 774 68 cet igitur, ut nos primum offeramus Deo ſecundũ

334 1276 777 67 Verbũ ſuum: ſeruiamus donis ſpiritus, alijs: ne blaſ

334 1327 768 66 phemetur propter nos Dei Verbum· In ſumma, uult,

329 1376 783 68 ut teipſum agnoſcas, & per Christum ueram iuſtitiã

329 1427 782 69 conſequaris, utq́ iuſtificatus, & coram Deo & corã

332 1474 780 75 hoibus pie uiuas· Id quod diligẽtißime docet hæc Epiᛘ

332 1525 552 76 ſtola: præter hoc, quid aliud cupies?0
