1200 1869
391 90 650 79 COMMENT· POMER·

587 161 228 66 Patefecit.

377 222 727 68 Scilicet, per opera. Quæ ubiq iubet Scriptura

324 266 779 74 uos intelligere & contemplari. Vide totum Pſalmũ;

329 319 393 65 Bonum eſt confidere &c.

448 381 482 65 Siquidem inuiſibilia.

117 471 198 50 Deus quomoᛘ

113 517 200 66 do inuiſibilis·

366 441 735 61 Id eſt, res illius Dei inuiſibiles, nempe diuinitatẽ

330 485 772 73 & illius potentiam, quas in Deo nunquàm uidere poſᛘ

322 535 777 77 ſumus, ut Iohan·1· Deũ nemo uidit unquam·In opeᛘ

327 590 512 66 ribus autem & creaturis uidetur·

473 649 456 64 A creatione mundi.

366 702 734 71 Id eſt, à condito mundo. Semper Deus per opera

321 752 778 73 potuit intelligi, non plus fuit cognitus poſt legem la

319 805 780 67 tam, quàm ante legem· Sed uidere per opera potue¬

327 853 768 69 runt, glorificare non potuerunt, ut infra Cap.3.

316 897 779 79 Egent gloria Dei· Sed hoc ipſum etiam quod uidere

316 950 779 79 potuerunt, contemptum eſt ab eis, per ſtultam ſapiẽᛘ

317 1001 774 74 tiam ipſorum: & obſcuratum eſt inſipiens cor eorũ,

318 1051 777 73 ita ut dicat inſipiens in corde ſuo, nõ eſt Deus, dum

318 1103 773 72 nemo intelligit aut requirit Deum, aut facit bonum¬

112 878 191 86 Videtur Deus

115 946 188 85 peropera·

459 1166 458 65 Vt ſint inexcuſabiles

362 1223 737 68 Scilicet illi, quibus Deus iſta reuelauit, & ob ocuᛘ

316 1265 784 78 los poſuit: quia cum Deum cognorint, ſcilicet, exᛘ

315 1321 784 71 operibus, hæc de lege naturæ intelliguntur· Nam

314 1369 787 71 certum eſt ex Paulo, & alijs Apoſtolis, ut uides in

315 1419 783 74 Acti-Gentes Deum cognouiſſe· Illud autem non proᛘ

315 1461 787 96 babant ex ſacris Scripturis Apoſtoli, quia eas riſiſſent

315 1520 496 74 Gentes, nam illis non credebant·
