1191 1839
145 91 635 65 IN EPIST· AD ROM·

83.0 165.0 767.0 54.0 re tam magna erimus impij. Sed diceres: Charitas

83.0 209.0 765.0 64.0 urget, ut prædicem, Reſpondeo: uide ne ficta ſit, ſiᛘ

81.0 260.0 769.0 64.0 tiera eſt, non poteſt eſſe malum, quod eius impulſu

84.0 310.0 767.0 63.0 facis, ſed etiam at etiam uide, quod charitas non

84.0 360.0 768.0 62.0 facit contra Dei ordinationem: quomodo prædica¬

79.0 410.0 773.0 57.0 bunt, niſi mittantur? Et ſi tali occaſione uenias in ecᛘ

80.0 459.0 775.0 64.0 cleſiam aliquam, quod tuum eſt facito, ſi te audie¬

80.0 512.0 773.0 63.0 rint, potes́, ſi opus fuerit, uictum & amictum ab

78.0 564.0 772.0 60.0 eis repetere, quod ſi nolint audire, neq; uictum neq

79.0 613.0 769.0 59.0 amictũ acceperis ab eis, ſed excutieris puluerẽ pedũ,

80.0 664.0 771.0 60.0 aliò ibis: ita tantum mißi à Deo, uere prædicant¬

142.0 733.0 705.0 82.0 Sicut ſcriptum eſt, Quam amaᛘ

80.0 794.0 300.0 75.0 biles pedes.

795 88 54 60 122

131.0 872.0 723.0 59.0 Scilicet, ſunt eorũ, qui pacem, ſcilicet, cõſcientia

76.0 924.0 778.0 57.0 rum annunciant· Vidit tum Eſaias in ſpiritu Euange¬

77.0 975.0 776.0 57.0 lij prædicatores, currentes per totum orbem, cum

77.0 1023.0 777.0 58.0 tamen eo tempore, tantum in iudæa aliquot ueri eſ¬

79.0 1071.0 772.0 64.0 ſent prædicatores, gauiſus eſt ergo quod uiderit futuᛘ

77.0 1123.0 772.0 62.0 rum, quod toti mundo eſſet patefacienda Dei gratia¬

78.0 1173.0 767.0 60.0 Super montes, dicit, ut intelligas ipſum prænouiſſe,

78.0 1224.0 772.0 59.0 Euangeliũ prædicandũ extra urbes, et in montibus, et

79.0 1271.0 767.0 63.0 in deſertis, id eſt, ubi, etiã in Gentibus. Annunciat

76.0 1325.0 770.0 59.0 autem pacem is tantum, cut mandauit Dominus, ut

79.0 1376.0 766.0 55.0 amabiliter & cum ſilentio ueniat, non horrendo ſtreᛘ

80.0 1425.0 768.0 60.0 pitu pedum legis. Ecce hic uide, quis audebit ſe diᛘ

79.0 1477.0 768.0 67.0 cere nuncium Domint, cui Verbum à Deo non

861.0 1257.0 198.0 57.0 Vocati tantũ

860.0 1307.0 197.0 59.0 pacem prædi

858.0 1361.0 91.0 56.0 cant ·

682 1572 68 4 Q2
