1192 1844
129 104 630 65 IN EPIST· AD ROM·

213 175 425 68 Sicut ſcriptum eſt.

94 234 734 65 Scilicet in Prophetis·q·d·non eſt mea ſententia·

67 281 766 68 Sciolis hoc impoſuit, ut omnia cõgererent in Pſalm·

70 334 766 63 13·cum tamen in eo non legantur apud Hebr· Sed in

62 383 775 65 nouo Teſtamẽto id frequens eſt, ut citentur in uno loᛘ

66 432 772 66 co ex diuerſis ſcriptoribus ſententiæ, quod uides in

65 480 776 67 principio Marci· Sicut ſcriptum eſt in Prophetis· In

63 533 776 66 hoc loco quædam ex Eſaia, plera ex Pſalmis de¬

62 587 578 59 prompta ſunt, nonnulla ex Prouerbijs·

254 653 361 70 Non eſt iuſtus.

110 717 732 63 Scilicet, in terra, quia Pſalm· dixerat, Deus

66 759 776 75 proſpexit é cœlo, num eſſet iuſtus quiſpiam: ſed uidit

63 811 779 69 omnes iniuſtos, ergo egent iuſticia Dei· Quidam diᛘ

59 863 783 69 cunt exceptum Chriſtum, per hoc quod dicitur, vſq;

63 911 538 62 ad unum, ſed hæc non eſt ſententia·

783 121 44 52 19

323 971 239 68 Intelligat.

114 1028 725 64 Id eſt, cognoſcat Deum, uel diſcernat bonum à

64 1076 718 68 malo, Eſaiæ·5.Væ qui dicitis malum, bonum.

853 749 185 80 Omnes ege¬

853 823 163 65 nus tuſticia

855 862 67 69 Dei¬

114 1137 565 52 EXQVIRAT. Diligat Deum.

193 1188 478 62 Omnes deflexerunt.

107 1245 727 62 Semper dicit, omnes, an non hoc intelligant noſtri

60 1291 766 65 Iuſticiarij. Eſa. Omnes nos quaſi oues errauimus,

54 1342 777 66 unuſquiſ declinauit in uiam ſuam, neglecta uia Dei.

385 1418 188 59 Simul.

110 1473 721 72 Id eſt, omnes inutiles ſunt· Inutile eſt, quod non

662 1538 60 53 D 5
