1190 1853
787 139 55 1 145

115 99 648 65 IN EPIST· AD ROM·

69.0 168.0 781.0 58.0 Dei. Doctrina prior eſt, quia ignorantes docemus:

70.0 211.0 782.0 66.0 exhortatio poſterior, nam ſcientes exhortami. Mulᛘ

69.0 263.0 784.0 65.0 ti hodie ſunt, qui uix doctrina noſtra ægeant, tamen

69.0 312.0 781.0 64.0 omnes exhortatione opus habent, cum ſimus adhue

69.0 362.0 789.0 71.0 caro & ſanguis, & quos Sathanas ſemper ſuis inſi¬

72.0 421.0 215.0 61.0 dijs obſeruet·

134.0 475.0 653.0 69.0 Qui impertit, in ſimplicitate.

115.0 539.0 731.0 58.0 St quis donum à Deo habet, ut alijs largiri poßit:

70.0 577.0 783.0 73.0 is ſimpliciſſimo corde largiatur, non ſpectet homi¬

68.0 632.0 778.0 68.0 num plauſum aut gloriam, non ſciat eius ſiniſtra quid

68.0 681.0 778.0 66.0 dextra fecerit, Det gloriã tantum ſpectet, non ſua meᛘ

65.0 732.0 778.0 70.0 rita: ſciat ſe gratis accepiſſe à Deo, gratis igitur det,

64.0 789.0 370.0 63.0 & ſemper omni ægenti·

132.0 845.0 560.0 70.0 Qui præeſt, in diligentia.

104.0 901.0 727.0 65.0 Si cut commiſſa eſt Reſpub-diligenter præſit.

58.0 946.0 777.0 70.0 quod contra principes noſtros dictum eſt, item Epi¬

57.0 998.0 782.0 69.0 ſcopos, qui non uocationem ſuam uident, ſed tantũ

56.0 1052.0 576.0 65.0 uentris ſui curam, & mundi delitias.

134.0 1114.0 637.0 61.0 Qui miſeretur, in hilaritate.

111.0 1169.0 736.0 59.0 Si quis ægentibus ſubuenire uelit, faciat id hilari

60.0 1214.0 787.0 68.0 ſpiritu, non triſti, aut impedito, nam hilarem dato¬

56.0 1265.0 508.0 67.0 rem diligit Deus·2. Corinth.s.

851.0 914.0 193.0 68.0 Principũ &

847.0 968.0 203.0 69.0 Epiſcoporum

845.0 1020.0 120.0 84.0 officia·

134.0 1326.0 583.0 62.0 Dilectio ſit non ſimulata.

80.0 1385.0 756.0 58.0 Vt diligas, ſcilicet, proximũ ex corde ſicut te ipſum,

52.0 1429.0 783.0 70.0 ne ſolum amicum, ſed & inimicum, & ſi opus ſit,

51.0 1482.0 626.0 90.0 etiam cum periculo uitæ tuæ ipſi ſeruias

709 1577 21 1 T
