1183 1835
139 84 629 62 IN EPIST· AD ROM·

113 153 735 64 Scilicet, per confeßionem, & in corde per fidem

75 196 772 74 q'd. Quid eſt quod uelis reſpicere in tua opera, qui

71 249 775 68 bus non ſatisfacis legi? huc intende oculos cordis

68 299 597 68 tui, in Verbum, ex quo ſolo eſt uita¬

67 354 775 76 Hoc eſt uerbum fidei quod prædi,

79 425 761 58 Scilicet nos: non potest ergo eſſe uerbum legis,

65 465 778 68 aut operum, ſed fidei, de quo Hieremias dixit: In corᛘ

66 518 344 57 de ſcribam eam &c¬

66 569 775 77 Nempe ſi confeſſus fueris ore tuo·

112 631 714 65 Corammundo, & Sathana· DOMINVM

61 680 780 67 IESVM· Scilicet illum eſſe Dominum totius mun

63 731 778 71 di, item inferorũ, peccati, mortis: Ieſum eſſe nõ negeᛘ

63 783 780 63 uerunt, at Chriſtũ eſſe nõ crediderunt ·Huc pertinet

62 831 782 65 locus ex17·lohan: Vt cognoſcant quẽ miſiſti Ieſum

63 878 780 73 Chriſtum, ſcilicet eſſe, id eſt, eum qui unctus est

63 930 290 65 rex & ſacerdos·

789 84 60 73 120

65 985 995 81 Corde enim creditur ad iuſticiam. *1-4-5ebiſ

108 1043 690 70 Id eſt, per hoc quod corde credis, iuſtificaris·

110 1111 734 65 Ore aũt confeſſio fit ad ſalutent.

116 1168 730 64 Vt ſalutem conſequaris, neceße eſt ut tuam fidem

64 1214 784 68 coram toto mundo, & Sathana palam facias· Qui¬

63 1257 779 71 dam hæc duo eſſe putant, ideoque eße diuidenda,

67 1313 782 67 quod quàm faciant inepte, uel puer iudicare potest:

63 1360 784 68 unum est quod dicitur, non duo. Fidei tribuitur

63 1411 789 71 tota iuſtificatio, ſed ſi eam negabo coram homini¬

60 1461 790 91 bus, non eſt uera: ut ergo fides ucra ſit, exigis

859 1215 193 5 Fides ore conᛘ

859 1269 121 1 fitenda·
