1193 1862
407 97 618 54 COMMENT· POMER·

335.0 163.0 766.0 63.0 conſequitur eum finem, ad quem creatum eſt, id eſt,

335.0 211.0 424.0 63.0 uon apprehendunt ſalutem·

586.0 282.0 227.0 62.0 Exerceat.

381.0 345.0 718.0 56.0 Id eſt, faciat bonum, id eſt, non ſunt candidi,

335.0 389.0 767.0 65.0 Aliud in corde, aliud in ore habent·Aliud foris ſimæ

333.0 444.0 397.0 64.0 lant, aliud intus cogitant·

526.0 518.0 318.0 61.0 Sepulchrum.

381.0 578.0 726.0 57.0 Id eſt, nihil aliud proferunt, quàm mendacia, maᛘ

335.0 626.0 772.0 59.0 ledicta, fœtorem illum ſubinde exhalant ex ore: nam

334.0 676.0 772.0 57.0 cadauer eſt intus in corde, cuius fœtor per os aſcen¬

335.0 726.0 764.0 57.0 dit: ut in Euangelio dicitur, Ex abundantia cordis,

333.0 776.0 764.0 60.0 os loquitur· Item, Quomodo poteſtis bona loqui,

335.0 826.0 408.0 60.0 cum ſitis mali, ut ſequitur·

560.0 898.0 277.0 60.0 Ad dolum.

380.0 959.0 720.0 56.0 Id eſt, ad decipiendum: non ſolum in rebus exterᛘ

336.0 1009.0 765.0 59.0 nis id faciunt, ſed & in ijs quæ ſalutis ſunt: uo¬

335.0 1060.0 770.0 54.0 lunt docere uiam ſalutis, & docent uiam perditio¬

335.0 1108.0 769.0 57.0 nis·Dolum hunc optima ſpecie tegunt, uocant enim

335.0 1156.0 771.0 61.0 opera bona, ſatisfactoria, interim neſciunt quid do¬

336.0 1210.0 554.0 57.0 ceant, etiam conſcientia eorum teſte·

473.0 1280.0 464.0 65.0 Venenum aſpidum.

385.0 1343.0 725.0 57.0 Vide quomodo connectat Scripturam· Tale eſt ilᛘ

335.0 1389.0 638.0 60.0 lud uenenum, ut nulla medicina illud tollat·

591.0 1453.0 254.0 74.0 Sub labijs.

998.0 1520.0 125.0 66.0 Scilicet
