1193 1852
179 91 621 66 IN EPIST· AD ROM·

814 94 31 63 31

271.0 164.0 369.0 65.0 Non eſt timor .

129.0 229.0 724.0 54.0 Hæc eſt radix omnium malorum· Non timent Deᛘ

82.0 274.0 770.0 63.0 um, quid igitur facerent boni? Timent tantum, ne tolᛘ

81.0 325.0 768.0 63.0 lantur ab eis dignitates, cenſus &c.ut olim Iudæt,

80 370 770 68 Ne forte ueniant Romani & c· Talia omnes timemus,

78.0 426.0 780.0 61.0 & non Deum, niſi per ſpiritum Dei eximantur· Hæc

82.0 477.0 779.0 61.0 omnia ex lege naturæ nobis aperta eſſe deberent, niᛘ

85.0 526.0 773.0 64.0 ſi per impietatem obtenebratum eſſet inſciens corᛘ

84.0 576.0 164.0 60.0 noſtrum·

115 648 699 88 Scimus auté, quod quæcun.

111 728 742 63 Alia eſt occupatio contra ludæos & ſanctulos,

86.0 776.0 767.0 66.0 namubi talia legunt (quemadmodum quidam hodie,

85.0 825.0 776.0 66.0 qui maxime Euangelici dici uolunt) non putant ea deᛘ

89 878 762 66 ſe ſcripta eſſe, neq; ad ſe pertinere, ſed oſcitanter

77 922 779 70 tranſeunt omnia, quaſi ſcriptura tantum de craßis pecᛘ

83 973 772 70 catis loquatur, manent ita in ſuis peccatis, iuxta corᛘ

83 1023 779 71 durum & pœnitere neſcium, quæ interim illis non imᛘ

86 1078 772 70 putantur qui reſipiſcunt· Itaq; Iudæi qui ſe populum

86 1120 773 80 ſanctum, regale ſacerdotium, in Scripturis appellaᛘ

83 1171 767 79 ri ſciebant, cum de excæcatis & reprobis legerent,

89 1223 761 73 (nempe, quod non ſit qui requirat Deum &c.)

83 1271 765 79 omnia ad Gentes referebant: ita interpretabantur,

81 1324 775 69 Non eſt iuſtus, ſcilicet, inter Gentes, imò ne unus

85.0 1375.0 772.0 71.0 quidem·Quare Paulus hic eorum conſcientiam tan

86.0 1427.0 772.0 70.0 git· Item obſerua, legem hic dici totam ſacram Scriᛘ

80 1473 771 82 pturam Veteris Teſtamentt· Nam ex Eſaia & Pſalm·

864.0 254.0 195.0 62.0 Timor hypo¬

862.0 310.0 146.0 53.0 critarum·

867.0 899.0 201.0 60.0 Siniſtre Iudæi

867.0 958.0 199.0 54.0 interpretan¬

867.0 1008.0 200.0 63.0 tur ſcripturas
