1202 1843
184 90 624 60 IN EPIST· AD ROM·

828 82 29 66 83

102.0 155.0 770.0 58.0 carnem Chriſtus habuit ( quæ ſemper eſt obnoxia pecᛘ

101.0 204.0 772.0 57.0 cato) attamen cũ eſſet in Chriſto, abſq; peccato ſemᛘ

103.0 253.0 766.0 57.0 per fuit·Erat ita caro illius, noſtra caro, habens

100.0 297.0 761.0 64.0 etiam ſpeciem peccati, tametſi in ea illud non fuerit,

100.0 353.0 768.0 58.0 tamen propter nos, noſtro peccato, & totius mundi,

102.0 400.0 769.0 61.0 hic unus homo Chriſtus Ieſus, grauißime coram Deo

101.0 452.0 697.0 59.0 obnoxius factus eſt, cum non eramus ſoluendo¬

299.0 524.0 336.0 66.0 Ar de peccato.

147.0 595.0 720.0 64.0 Scilicet, quod ipſe factus eſt pro nobis ·2· Co¬

102.0 646.0 153.0 52.0 rinth·5·

201.0 701.0 557.0 62.0 Non factus eſt peccator.

149.0 765.0 717.0 54.0 Nam nunquàm peccauerat, ſed ipſum factus eſt

100.0 810.0 766.0 58.0 peccatum, & maledictio, ut nos à peecato libera¬

98.0 856.0 767.0 61.0 remur, ut in Eſa·53.uides: Deus in eo poſuit ini¬

101.0 910.0 770.0 58.0 quitates omnium, Et, ſi poſuerit peccatum animam

102.0 959.0 769.0 63.0 ſuam, id eſt, ſi ſuam uitã, ſe totum, quantus quãtus

102.0 1008.0 769.0 64.0 eſt, fecerit peccatũ, uel ut ſit nihil aliud, quàm pecᛘ

97.0 1060.0 771.0 62.0 catum, uidebit ſemen longeuum &c Ideoq́; ait, de

99.0 1111.0 762.0 60.0 peccato, aut per peccatum, quod ipſe factus erat,

98.0 1162.0 765.0 57.0 condemnauit peecatum, ſcilicet noſtrum, id́ per

98.0 1210.0 768.0 59.0 carnem, ſcilicet, ſuam. In ſumma, factus eſt pecca¬

93.0 1260.0 773.0 58.0 tum, ut nos innocentia fieremus: factus eſt mors, ut

97.0 1307.0 771.0 63.0 nos uita eſſemus: factus eſt maledictum, ut nos eſſe¬

98.0 1358.0 767.0 60.0 mus benedicty, iuxta promißionem: In ſemine tuo beᛘ

99.0 1409.0 764.0 60.0 nedicentur omnes Gentes-Sed hæc omnia Textus haᛘ

97.0 1459.0 535.0 66.0 bet·Quare hæc factus eſt Chriſtus?

877.0 784.0 198.0 67.0 Chriſtus fa¬

877.0 837.0 193.0 71.0 ctus peccatũ.

692.0 1521.0 62.0 52.0 L3
