1181 1861
355 72 636 59 COMMENT· POMER·

300 137 779 58 modũ & iudiciũ erat malũ, ob id, quia ſapiẽtes mũdi,

301 184 779 63 & tuſti ſecundum carnem ludæi, non potuerunt di¬

300 235 782 61 cere, ſe errare, opus erat, ut ueniret Spiritus ſan¬

304 285 775 61 ctus, qui acutius cerneret & iudicaret, diceretq́, uos

303 332 773 63 Phuloſophi, ſtulte ſcribitis de iuſticia· Vos ludæi,

303 384 773 59 cæci eſtis in iuſticia operum. Omnis iuſticia ueſtra,

305 434 772 61 quantũuis bona in oculis ueſtris, eſt blaſphemia Dei,

305 481 782 64 & irriſio. Itaq manifeſtata eſt Dei iuſticia, ut hu¬

307 533 780 58 mana omnis iuſticia confunderetur, uidereturq́; ni¬

307 581 782 66 bil aliud eſſe, quàm ſtercus & pannus menſtruatæ

308 635 784 59 mulieris coram Deo, quantumuis oculo carnis ni¬

309 682 324 60 teat & adblandiatur.

438 755 506 66 Propter remiſſionem.

354 818 737 55 Id eſt, ut remitterẽtur præterita peccata· Textus

314 862 773 66 ſic cohæreat· Quem propoſuit Deus reconcillatorẽ

318 918 389 57 propter remißionem &c·

389 990 616 58 Præteritorum peccatorum.

364 1051 724 55 Hic ineptißime quidam de præteritis peccatis lo¬

317 1096 775 59 quitntur. Sunt enim, qui ſe in omnes formas uertunt

315 1149 773 54 calumniandi Scripturam, etiam contra conſcientiam·

317 1195 778 59 Alij dicunt, Chriſtus pro omnibus peccatis ante illum

322 1284 769 4 factis, ſatisſecit · Alij ea tantum quæ erant ante bapᛘ

322 1333 773 5 tiſmum in nobis, expiavit ſua pabione · Cætera vero

319 1356 3 45 poſt baptiſmum facta, nobis per noſtra bona opera

320 1396 776 59 reliquit abſtergenda. O impias nugas, hoc eſt, fœ¬

322 1447 774 67 dare humano ſtercore Chriſti faciem, & dicere Scri¬

112 1245 195 64 Præterita tan

111 1302 196 58 tum peccata

119 1356 136 64 remitti·

971 1506 120 60 pturam
