1162 1832
125 96 656 65 INA EPIST· AD ROM·

135.0 166.0 722.0 62.0 Hicuides, de quo Domino dicat, nempe, Chriſto,

87.0 214.0 772.0 58.0 qui conſtitutus eſt iudex uiuorum & mortuorũ, da¬

86.0 263.0 771.0 61.0 ta illi poteſtas in cœlo & in terra. Noli ergo iudieare

88.0 316.0 768.0 55.0 quenquam, committe huic Domino, in cuius manu

91.0 362.0 605.0 59.0 ſunt uiui & mortut, edens & non edens¬

226.0 426.0 358.0 56.0 Tu cur iudicas ?

185 478 357 76 Ideſt, qui infirmiores·

241.0 539.0 456.0 68.0 Aut tu cur deſpicis?

137.0 597.0 724.0 61.0 Tu qui firmus es fide, & intelligis libertatẽ Chriᛘ

92.0 647.0 765.0 60.0 ſtianam, cur deſpicis eum & abijcis, qui non edit,

90.0 696.0 768.0 60.0 & hoc eſt quod in Corinth. dicit. Scientia inflat,

90.0 738.0 279.0 79.0 charitas ædificat·

142.0 799.0 721.0 72.0 Omnes enim ſtatuemur apud triᛘ

89.0 856.0 360.0 68.0 bunal Chriſti.

798 80 55 72 157

130.0 926.0 732.0 57.0 Siquidem iudex omnium conſtitutus eſt, & eorum

91.0 966.0 439.0 69.0 qui fide ſunt firmi & infirmi·

363.0 1033.0 239.0 63.0 Viuo ego.

117.0 1090.0 744.0 57.0 Mihi relinquendũ eſt iudicium, nã omnia mihi ſunt

90.0 1135.0 770.0 61.0 ſubiecta: uolo ut adorer ab oibus, et cognoſcar Deus·

89.0 1185.0 770.0 59.0 DE SE. Non de alijs: peßimum hoc in nobis eſt,

90.0 1233.0 773.0 62.0 quod ſtatim alios iudicamus·1. Corinth. 11. Si noſip¬

91.0 1285.0 703.0 61.0 ſos dijudicaremus, non iudicaremur à Domino·

153.0 1354.0 708.0 78.0 Ne poſt hac igitur, alius alium

94.0 1417.0 275.0 79.0 iudicemus.

142.0 1483.0 684.0 74.0 Videntes iudicium non eſſe noſtrum, ſed Dei·

695 1584 60 5 v5
