1185 1850
129 124 636 61 IN EPIST. AD ROM.

116 195 677 65 In die compoſite ambulemus.

117 261 727 50 Id eſt, honeſte, uti Chriſtianos decet: antea nullus

68 301 776 61 erat in nobis pudor, & nudi & incompoſitt ambula

69 350 776 63 bamus, coram Deo & hominibus. Huc pertinet quod

70 402 777 61 Chriſtus dicit Matth. Vt uideãt homines opera ueſtra

68 451 773 61 bona &c, ut ſic cõmendetur & laudetur Euangeltũ.

199 518 506 57 Non comeſationibus.

115 573 725 60 Amplificat, quæ ſint tenebrarũ opera, in quibus

69 615 771 67 nullus erat pudor: nolite, inquit, in epulis & lauti¬

70 671 677 67 cijs opipare inſtructis, delitiari ad crapulam.

262 734 310 56 Ebrietatibus.

138 788 578 55 In quibus Germani & Poloni peccant·

138 840 607 72 Non cubilibus & laſciuijs.

118 904 727 57 Scilicet, cutuſcun generis. NON CON¬

77 946 769 67 TENTIONE. Quod fit, quando ſuperbe de

73 998 771 65 nobis ſentimus, noſtram́ aliorũ ſententiæ præferre

73 1049 770 66 ſtudemus. ET AEMVLATIONE. Id eſt,

74 1102 567 63 inuidia, qua inuidemus honorem alijs.

273 1178 369 53 Sed induamini.

97 1226 748 62 Cõformemini Chriſto, nõ ſolũ fide, ſed et moribus.

266 1291 391 62 Et carnis curam.

123 1347 724 57 Hæc quidẽ de illecebris carnis nõ alendis interpreᛘ

78 1390 769 64 tantur, ſed non cohæret ſententia ſuperioribus, uerũ

74 1440 773 69 ita ſimpliciter intellige, generalẽ quandã eſſe admoniᛘ

77 1496 767 87 tionẽ contra carnis adfectus, quibus impellmur, ut

854 539 195 99 Opera tene¬

854 624 131 77 brarum.

785 131 49 61 153

697 1552 32 80 V
