1203 1843
188 104 595 59 IN EPIST· AD ROM·

287 174 368 64 Non ut Deum.

152 237 711 60 Id eſt, non fiſi ſunt Deo.Iſte eſt unicus cultus, &

97 285 778 61 honor Dei, ut ſciam unum tantum eſſe Deum (etiam

100 338 779 61 ſi legem, aut Euangelium, non legerim, aut non auᛘ

95 382 786 69 dierim) quem glorificem, nõ illis aut alijs operibus,

98 433 783 63 ſed fide: quomodo? uit credam me omnia ex illius maᛘ

100 489 780 59 nibus accepiſſe, & accepturum. Idq; unicumre¬

102 535 780 62 quirit à nobis Deus, ut hoc ſolo ſimus grati pro beneᛘ

103 587 775 61 ficijs ſuis nobis collatis, quemadmodũ uides Act·14·

100 637 780 62 Fecit cœlũ & c·ubi de creatione loquitur·Itẽ Act·17·

103 690 780 62 inſignis eſt locus de mundi creatione, quæ erat præ¬

105 740 776 56 dicanda Gentibus, cum Scripturis non crederent·

105 789 778 60 Et profecto niſi Gentes Deum cognouiſſent, non di¬

107 841 777 60 sciſſent, Iouis omnia plena, ut in Arato & Vergi¬

107 890 167 59 lio uides.

829 101 52 86 2

895 368 185 78 Verus & unlᛘ

897 436 184 76 us cultus Dei

314 943 341 59 Fruſtrati ſunt.

170 1005 725 57 Ecce quàm bonæ ſint noſtræ cogitationes, ubi à

110 1050 796 65 Deo derelinquimur: quiſ fingit ſibi Deum, ſomniat

112 1098 794 67 quod ſibi uidetur de illo· Sed illud cogitare, nihil aliud

116 1151 779 67 eſt, quàm in denſißimis tenebris, ſurſum ac deorſum

118 1205 775 63 currere, nihilq́; uidere quid agas: ſic fit, ut negligaᛘ

117 1256 776 60 mus ea, etiã quæ natura nobis præmonſtrantur·Hæc

119 1306 772 60 excæcatio eſt prima pœna peccati, & contemptus

123 1356 769 56 Dei ·Altera eſt horrenda dictu, cum Deus nos no¬

122 1407 766 64 bis relinquit in fœdißimis operibus erga proximum·

914 1025 176 82 Cogitationes

914 1090 170 64 noſtræ uane.

260 1475 436 80 Mutarunt gloriam.

716 1581 84 3 B1
