1190 1845
425.0 94.0 635.0 60.0 COMMENT· POMER·

347.0 167.0 780.0 56.0 ergo præuenerunt in gratiæ cognitionem, quam an¬

347.0 210.0 780.0 64.0 tea ignorabant. Idem hodie in quibuſdam eſt cerne¬

345.0 260.0 781.0 64.0 re, qui relicta fiducia operum, ſe gratiæ Dei tantum

344.0 308.0 781.0 65.0 committunt: itaq mirabiliter Deus ſuas diuitias in noᛘ

347.0 358.0 776.0 65.0 bis manifeſtat, facit ex ſtercore aurum: per iſtas imᛘ

347.0 407.0 776.0 67.0 mundicias uitam æternam nobis donat, ut negare nõ

347.0 458.0 774.0 69.0 poßimus, ipſum omnia nobiſcum operari, ſecundum

348.0 512.0 758.0 64.0 gratiam & bonitatem ſuam. Sed uideamus textum

477.0 586.0 423.0 66.0 Sed per lapſum.

390.0 645.0 736.0 60.0 Id eſt, ꝗ ipſi Iudæi ceciderunt, Christumq́ non

345.0 690.0 780.0 68.0 ſuſceperunt, quod propter duriciam cordis factũ eſt.

408.0 752.0 564.0 63.0 Salus contigit Gentibus.

397.0 813.0 725.0 55.0 Chriſtus, ſalus Iudæorum à patre ipſis miſſus,

350.0 855.0 780.0 63.0 ut Paulus Acto.13. dicit: Vobis miſſum erat Ver¬

347.0 906.0 781.0 64.0 bum ſalutis, nõ eſt ſuſceptus: ne irrita eſſet promſſio,

347.0 957.0 785.0 64.0 translata eſt hæc ſalus ad Gentes, ſecundum hoc Eſaᛘ

347.0 1009.0 477.0 62.0 iæ: Dedi te in lucem Gentium.

417.0 1082.0 397.0 57.0 In hoc ut eos &c.

404.0 1141.0 734.0 59.0 Id eſt, ut extimularentur illa Det bonitate in Genᛘ

353.0 1186.0 428.0 64.0 tes Iudæi ad reſipiſcentiam·

424.0 1259.0 546.0 67.0 Quod ſi lapſus illorum.

397.0 1324.0 744.0 55.0 Multa hic argumenta congerit propter nos Gen¬

352.0 1369.0 786.0 61.0 tes, ne condemnemus Iudæos, ex quibus ſalus uenit,

346.0 1417.0 798.0 65.0 nam ex ijs natus eſt Chriſtus. Impia hactenus æſtima

353.0 1466.0 791.0 74.0 tione factum eſt, ut Iudæos tanq beſtias haberemus,

1060.0 1532.0 85.0 60.0 non
