1168 1833
400 74 645 64 COMMENT· POMER·

320 140 779 60 ſit datum & commiſſum? Ad idem pertinet quod ad¬

316 189 782 61 dit: Annunciantium bona, non damnationem ex le¬

320 239 783 68 gis ſententia, ſed conſolationem Euangelij, quæ eſt

317 291 144 58 optima¬

379 344 708 68 At non omnes obedierunt Euan

323 402 153 80 gelio.

364 470 727 58 Occupatio eſt: Sicut non omnes ſunt reiecti , ità

315 515 771 62 non omnes crediderunt, quamuis etiam per totam Iuᛘ

314 563 774 64 dæam tum erat Euangelium prædicatum, ne hodie

315 617 409 54 omnes credunt qui audiunt.

340 673 745 71 Elaias enim dicit, Domine quis

320 729 501 71 credit auditui noſtro?

105 790 214 58 Cauſſa, cur

100 840 207 58 non credatur

103 884 204 70 Euangelio·

361 798 726 65 Quaſi diceret, quis eſt, uel quotusquiſq; eſt, qui

314 840 771 71 credat his uerbis, quæ ex nobis audiunt, nam ea graᛘ

314 893 766 72 tia quam prædicamus, tota eſt obſcurata formis cru¬

310 948 774 61 cis, non aliud hic cernitur, quàm quod maxime odiat

309 998 771 60 natura. Habet autem illud Caput Prophetæ Chriſti

311 1045 771 67 paßionem, ut uideas non aliud uelle Eſaiam ſignifi¬

310 1095 774 68 care, quàm multos eſſe, qui nolint audire Euange¬

312 1142 780 78 lium, quia ſit de Chriſto deſpecto & infami in boc

308 1196 144 52 mundo·

410 1251 552 71 Ergo fides ex auditu eſt.

354 1315 731 59 Id eſt, ex prædicatione quæ auditur, eſt autem

306 1358 781 68 Hebraiſmus. Ex hoc loco clarum eſt, auditũ & præᛘ

304 1408 777 69 dicatores, requiri ad Euangelium, contra nouos hu¬

305 1458 758 75 ius temporis Prophetas, qui aliud non poſſunt quàn

304 1510 503 71 contemnere, quæcun talia ſunt·
