1203 1838
241 79 569 58 EPIST· AD ROM·

94.0 148.0 777.0 58.0 quomodo non poteſt eſſe bona? profecto guſtabo, niᛘ

94.0 192.0 777.0 63.0 hil oberit guſtus. In his peccauit Eua, ut maxime non

94.0 240.0 777.0 68.0 dum pomum attigerat. Siquidem Deum & ſpiritum

97.0 292.0 774.0 64.0 eius, mendacij accuſarat· Vbi hic opus, cui adſcri¬

95.0 341.0 776.0 70.0 bas peccatum? ergo peccatum carnis, eſt uiuere, cogiᛘ

97.0 391.0 776.0 65.0 tare, agere́ ſecundum prudentiam carnis, ne qua

94.0 441.0 780.0 62.0 elabantur Monachi & Sanctuli qui cauſantur ſe nihil

98.0 491.0 771.0 67.0 unq̃ peccatorum opere feciſſe, ergo eſſe inculpatos,

100.0 543.0 773.0 72.0 & dignos qui ſedem ſuam ad thronum altißimi col¬

102.0 593.0 125.0 55.0 locent·

298.0 650.0 361.0 71.0 Quod ſi ſpiritu.

145.0 728.0 727.0 60.0 Scilicet, Dei uel Chriſti ·FACTA COR·

102 770 773 74 PORIS· Id eſt, carnis. Semper autem id ob ocuᛘ

102 820 771 68 los habeto, Paulum non externa, ſed interioremcon

101.0 872.0 770.0 69.0 cupiſcentiam intelligere. Ea enim eſt ſummũ & priᛘ

100.0 930.0 772.0 58.0 mum opus corporis uel carnis, per eam quiduis agit·

102.0 977.0 771.0 59.0 Pij, ubi hoc opere ſolicitantur, concupiſcentiæ reſiᛘ

104.0 1028.0 768.0 66.0 ſtunt, nomen Dei inuocant, precantur, ut ab ea

101.0 1073.0 173.0 63.0 liberentur·

830 119 42 0 88

884 825 190 6 Concupiſcenᛘ

884 875 58 3 tia

364.0 1131.0 200.0 73.0 Viuetis.

104.0 1208.0 761.0 67.0 Scilicet æterna uita, quemadmodũ, in moriemint,

99.0 1260.0 432.0 53.0 æternam mortem intellexit·

159.0 1322.0 714.0 87.0 Etenim quicun ſpiritu Dei duᛘ

99.0 1391.0 178.0 72.0 cuntur.

147 1446 720 90 Id eſt, aguntur (quẽ ſupra legẽ fpũs dixit) quo
