1183 1854
401.0 86.0 625.0 58.0 COMMENT· POMER·

325.0 158.0 770.0 56.0 eadem ſententia. Sæpe tantum de morte loquitur, &

324.0 209.0 781.0 56.0 tacet reſurrectionem, nos tamen eam intelligimus, et

323.0 257.0 781.0 60.0 rurſus reſurrectionem prædicat, ubi nos & mortem

322.0 305.0 780.0 57.0 eius intelligimus. Alterum ex altero intelligitur. Qui

321.0 356.0 780.0 63.0 enim liberaret nos à morte, ſi ipſe non reſurgeret? aut

324.0 407.0 776.0 62.0 qui reſurgeret, ſi non mortuus fuiſſet? Ideo mortuus

322.0 459.0 777.0 58.0 eſt propter peccata noſtra, ut excitaretur in noſtri iu

324.0 507.0 775.0 60.0 ſtificationẽ. Ita hactenus uidimus comprobatum

325.0 560.0 776.0 60.0 ſcripturis & teſtimonijs ex lege, Chriſtum ſolum eſ

323.0 610.0 774.0 61.0 ſe noſtram iuſticiam, nos uero natura damnatos,

322.0 658.0 220.0 61.0 & filios iræ¬

479 749 450 123 CAP.V.

322 866 81 107 P

415 874 682 59 Ræfatur ab initio Capitis, in totum Caput, diᛘ

409 913 685 66 cens, Iuſtificati per fidem, pacem habemus¬

323.0 968.0 776.0 62.0 Viſa eſt autẽ hactenus Epiſtola difficilis, quo & mulᛘ

320.0 1018.0 773.0 57.0 ti terrebantur, uerum ſi ordo eius obſeruatus fuerit,

320.0 1069.0 780.0 57.0 nihil inerit difficultatis. In ſuperioribus docuit, tan¬

321.0 1116.0 778.0 62.0 tum ex fide eſſe iuſticiam, nunc conſequitur, ex ea fiᛘ

321.0 1166.0 773.0 62.0 de, inoſtras conſcientias habere pacem erga Deum,

321.0 1217.0 779.0 63.0 & præter id in hoc Capite nihil eſt. Hunc fructum fiᛘ

322.0 1267.0 778.0 60.0 det ſi obſeruaueris in hoc Cap· non uidebuntur tibi

317.0 1319.0 782.0 59.0 uaria hic tractari. Et ut rem totam compendio tracteᛘ

323.0 1368.0 776.0 65.0 mus, uiſum eſt quædam præfari· Nonne omnes iuſtiᛘ

321.0 1422.0 778.0 59.0 ciam quærimus et per opera, & alia quædã, in hoc,

315.0 1473.0 785.0 72.0 ut habeamus pacem erga Deum? Hac uia ommes ir¬

953.0 1532.0 144.0 58.0 cedimus,
