1177 1829
136 91 619 55 IN EPIST· AD ROM·

67.0 161.0 768.0 59.0 tionem, quo magis exponit, optimum & Apoſtolicũ

73.0 207.0 700.0 64.0 ſuum adfectum erga omnes Chriſtianos, dicens¬

157.0 266.0 580.0 69.0 Quis ille, qui condemnet?

278.0 334.0 259.0 42.0 Nemo · Ecce hic

108 376 680 71 Chriſtus eſt, qui mortuus eſt,

121 443 720 47 Nullum hic eſt peccatum in ſanctis, quo condem¬

73.0 488.0 771.0 60.0 nentur, peccatum eorum omne Chriſti morte eſt ſub¬

73.0 537.0 769.0 61.0 latum. Præterea, ille ipſe Chriſtus, qui mortuus eſt,

73.0 587.0 773.0 62.0 reſuſcitatus eſt, in iuſtificationẽ noſtri, nam mori Chriᛘ

75.0 640.0 772.0 58.0 ſtum, nihil profuiſſet nobis, niſi & ex morte in uitã

75.0 687.0 766.0 63.0 tranſiſſet, hæc́ eſt gloria & uictoria noſtra·Inſuper

74.0 740.0 771.0 62.0 ille Chriſtus ſedet ad dexteram patris, id eſt, rex eſt

76.0 790.0 770.0 59.0 & dominus omnium, uti pater, & intercedit pro noᛘ

74.0 837.0 775.0 63.0 bis, id eſt, ſummus eſt Pontifex, placans patrem quẽ

76.0 889.0 773.0 64.0 offenderamus peccatis noſtris. Quomodo ergo quiſ¬

77.0 940.0 772.0 60.0 piam condemnaret nos, quum Deus ipſe non ſit iu¬

75.0 988.0 774.0 61.0 dex, ſed pater noſter? Chriſtus uero interpellator noᛘ

78.0 1041.0 768.0 59.0 ſter apud patrẽ. St hi non accuſant & cõdemnãt nos,

80.0 1093.0 650.0 58.0 nemo poterit nos accuſare & condemnare·

775 132 59 2 104

855 417 190 102 Gloria noſtra

83 1165 767 66 Quis nos ſeparabit a dilectiõe Dei?

92 1223 763 62 id eſt, qua nos ipſe diligit, uel qua nos diligi¬

79 1273 776 59 mus Deum, ſiquidem dat nobis gratiam, ut ipſum

79 1322 776 63 diligamus: malo tamen intelligi de Dei dilectione in

79 1373 774 60 nos, ut infra: Per eum qui dilexit nos, ut eadem ſit

78 1422 776 63 ſententia, quæ hic eſt: Quis nos ſeparabit à dile¬

84 1477 774 62 ctione Dei? cum iſta, nemo poterit nos rapere è
