<?xml version='1.0' encoding='UTF-8'?>
<alto xmlns:xsi="http://www.w3.org/2001/XMLSchema-instance" xmlns="http://www.loc.gov/standards/alto/ns-v4#" xsi:schemaLocation="http://www.loc.gov/standards/alto/ns-v4# http://www.loc.gov/standards/alto/v4/alto-4-2.xsd">
  <Description>
    <MeasurementUnit>pixel</MeasurementUnit>
    <sourceImageInformation>
      <fileName>10AC1F79_uk4nGb4ndmq2dZqb_00148.jpg</fileName>
      <fileIdentifier>zip//10AC1F79_100-200.zip/10AC1F79_uk4nGb4ndmq2dZqb_00148.jpg</fileIdentifier>
    </sourceImageInformation>
  </Description>
  <Tags>
    <OtherTag ID="BT7" LABEL="CustomZone" DESCRIPTION="block type CustomZone"/><OtherTag ID="BT8" LABEL="DamageZone" DESCRIPTION="block type DamageZone"/><OtherTag ID="BT9" LABEL="DigitizationArtefactZone" DESCRIPTION="block type DigitizationArtefactZone"/><OtherTag ID="BT10" LABEL="DropCapitalZone" DESCRIPTION="block type DropCapitalZone"/><OtherTag ID="BT11" LABEL="GraphicZone" DESCRIPTION="block type GraphicZone"/><OtherTag ID="BT12" LABEL="MainZone" DESCRIPTION="block type MainZone"/><OtherTag ID="BT13" LABEL="MarginTextZone" DESCRIPTION="block type MarginTextZone"/><OtherTag ID="BT14" LABEL="MusicZone" DESCRIPTION="block type MusicZone"/><OtherTag ID="BT15" LABEL="NumberingZone" DESCRIPTION="block type NumberingZone"/><OtherTag ID="BT17" LABEL="QuireMarksZone" DESCRIPTION="block type QuireMarksZone"/><OtherTag ID="BT18" LABEL="RunningTitleZone" DESCRIPTION="block type RunningTitleZone"/><OtherTag ID="BT19" LABEL="SealZone" DESCRIPTION="block type SealZone"/><OtherTag ID="BT20" LABEL="StampZone" DESCRIPTION="block type StampZone"/><OtherTag ID="BT21" LABEL="TableZone" DESCRIPTION="block type TableZone"/><OtherTag ID="BT22" LABEL="TitlePageZone" DESCRIPTION="block type TitlePageZone"/><OtherTag ID="BT3517" LABEL="MainZone-Continued" DESCRIPTION="block type MainZone-Continued"/><OtherTag ID="BT3518" LABEL="MainZone-Head" DESCRIPTION="block type MainZone-Head"/><OtherTag ID="BT3519" LABEL="MarginTextZone-Notes" DESCRIPTION="block type MarginTextZone-Notes"/><OtherTag ID="BT3520" LABEL="MainZone-P" DESCRIPTION="block type MainZone-P"/><OtherTag ID="BT3715" LABEL="text" DESCRIPTION="block type text"/>
    <OtherTag ID="LT7" LABEL="CustomLine" DESCRIPTION="line type CustomLine"/><OtherTag ID="LT8" LABEL="DefaultLine" DESCRIPTION="line type DefaultLine"/><OtherTag ID="LT9" LABEL="DropCapitalLine" DESCRIPTION="line type DropCapitalLine"/><OtherTag ID="LT10" LABEL="HeadingLine" DESCRIPTION="line type HeadingLine"/><OtherTag ID="LT11" LABEL="InterlinearLine" DESCRIPTION="line type InterlinearLine"/><OtherTag ID="LT12" LABEL="MusicLine" DESCRIPTION="line type MusicLine"/><OtherTag ID="LT1349" LABEL="default" DESCRIPTION="line type default"/>
  </Tags>
  <Layout>
    <Page WIDTH="1177" HEIGHT="1839" PHYSICAL_IMG_NR="129" ID="eSc_dummypage_">
      <PrintSpace HPOS="0" VPOS="0" WIDTH="1177" HEIGHT="1839">
        <TextBlock HPOS="398" VPOS="63" WIDTH="645" HEIGHT="52" ID="block_1" TAGREFS="BT18">
          <Shape><Polygon POINTS="1043 63 1043 115 398 115 398 63"/></Shape>
          <TextLine ID="line_1" TAGREFS="LT8" BASELINE="406 101 1041 101" HPOS="418" VPOS="63" WIDTH="623" HEIGHT="55">
            <Shape><Polygon POINTS="939 63 936 63 922 67 908 63 899 63 889 63 877 74 858 63 848 63 844 63 835 70 819 63 817 63 807 63 788 75 738 75 725 63 715 63 704 63 694 63 684 63 674 63 664 63 653 63 643 63 633 63 623 63 613 63 605 63 597 69 568 63 561 63 551 63 545 63 541 66 533 63 531 63 521 63 516 63 501 66 500 66 486 74 474 63 469 63 466 63 445 75 418 75 418 101 418 114 501 109 509 116 509 117 510 117 511 117 512 118 535 118 535 117 536 117 537 117 549 109 559 116 560 116 561 116 562 117 562 116 563 116 565 116 572 111 583 116 584 116 585 116 586 116 604 109 614 117 615 117 616 117 617 118 715 118 715 117 716 117 732 109 787 109 803 116 804 116 805 116 835 109 843 116 843 117 844 117 845 117 846 118 915 118 915 117 916 117 917 117 927 109 939 117 940 117 942 117 943 117 968 112 1039 117 1041 101 1033 74 987 64 986 64 985 64 984 64 984 65 975 73 957 63 950 63"/></Shape>
            <String CONTENT="COMMENT· POMER·" HPOS="418" VPOS="63" WIDTH="623" HEIGHT="55"/>
          </TextLine>
        </TextBlock>
        <TextBlock HPOS="316" VPOS="128" WIDTH="792" HEIGHT="445" ID="block_2" TAGREFS="BT3517">
          <Shape><Polygon POINTS="1108 128 1108 571 319 573 316 128"/></Shape>
          <TextLine ID="line_2" TAGREFS="LT8" BASELINE="324 165 1104 165" HPOS="324" VPOS="128" WIDTH="780" HEIGHT="64">
            <Shape><Polygon POINTS="1006 128 1005 128 1004 128 980 137 937 128 936 128 935 128 917 138 844 138 825 128 824 128 815 128 805 128 794 128 785 128 784 128 783 128 782 128 772 136 760 128 759 128 758 128 754 128 743 128 733 128 732 128 731 128 704 137 687 128 686 128 685 128 625 129 624 129 623 129 616 134 550 128 549 128 478 137 438 128 437 128 436 128 435 128 424 138 392 138 346 128 345 128 344 128 324 137 324 165 325 186 350 177 509 177 521 186 522 186 523 186 546 190 547 190 548 190 571 177 596 183 597 183 598 183 637 177 649 186 650 186 651 186 652 186 653 186 691 177 747 190 748 190 749 190 772 181 802 191 803 191 804 191 805 191 828 182 846 190 848 190 888 191 889 191 890 191 917 178 940 191 942 191 943 191 944 191 964 179 1007 191 1008 191 1009 192 1104 192 1104 165 1104 138 1072 132 1071 132 1029 136 1007 128 1006 128"/></Shape>
            <String CONTENT="peccandum· Eſt autẽ talis reſponſio, quam ratio no¬" HPOS="324" VPOS="128" WIDTH="780" HEIGHT="64"/>
          </TextLine>
          <TextLine ID="line_3" TAGREFS="LT8" BASELINE="323 215 1098 214" HPOS="322" VPOS="179" WIDTH="776" HEIGHT="61">
            <Shape><Polygon POINTS="323 215 323 225 374 225 442 239 443 239 444 239 479 225 624 225 642 239 643 239 644 239 645 239 695 233 728 239 729 239 730 239 731 239 741 230 798 225 821 239 822 239 823 239 824 239 825 239 842 231 858 239 859 239 860 239 892 233 921 239 922 239 923 239 924 239 946 225 961 225 991 227 1004 239 1005 239 1006 239 1007 240 1097 240 1098 214 1096 191 1000 191 980 183 979 183 978 183 977 183 964 191 863 191 846 179 845 179 844 179 843 179 842 179 819 190 796 179 795 179 794 179 793 179 774 190 723 189 710 179 709 179 708 179 688 179 687 179 686 179 685 179 673 190 650 183 649 183 648 183 619 190 598 179 597 179 497 179 496 179 495 179 466 189 454 179 453 179 452 179 451 179 450 179 428 187 407 179 406 179 350 179 349 179 348 179 322 189 323 215"/></Shape>
            <String CONTENT="uit: reſpondebit autem fortius in ſequenti Cap·ꝗ·" HPOS="322" VPOS="179" WIDTH="776" HEIGHT="61" WC="0.9694334822041648"/>
          </TextLine>
          <TextLine ID="line_4" TAGREFS="LT8" BASELINE="323 263 1100 265" HPOS="322" VPOS="225" WIDTH="778" HEIGHT="60">
            <Shape><Polygon POINTS="323 263 322 273 408 274 416 280 417 280 418 280 419 280 474 275 495 283 496 283 497 284 538 284 538 283 539 283 540 283 552 274 694 283 695 283 696 283 697 283 708 275 724 284 725 284 726 285 796 285 796 284 835 275 865 284 866 284 867 284 940 275 965 284 966 284 967 285 1002 285 1002 284 1003 284 1028 276 1043 280 1044 280 1045 280 1099 274 1100 265 1099 240 1039 240 1025 232 1024 232 1023 232 1022 232 1006 239 978 227 977 227 942 227 940 227 939 227 908 239 851 227 797 227 796 227 795 227 794 227 780 240 730 240 716 231 715 231 714 231 685 238 677 230 676 230 675 230 674 230 673 230 656 239 591 239 544 228 543 228 542 228 541 228 531 238 501 238 483 226 482 226 481 226 480 226 428 234 416 226 415 226 414 226 323 225 323 263"/></Shape>
            <String CONTENT="d· Si uultis peccare, ergo non eſtis liberati à pecca¬" HPOS="322" VPOS="225" WIDTH="778" HEIGHT="60"/>
          </TextLine>
          <TextLine ID="line_5" TAGREFS="LT8" BASELINE="322 314 1097 314" HPOS="322" VPOS="276" WIDTH="775" HEIGHT="62">
            <Shape><Polygon POINTS="322 314 322 331 404 326 415 336 416 336 417 336 494 337 495 337 496 337 497 337 510 326 604 326 625 337 626 337 627 337 628 337 649 326 679 326 697 337 698 337 699 337 700 338 752 338 752 337 754 337 766 331 808 337 809 337 810 337 811 337 823 327 834 337 835 337 836 337 837 337 867 332 897 337 898 337 899 337 900 337 908 331 935 337 936 337 937 337 938 337 947 329 975 337 976 337 977 337 978 337 1006 326 1065 337 1066 337 1067 337 1068 337 1080 326 1096 329 1097 314 1097 284 1085 279 1084 279 1083 279 1081 279 1062 290 1038 290 1021 276 1020 276 1019 276 1018 276 981 284 957 276 956 276 955 276 954 276 953 276 934 289 908 278 907 278 906 278 905 278 878 290 811 290 798 279 797 279 796 279 795 279 794 279 776 290 665 290 644 276 643 276 642 276 641 276 640 276 618 285 606 276 605 276 604 276 555 276 554 276 553 276 552 276 532 290 505 290 489 276 488 276 487 276 429 276 428 276 427 276 426 276 418 283 393 278 392 278 391 278 367 286 322 281 322 314"/></Shape>
            <String CONTENT="to· Eſt́ generalis ſententia: Si ego alicui principiᛘ" HPOS="322" VPOS="276" WIDTH="775" HEIGHT="62"/>
          </TextLine>
          <TextLine ID="line_6" TAGREFS="LT8" BASELINE="323 362 1095 366" HPOS="322" VPOS="325" WIDTH="773" HEIGHT="61">
            <Shape><Polygon POINTS="323 362 322 372 442 374 457 383 458 383 459 383 540 375 551 384 552 384 553 384 554 384 613 375 646 375 658 384 660 384 661 384 662 384 707 375 734 385 735 385 736 386 939 386 939 385 940 385 942 385 950 378 957 383 958 383 959 383 960 383 1026 378 1054 386 1055 386 1056 386 1094 381 1095 366 1092 328 1065 339 930 339 919 328 918 328 917 328 886 327 860 327 859 327 858 327 840 337 826 329 825 329 824 329 823 329 806 337 791 327 790 327 789 327 763 327 762 327 761 327 760 327 743 338 712 338 694 326 693 326 692 326 691 326 548 336 515 325 514 325 513 325 512 325 511 325 497 335 414 326 413 326 412 326 411 326 398 336 377 336 356 325 355 325 354 325 323 325 323 362"/></Shape>
            <String CONTENT="me addico, ſeruus illius ſum, ſic qui ſe peccato accõ" HPOS="322" VPOS="325" WIDTH="773" HEIGHT="61" WC="0.9947587384117974"/>
          </TextLine>
          <TextLine ID="line_7" TAGREFS="LT8" BASELINE="325 412 1043 416" HPOS="325" VPOS="373" WIDTH="718" HEIGHT="68">
            <Shape><Polygon POINTS="325 412 325 434 373 422 402 432 403 432 404 432 445 427 455 435 456 435 457 435 458 435 459 435 460 435 475 425 485 430 486 430 487 430 535 423 565 440 566 440 703 441 704 441 705 441 746 426 781 437 782 437 783 437 835 426 865 435 866 435 867 435 919 427 953 436 954 436 955 436 1042 425 1043 416 1042 391 1016 391 978 376 977 376 953 376 952 376 951 376 950 376 932 391 918 391 888 376 887 376 886 376 885 376 884 376 862 390 782 390 773 382 773 381 772 381 771 381 724 375 697 375 696 375 695 375 665 389 599 389 577 376 576 376 575 376 574 376 573 376 558 387 537 381 536 381 535 381 499 385 485 373 484 373 483 373 380 373 379 373 378 373 377 373 354 387 325 387 325 412"/></Shape>
            <String CONTENT="modat, ſeruus peccati efficitur, nam illi obedit·" HPOS="325" VPOS="373" WIDTH="718" HEIGHT="68" WC="0.9852899057524545"/>
          </TextLine>
          <TextLine ID="line_8" TAGREFS="LT8" BASELINE="398 463 1091 468" HPOS="397" VPOS="426" WIDTH="694" HEIGHT="58">
            <Shape><Polygon POINTS="397 474 425 479 426 479 502 473 518 480 519 480 520 480 563 472 577 478 578 478 579 478 580 478 581 478 581 477 589 470 667 470 690 470 709 482 710 482 711 482 712 482 770 474 789 482 790 482 890 483 891 483 892 483 893 483 908 473 921 480 922 480 923 480 924 480 952 473 1010 473 1025 484 1026 484 1027 484 1028 484 1090 479 1091 468 1091 430 1032 430 1031 430 1030 430 1029 430 1009 448 954 448 866 443 851 429 850 429 849 429 848 429 823 434 816 428 815 428 814 428 786 428 785 428 784 428 783 428 769 439 758 430 757 430 756 430 714 429 713 429 712 429 711 429 689 445 609 445 594 435 593 435 592 435 535 434 525 426 524 426 523 426 484 426 483 426 482 426 481 426 465 437 442 430 441 430 440 430 406 435 400 430 398 463 397 474"/></Shape>
            <String CONTENT="ECCATI· Scilicet, ſerut· AD" HPOS="397" VPOS="426" WIDTH="694" HEIGHT="58"/>
          </TextLine>
          <TextLine ID="line_9" TAGREFS="LT8" BASELINE="323 513 1036 519" HPOS="323" VPOS="473" WIDTH="713" HEIGHT="68">
            <Shape><Polygon POINTS="323 513 323 532 367 521 390 529 391 529 392 529 393 529 394 529 403 523 411 529 412 529 413 529 414 529 466 523 477 531 478 531 479 531 480 531 481 531 501 525 541 528 542 528 543 528 544 528 553 522 599 522 652 522 698 538 699 538 700 539 752 539 752 538 754 538 780 526 805 536 806 536 807 536 808 536 809 536 814 532 822 539 822 540 823 540 824 540 948 541 949 541 950 541 969 531 1006 535 1007 535 1008 535 1034 524 1036 519 1033 490 1016 494 992 487 991 487 990 487 958 493 932 479 931 479 930 479 929 479 901 494 889 487 888 487 887 487 846 487 835 478 834 478 833 478 832 478 831 478 830 478 810 492 803 487 802 487 801 487 799 487 798 487 786 493 777 486 776 486 775 486 774 486 773 486 754 493 736 477 736 476 735 476 734 476 720 476 719 476 718 476 717 476 704 487 687 476 686 476 685 476 684 476 683 476 682 476 652 494 552 494 508 481 507 481 506 481 430 485 413 474 412 474 411 474 323 473 323 513"/></Shape>
            <String CONTENT="MORTEM· Id eſt, condemnationem·" HPOS="323" VPOS="473" WIDTH="713" HEIGHT="68"/>
          </TextLine>
          <TextLine ID="line_10" TAGREFS="LT8" BASELINE="324 566 831 566" HPOS="324" VPOS="523" WIDTH="507" HEIGHT="64">
            <Shape><Polygon POINTS="324 566 324 575 447 580 448 580 507 573 536 584 537 584 538 584 539 584 540 584 553 574 599 573 606 579 606 580 607 580 608 580 609 580 634 577 661 586 662 586 663 586 689 582 805 587 806 587 807 587 808 587 808 586 821 574 831 574 831 566 831 543 784 542 766 530 765 530 764 530 763 530 744 532 743 532 742 532 742 533 732 542 713 537 712 537 711 537 710 537 689 542 677 531 676 531 675 531 630 529 629 529 628 529 627 529 606 543 551 543 542 534 542 533 541 533 540 533 539 533 513 535 500 524 500 523 499 523 498 523 497 523 324 526 324 566"/></Shape>
            <String CONTENT="OBEDIEN· Scilicet, ſerui·" HPOS="324" VPOS="523" WIDTH="507" HEIGHT="64"/>
          </TextLine>
        </TextBlock>
        <TextBlock HPOS="569" VPOS="586" WIDTH="261" HEIGHT="53" ID="block_3" TAGREFS="BT3518">
          <Shape><Polygon POINTS="830 586 830 639 569 639 569 586"/></Shape>
          <TextLine ID="line_11" TAGREFS="LT8" BASELINE="576 627 819 630" HPOS="575" VPOS="586" WIDTH="244" HEIGHT="69">
            <Shape><Polygon POINTS="656 586 647 586 637 586 633 586 632 586 631 586 630 586 614 596 590 586 589 586 588 586 587 586 586 586 576 594 576 627 575 650 661 655 662 655 663 655 664 655 664 654 670 649 697 655 698 655 699 655 700 655 700 654 713 644 751 653 752 653 818 644 819 630 818 601 789 599 781 592 781 591 780 591 779 591 778 591 749 597 679 597 657 586 656 586"/></Shape>
            <String CONTENT="luſticiam." HPOS="575" VPOS="586" WIDTH="244" HEIGHT="69" WC="0.991785317659378"/>
          </TextLine>
        </TextBlock>
        <TextBlock HPOS="317" VPOS="641" WIDTH="780" HEIGHT="160" ID="block_4" TAGREFS="BT3520">
          <Shape><Polygon POINTS="1097 641 1097 801 317 801 317 641"/></Shape>
          <TextLine ID="line_12" TAGREFS="LT8" BASELINE="369 679 1095 685" HPOS="368" VPOS="641" WIDTH="727" HEIGHT="64">
            <Shape><Polygon POINTS="1088 655 1047 655 1021 645 1020 645 1019 645 1018 645 993 654 939 644 938 644 876 653 854 643 853 643 852 643 851 643 827 652 780 643 779 643 716 652 643 652 610 643 609 643 608 643 572 650 560 641 559 641 558 641 557 641 495 647 492 643 491 643 491 642 490 642 489 642 461 641 451 641 441 641 431 641 429 641 417 649 407 642 406 642 405 642 404 642 403 642 402 642 393 648 369 648 369 679 368 699 392 700 393 700 394 700 395 700 403 693 425 700 426 700 427 700 487 693 498 700 499 700 500 700 539 701 540 701 541 701 565 694 574 701 575 701 576 701 611 702 613 703 680 703 680 702 681 702 682 702 688 697 710 702 711 702 712 702 713 702 731 695 740 701 741 701 742 701 743 701 814 696 825 703 826 703 827 703 828 703 972 697 1020 702 1021 702 1022 702 1040 698 1058 705 1059 705 1060 705 1094 697 1095 685 1094 678 1088 655"/></Shape>
            <String CONTENT="Id eſt, iuſtificationem, ut ſitis iuſti· Sententia eſt" HPOS="368" VPOS="641" WIDTH="727" HEIGHT="64"/>
          </TextLine>
          <TextLine ID="line_13" TAGREFS="LT8" BASELINE="323 728 1102 735" HPOS="322" VPOS="689" WIDTH="780" HEIGHT="67">
            <Shape><Polygon POINTS="323 728 322 744 411 750 412 750 413 750 435 743 460 743 471 751 472 751 473 751 545 752 546 752 668 748 681 753 682 753 683 753 684 753 710 747 720 753 721 753 722 753 723 753 787 748 795 755 796 755 797 755 798 755 868 747 878 753 879 753 880 753 881 753 882 753 903 748 940 756 942 756 981 748 1100 748 1102 735 1101 706 1066 706 1045 694 1044 694 1043 694 998 699 972 693 971 693 970 693 969 693 946 700 936 693 935 693 934 693 868 692 867 692 821 701 770 691 769 691 721 693 720 693 702 702 610 694 609 694 608 694 582 701 571 694 570 694 569 694 568 694 567 694 550 701 509 701 494 689 493 689 492 689 491 689 452 695 430 692 429 692 428 692 413 699 357 692 356 692 323 698 323 728"/></Shape>
            <String CONTENT="olim pctõ ſeruiebatis, iam aliũ dominũ habetis Chri¬" HPOS="322" VPOS="689" WIDTH="780" HEIGHT="67" WC="0.9892224008386785"/>
          </TextLine>
          <TextLine ID="line_14" TAGREFS="LT8" BASELINE="322 779 1089 784" HPOS="321" VPOS="740" WIDTH="768" HEIGHT="72">
            <Shape><Polygon POINTS="322 779 321 799 345 807 346 807 347 808 393 808 393 807 394 807 410 798 422 807 424 807 425 807 426 807 481 803 489 808 490 808 491 808 492 809 545 809 545 808 628 799 697 809 698 809 748 800 781 810 782 810 783 811 826 811 826 810 827 810 838 804 845 810 846 810 848 810 849 810 919 808 920 808 934 802 964 811 965 811 966 812 1002 812 1002 811 1003 811 1004 811 1015 803 1088 803 1089 784 1089 755 1066 745 1065 745 1044 745 1043 745 1042 745 1041 745 1027 753 1004 745 1003 745 1002 745 967 753 930 744 929 744 903 744 902 744 901 744 900 744 891 751 873 744 872 744 871 744 870 744 850 752 822 747 821 747 782 752 729 751 714 743 713 743 712 743 666 751 658 746 657 746 656 746 655 746 551 750 487 742 486 742 485 742 464 747 454 741 453 741 452 741 451 741 381 749 322 740 322 779"/></Shape>
            <String CONTENT="ſtum, illi ſeruite, nam in illius regnum eſtis traducti·" HPOS="321" VPOS="740" WIDTH="768" HEIGHT="72" WC="0.9845628376517978"/>
          </TextLine>
        </TextBlock>
        <TextBlock HPOS="571" VPOS="803" WIDTH="202" HEIGHT="52" ID="block_5" TAGREFS="BT3518">
          <Shape><Polygon POINTS="773 803 773 855 571 855 571 803"/></Shape>
          <TextLine ID="line_15" TAGREFS="LT8" BASELINE="574 843 772 843" HPOS="574" VPOS="803" WIDTH="198" HEIGHT="61">
            <Shape><Polygon POINTS="707 803 689 808 654 803 645 803 643 803 624 818 574 819 574 843 574 855 611 862 613 862 614 862 615 862 624 856 634 863 635 863 636 863 637 864 713 864 713 863 714 863 731 856 755 863 756 863 757 863 758 863 772 856 772 843 771 811 749 814 716 803 707 803"/></Shape>
            <String CONTENT="Gratia." HPOS="574" VPOS="803" WIDTH="198" HEIGHT="61" WC="0.9993760160037449"/>
          </TextLine>
        </TextBlock>
        <TextBlock HPOS="317" VPOS="859" WIDTH="770" HEIGHT="106" ID="block_6" TAGREFS="BT3520">
          <Shape><Polygon POINTS="1087 859 1087 965 317 965 317 859"/></Shape>
          <TextLine ID="line_16" TAGREFS="LT8" BASELINE="349 893 980 900 1083 905" HPOS="349" VPOS="859" WIDTH="734" HEIGHT="63">
            <Shape><Polygon POINTS="1074 859 1064 859 1060 859 982 863 976 859 972 859 962 859 952 859 942 859 931 859 929 859 919 863 868 859 860 859 850 859 839 859 829 859 819 859 811 859 776 865 768 859 768 859 758 859 747 859 737 859 735 859 698 865 644 865 634 859 625 859 606 864 578 864 572 859 563 859 559 859 549 863 543 859 543 859 533 859 523 859 519 859 507 862 496 859 492 859 482 859 477 859 474 862 448 859 441 859 431 859 420 859 410 859 400 859 390 859 380 859 375 859 349 861 349 893 349 906 412 906 432 915 433 915 434 915 476 907 510 916 511 916 512 916 543 911 575 916 576 916 577 916 602 908 629 917 630 917 631 917 734 910 744 918 745 918 746 918 747 918 793 910 806 919 807 919 808 919 809 920 857 920 857 919 858 919 874 912 900 917 901 917 902 917 917 913 932 920 933 920 934 920 975 912 1041 912 1053 921 1054 921 1055 921 1056 922 1081 922 1083 905 1080 859 1074 859"/></Shape>
            <String CONTENT="Scilicet, ſit Deo, quod liberati ſitis à peccatis," HPOS="349" VPOS="859" WIDTH="734" HEIGHT="63" WC="0.9869033589082605"/>
          </TextLine>
          <TextLine ID="line_17" TAGREFS="LT8" BASELINE="322 944 777 946" HPOS="321" VPOS="906" WIDTH="456" HEIGHT="62">
            <Shape><Polygon POINTS="322 944 321 960 346 958 408 967 409 967 410 967 411 967 411 966 419 959 437 962 438 962 439 962 449 957 458 966 458 967 459 967 460 967 461 968 499 968 499 967 554 958 585 968 586 968 587 968 657 958 698 968 699 968 700 968 701 968 732 958 776 958 777 946 775 913 644 917 636 912 635 912 634 912 633 912 632 912 621 917 604 910 603 910 602 910 601 910 592 915 585 909 584 909 583 909 525 907 524 907 523 907 503 914 497 908 497 907 496 907 495 907 459 907 458 907 457 907 456 907 442 917 374 917 363 907 362 907 361 907 322 906 322 944"/></Shape>
            <String CONTENT="uon quod fueritis peccatores·" HPOS="321" VPOS="906" WIDTH="456" HEIGHT="62"/>
          </TextLine>
        </TextBlock>
        <TextBlock HPOS="577" VPOS="966" WIDTH="262" HEIGHT="57" ID="block_7" TAGREFS="BT3518">
          <Shape><Polygon POINTS="839 966 839 1023 577 1023 577 966"/></Shape>
          <TextLine ID="line_18" TAGREFS="LT8" BASELINE="578 1011 831 1011" HPOS="578" VPOS="966" WIDTH="253" HEIGHT="64">
            <Shape><Polygon POINTS="823 966 820 966 812 968 774 966 772 966 762 966 751 966 741 966 731 966 721 966 711 966 700 966 691 966 677 976 653 975 652 975 651 975 650 975 650 976 641 985 583 985 578 1011 578 1021 589 1021 598 1029 598 1030 599 1030 600 1030 601 1030 651 1028 652 1028 653 1028 664 1021 830 1030 831 1011 829 966 823 966"/></Shape>
            <String CONTENT="Obediſtis." HPOS="578" VPOS="966" WIDTH="253" HEIGHT="64" WC="0.998959231376648"/>
          </TextLine>
        </TextBlock>
        <TextBlock HPOS="361" VPOS="1025" WIDTH="665" HEIGHT="59" ID="block_8" TAGREFS="BT3520">
          <Shape><Polygon POINTS="1026 1025 1026 1084 361 1084 361 1025"/></Shape>
          <TextLine ID="line_19" TAGREFS="LT8" BASELINE="367 1060 1018 1066" HPOS="367" VPOS="1025" WIDTH="651" HEIGHT="74">
            <Shape><Polygon POINTS="936 1025 935 1025 934 1025 905 1034 809 1034 791 1025 786 1025 776 1025 766 1025 765 1025 693 1032 654 1026 653 1026 652 1026 645 1030 639 1025 633 1025 623 1025 613 1025 602 1025 592 1025 582 1025 572 1025 561 1025 559 1025 553 1028 548 1025 541 1025 531 1025 521 1025 510 1025 509 1025 499 1026 493 1025 490 1025 480 1025 469 1025 461 1025 456 1028 445 1025 439 1025 429 1025 419 1025 415 1028 411 1025 408 1025 398 1025 388 1025 378 1025 367 1025 367 1060 367 1087 402 1069 420 1078 421 1078 422 1078 424 1078 443 1071 457 1082 458 1082 459 1082 460 1082 461 1082 482 1077 492 1085 493 1085 494 1085 495 1085 496 1085 497 1085 519 1070 541 1081 542 1081 543 1081 544 1081 545 1081 555 1073 563 1079 565 1079 566 1079 567 1079 609 1071 758 1071 825 1098 826 1098 967 1099 968 1099 969 1099 970 1099 984 1090 995 1097 996 1097 997 1097 998 1097 999 1097 1000 1097 1017 1082 1018 1066 1017 1035 961 1035 937 1025 936 1025"/></Shape>
            <String CONTENT="Id eſt, ſuſcepiſtis hanc doctrinam per fidem·" HPOS="367" VPOS="1025" WIDTH="651" HEIGHT="74" WC="0.9913432876269023"/>
          </TextLine>
        </TextBlock>
        <TextBlock HPOS="564" VPOS="1084" WIDTH="289" HEIGHT="51" ID="block_9" TAGREFS="BT3518">
          <Shape><Polygon POINTS="853 1084 853 1135 564 1135 564 1084"/></Shape>
          <TextLine ID="line_20" TAGREFS="LT8" BASELINE="573 1121 830 1124" HPOS="572" VPOS="1083" WIDTH="258" HEIGHT="61">
            <Shape><Polygon POINTS="767 1083 757 1083 746 1083 736 1083 726 1083 716 1083 705 1083 701 1083 684 1092 672 1087 671 1087 670 1087 669 1087 650 1095 625 1087 624 1087 623 1087 573 1094 573 1121 572 1132 596 1141 597 1141 598 1141 599 1141 626 1132 656 1132 704 1140 705 1140 774 1135 792 1143 793 1143 794 1144 829 1144 830 1124 829 1098 804 1098 776 1083 767 1083"/></Shape>
            <String CONTENT="Ex animo." HPOS="572" VPOS="1083" WIDTH="258" HEIGHT="61" WC="0.9919139941533407"/>
          </TextLine>
        </TextBlock>
        <TextBlock HPOS="307" VPOS="1138" WIDTH="790" HEIGHT="107" ID="block_10" TAGREFS="BT3520">
          <Shape><Polygon POINTS="1097 1138 1097 1245 307 1245 307 1138"/></Shape>
          <TextLine ID="line_21" TAGREFS="LT8" BASELINE="362 1169 1095 1182" HPOS="361" VPOS="1139" WIDTH="734" HEIGHT="64">
            <Shape><Polygon POINTS="618 1139 611 1139 605 1145 552 1147 519 1139 515 1139 505 1139 501 1139 448 1144 438 1139 434 1139 424 1139 413 1139 403 1139 398 1139 362 1143 362 1169 361 1180 375 1186 377 1186 378 1186 379 1186 394 1182 407 1193 408 1193 409 1193 410 1193 411 1193 440 1183 455 1191 456 1191 457 1191 458 1191 484 1183 533 1183 548 1195 549 1195 550 1195 551 1195 596 1185 629 1197 630 1197 631 1197 632 1197 654 1191 666 1198 667 1198 668 1198 669 1198 849 1196 899 1201 900 1201 901 1201 921 1191 972 1191 991 1200 992 1200 993 1200 1027 1192 1043 1203 1044 1203 1045 1203 1046 1203 1094 1200 1095 1182 1092 1148 1075 1153 1062 1145 1061 1145 1060 1145 994 1144 993 1144 992 1144 991 1144 978 1154 924 1154 900 1142 899 1142 868 1142 867 1142 866 1142 865 1142 849 1152 821 1152 801 1141 799 1141 743 1140 742 1140 741 1140 712 1150 668 1150 621 1139 618 1139"/></Shape>
            <String CONTENT="Id eſt, non carnaliter, aut hypocritice· DO¬" HPOS="361" VPOS="1139" WIDTH="734" HEIGHT="64"/>
          </TextLine>
          <TextLine ID="line_22" TAGREFS="LT8" BASELINE="315 1222 923 1230" HPOS="314" VPOS="1185" WIDTH="609" HEIGHT="65">
            <Shape><Polygon POINTS="315 1222 314 1233 335 1244 336 1244 337 1244 361 1243 362 1243 363 1243 379 1232 430 1239 431 1239 483 1233 507 1246 508 1246 509 1246 510 1246 533 1234 598 1239 599 1239 625 1235 651 1246 652 1246 653 1246 686 1239 704 1248 705 1248 707 1248 708 1248 730 1241 755 1249 756 1249 878 1250 879 1250 880 1250 881 1250 899 1238 921 1240 923 1230 923 1203 868 1200 857 1191 856 1191 855 1191 854 1191 807 1202 772 1202 760 1193 759 1193 758 1193 757 1193 705 1197 695 1191 694 1191 693 1191 692 1191 691 1191 669 1198 651 1188 650 1188 649 1188 648 1188 647 1188 623 1197 608 1188 607 1188 606 1188 605 1188 604 1188 603 1188 603 1189 592 1199 489 1190 488 1190 487 1190 472 1197 461 1187 461 1186 460 1186 459 1186 458 1186 457 1186 433 1192 402 1185 401 1185 315 1191 315 1222"/></Shape>
            <String CONTENT="CTRINAE· Scilicet, Euangelicæ¬" HPOS="314" VPOS="1185" WIDTH="609" HEIGHT="65"/>
          </TextLine>
        </TextBlock>
        <TextBlock HPOS="566" VPOS="1245" WIDTH="265" HEIGHT="57" ID="block_11" TAGREFS="BT3518">
          <Shape><Polygon POINTS="831 1245 831 1302 566 1302 566 1245"/></Shape>
          <TextLine ID="line_23" TAGREFS="LT8" BASELINE="582 1286 823 1290" HPOS="581" VPOS="1245" WIDTH="242" HEIGHT="65">
            <Shape><Polygon POINTS="788 1245 787 1245 786 1245 776 1245 766 1245 756 1245 711 1255 698 1245 697 1245 696 1245 695 1245 648 1255 628 1252 627 1252 626 1252 625 1252 625 1253 617 1260 582 1260 582 1286 581 1304 670 1310 671 1310 672 1310 673 1310 673 1309 682 1300 703 1308 704 1308 705 1308 762 1300 821 1306 823 1290 823 1264 806 1261 789 1246 789 1245 788 1245"/></Shape>
            <String CONTENT="Traducti." HPOS="581" VPOS="1245" WIDTH="242" HEIGHT="65" WC="0.9999945163726807"/>
          </TextLine>
        </TextBlock>
        <TextBlock HPOS="306" VPOS="1304" WIDTH="797" HEIGHT="210" ID="block_12" TAGREFS="BT3520">
          <Shape><Polygon POINTS="1103 1304 1103 1514 306 1514 306 1304"/></Shape>
          <TextLine ID="line_24" TAGREFS="LT8" BASELINE="351 1340 1095 1347" HPOS="351" VPOS="1303" WIDTH="744" HEIGHT="61">
            <Shape><Polygon POINTS="964 1303 954 1303 944 1303 933 1303 923 1303 913 1303 912 1303 911 1303 910 1303 910 1304 902 1311 883 1311 837 1303 831 1303 823 1303 777 1309 765 1304 764 1304 763 1304 715 1308 701 1303 698 1303 688 1303 679 1303 656 1306 647 1303 637 1303 630 1303 624 1308 597 1308 586 1303 586 1303 576 1303 566 1303 563 1303 551 1306 539 1303 535 1303 525 1303 514 1303 504 1303 502 1303 488 1306 460 1303 453 1303 443 1303 433 1303 422 1303 412 1303 402 1303 392 1303 382 1303 373 1303 351 1304 351 1340 351 1355 427 1352 487 1359 488 1359 489 1359 490 1359 499 1353 545 1353 554 1359 555 1359 556 1359 557 1359 558 1359 573 1354 670 1361 671 1361 672 1361 673 1361 681 1355 726 1355 777 1362 778 1362 851 1356 896 1363 897 1363 980 1357 1093 1364 1095 1347 1093 1307 1063 1310 1011 1304 1010 1304 1009 1304 989 1311 965 1303 964 1303"/></Shape>
            <String CONTENT="Scilicet, à Deo, quaſi erepti ex alio, &amp; in dliud" HPOS="351" VPOS="1303" WIDTH="744" HEIGHT="61" WC="0.9912216365337372"/>
          </TextLine>
          <TextLine ID="line_25" TAGREFS="LT8" BASELINE="312 1388 1096 1396" HPOS="312" VPOS="1351" WIDTH="784" HEIGHT="64">
            <Shape><Polygon POINTS="312 1388 312 1400 569 1400 605 1410 606 1410 607 1410 695 1406 708 1411 709 1411 710 1411 711 1411 725 1406 837 1412 838 1412 839 1412 860 1403 885 1403 905 1410 906 1410 907 1410 953 1406 967 1413 968 1413 969 1413 970 1413 985 1408 1003 1415 1004 1415 1005 1415 1041 1406 1067 1415 1068 1415 1069 1415 1070 1415 1095 1407 1096 1396 1096 1359 1057 1358 1056 1358 1055 1358 1040 1364 981 1357 980 1357 979 1357 956 1363 947 1357 946 1357 945 1357 944 1357 911 1363 804 1363 747 1356 746 1356 745 1356 727 1361 701 1354 700 1354 699 1354 698 1354 677 1360 641 1354 640 1354 639 1354 625 1360 589 1360 542 1353 541 1353 540 1353 516 1359 507 1352 506 1352 505 1352 504 1352 453 1357 417 1352 416 1352 415 1352 405 1357 384 1351 383 1351 382 1351 312 1357 312 1388"/></Shape>
            <String CONTENT="traducti· Hic uides, quid relinquatur Libero Arb¬" HPOS="312" VPOS="1351" WIDTH="784" HEIGHT="64"/>
          </TextLine>
          <TextLine ID="line_26" TAGREFS="LT8" BASELINE="312 1437 1098 1449" HPOS="311" VPOS="1397" WIDTH="787" HEIGHT="73">
            <Shape><Polygon POINTS="312 1437 311 1450 349 1458 350 1458 351 1458 361 1453 453 1460 454 1460 507 1454 574 1463 575 1463 638 1456 651 1464 652 1464 653 1464 721 1458 771 1466 772 1466 817 1460 854 1467 855 1467 856 1467 869 1463 979 1469 980 1469 1020 1463 1040 1470 1041 1470 1042 1470 1097 1469 1098 1449 1097 1408 1034 1413 1008 1407 1007 1407 1006 1407 948 1417 903 1405 902 1405 901 1405 776 1415 761 1404 760 1404 759 1404 733 1403 732 1403 576 1411 467 1410 454 1399 453 1399 452 1399 451 1399 401 1408 337 1397 336 1397 312 1400 312 1437"/></Shape>
            <String CONTENT="cum traducamur per illud: non potes hanc doctrinã" HPOS="311" VPOS="1397" WIDTH="787" HEIGHT="73" WC="0.9986866080760955"/>
          </TextLine>
          <TextLine ID="line_27" TAGREFS="LT8" BASELINE="312 1488 736 1493" HPOS="311" VPOS="1447" WIDTH="425" HEIGHT="94">
            <Shape><Polygon POINTS="312 1488 311 1523 333 1523 351 1536 352 1536 353 1536 354 1537 380 1537 380 1536 381 1536 414 1523 481 1523 534 1523 567 1538 568 1538 569 1538 570 1538 571 1538 583 1530 597 1538 598 1538 648 1539 649 1539 650 1539 681 1529 693 1540 694 1540 695 1540 696 1541 735 1541 736 1493 736 1463 691 1460 683 1453 683 1452 682 1452 681 1452 680 1452 679 1452 661 1459 647 1450 646 1450 645 1450 644 1450 614 1451 613 1451 611 1451 600 1460 557 1460 547 1450 547 1449 546 1449 545 1449 501 1449 500 1449 499 1449 467 1459 401 1459 375 1447 374 1447 373 1447 312 1452 312 1488"/></Shape>
            <String CONTENT="ſiſcpere, cũ ſit ex ſola fide·" HPOS="311" VPOS="1447" WIDTH="425" HEIGHT="94" WC="0.9520161344159034"/>
          </TextLine>
        </TextBlock>
      </PrintSpace>
    </Page>
  </Layout>
</alto>
