1193 1867
445 107 593 59 OMMENT· POMER·

348 174 715 70 tas te non eſſe furem, cum tamen ſis fur¬

565 245 279 59 Committis.

390 303 739 57 Scilicet corde, ut Chriſtus Matth.5· imterpretaᛘ

345 348 772 64 tur, Qui uidet mulierem ad concupiſcendum· Quis

345 398 772 65 illorum eſt, qui hodie uoluerunt eſſe caſtißimi, qui

343 450 770 63 non hic peccarit? Hic, ſi poſſunt noſtri Monachi &

343 498 778 70 Monachæ, defendant ſuam caſtitatem, niſi ipſe Chriᛘ

345 552 772 64 ſtus & Paulus ſic interpretaretur, nemo poſſet id eſ¬

347 603 750 61 ſe adulterium credere, quod in corde committitur·

468 676 497 63 Sacrilegium admittis.

152 757 176 69 Sacrilegiun

143 803 91 73 quid·

393 737 721 55 Furaris Deo ſuum honorem, nam ſacrilegium

350 774 763 66 eſt furto auferre rem ſacram· Eſt autem ſacratißimæ

343 831 770 63 res honor Dei, quem Iuſticiarij ſibi arrogant, tribuẽ̈ᛘ

340 880 774 64 tes iuſtitiam ſuis operibus· Quod poteſt eſſe maius ſaᛘ

339 930 777 63 crilegium? Gloria & honor iuſtificationis ſoli Deo deᛘ

341 980 772 63 betur, non noſtris uiribus aut meritis· Nam dixit

339 1030 776 65 in Propheta, Gloriam meam alteri non dabo·O im¬

343 1084 770 63 pios Hypocritas, qui externa Idola, & Gentes idolo

340 1134 766 62 latras execrantur, interim tamẽ, quod maximum &

343 1181 771 67 ſanctißimum eſt in Deo, ſibi arrogant: Chriſtus uo¬

338 1235 773 64 luit Matth·23·ut tantum unum magiſtrum agnoſceᛘ

335 1284 612 68 remus, Quid igitur ſtulti nobis ſumimus?

607 1345 211 82 De lege.

392 1402 669 94 Ideſt, de hoc tibiplaces, quod habes legem.

530 1473 298 98 Dehoneſtas.

1004 1539 97 70 Id eſt,
