1188 1840
145 95 639 66 IN EPIST· AD ROM·

87 166 766 66 dulcia per Chriſtum, quem eadem paſſum ſcimus,

87 212 766 70 qui non alia uia, quàm per crucem in gloriam in¬

87 262 403 73 greſſus eſt, ideo ſubtexuit,

90 333 742 72 Verũ in omnibus his ſuperamus

127 400 723 59 Id eſt, per tota pericula, non deficimus à Deo

83 442 770 69 meritis ne noſtris? non, ſed per eum, ſcilicet, Deũ,

84 495 772 73 qui nos dilexit, is enim eſt pro nobis, ideoq́; nihil noᛘ

84 543 270 66 bis poteſt obeſſe·

121 603 674 70 Nam mihi perſuaſum habeo.

128 658 672 67 Id eſt, certus ſum, ſiue uiuam, ſiue moriar¬

120 740 690 67 Quod ne mors, ne angeli.

133 801 723 55 Scilicet, mali-Dicit uero hæc Paulus hyperboll

80 842 776 66 côs, ſimul quo bonos angelos intelligens, tametſi

82 895 774 58 neminem à Deo abſtrahant, quemadmodum & in

81 944 776 61 Galatis loquitur: Etiamſi angelus de cœlo &c·quod

81 995 776 61 tamen fieri non poteſt, ut angelus bonus prædicet cõᛘ

80 1044 776 61 tra Dei Verbum. Significat uero in ijs omnes creatu¬

82 1095 772 61 ras, bonas & malas, quæ omnes cooperantur no¬

82 1143 772 69 bis in bonum, tantum abeſt, ut ſeparent à Deo, tam

81 1197 548 56 etſi uideantur nonnunquam id uelle¬

796 87 58 78 105

300 1254 299 64 Principatus.

125 1310 729 62 Id eſt, omne quod magnum eſt in mundo, qualla

80 1358 556 66 ſunt, ſapientia & potentia humana·

310 1418 270 58 Poteſtates.

74 1476 768 67 Scilicet, nequitiæ huius aëris, aut mundi, Epheſ ·6·

702 1574 29 0 O
