1188 1842
135 98 643 59 IN EPIST· AD ROM·

799 109 46 37 57

66.0 162.0 791.0 64.0 Non quia peccauerũt, ab eis longe eſt ſalus, ſed quia

69.0 215.0 785.0 60.0 iuſtificationes tuas non exquiſierunt, nolebant per teᛘ

66.0 264.0 788.0 57.0 iuſtificari· Huc pertinet quod Chriſtus ad Petrum di¬

70.0 317.0 779.0 63.0 cit, qui tamen negarat Chriſtũ, Petre amas me? &c·

337.0 391.0 243.0 52.0 In morte.

187.0 445.0 504.0 56.0 Id eſt, condemnatione hominum·

341.0 510.0 255.0 68.0 Per leſum,

128.0 577.0 730.0 59.0 Semper Chriſtum interponit, ut ſciamus per quẽ

74.0 621.0 496.0 62.0 nobis talia beneficia contigerint·

204 710 506 129 CAP.VI.

95 836 78 108 H

192.0 839.0 665.0 52.0 Actenus iuſticiã ueram, per ſolum Chriſtũ meᛘ

199 878 655 62 diatorem peccatoribus, à Deo exhiberi: Itẽ,

85.0 930.0 778.0 62.0 etus iuſticiæ fructum eſſe, pacem conſcientiarum doᛘ

85.0 984.0 779.0 57.0 cuit· Hic ea confutat argumenta, quæ acumen ratio

79 1026 781 65 nis humanæ, cõtemptricis gratiæ et miſericordiæ Dei,

82 1079 780 69 ſolet obijcere· Nouit enim Paulus, qui & ipſe caro

86.0 1132.0 773.0 61.0 fuit, quid ſoleat illa, in Det contemptum machinari,

79 1177 784 67 ubi gratiæ prædicationem audierit, ſiquidem offendiᛘ

84 1226 778 61 tur, cum audit: Vbi abundauit delictum, abunda¬

86 1278 777 66 uit & gratia, ſtatim infert: Si peccatum tam bonum

90.0 1332.0 775.0 61.0 eſt, ut ſit occaſio gratiæ Dei in nobis, ergo pecce¬

89.0 1382.0 774.0 61.0 mus? Item ſi ſumus liberi, quiduis nobis impune licet·

87 1429 775 69 Ita ſumma huius Capitis, nihil aliud cõtinet, quàm

88.0 1484.0 773.0 69.0 dilutionem quandam huiuſmodi ineptiarum, rationis

725.0 1548.0 31.0 50.0 H
