1218 1860
410 94 634 59 COMMENT· POMER·

474 165 444 68 Qui perſeuerantes.

388 236 724 68 Quod nemo poteſt facere, niſi fidelis, hypocri¬

335 286 773 69 ta non poteſt impietatem diu cælare, & pertinet hoc

333 342 542 63 uocabulum, perſeuerantes, ad fidem·

598 401 269 62 Quærunt.

378 455 733 62 Scilicet à Deo, id quod quoq; eſt fidei: alioqui

335 500 775 69 quid carnalius dici poſſet? cum Scriptura hoc prohi¬

340 550 764 67 beat, & uult ut Dei gloriam quæramus. HIS.

342 644 648 9 Id eſt, alijs, mutat hic figurate orationem ·

128 602 202 64 Gloriam Dei

127 657 211 62 debemus quæᛘ

134 714 80 46 rere·

551 665 294 50 Contentioſi.

380 723 729 56 Qui contendunt contra ueritatem, non ſolum co¬

332 769 778 57 ram hominibus, ſed etiam in corde, nihil enim certi

333 816 767 67 poſſunt apud ſe de ueritate conſtituere, fluctuant &

335 870 749 64 impelluntur uelutt undæ, cogitationes cordis eorum·

532 932 300 62 Qui ueritati.

372 989 734 58 Scilicet Dei, quæ ſolius Det eſt· Nam omnis homo

333 1034 773 65 mendax· Sic enim ſemper apud ſe diſceptant, forte

335 1085 770 66 uerũ eſt, forte non, quærunt quid obiectent ueritati·

592 1142 250 57 Iniuſtitiæ.

380 1201 723 56 Prudens hic Paulus abſtinet à uocabulis fidei &

336 1245 769 70 infidelitatis, at per iniuſtitiã, infidelitatem intelligit·

581 1312 276 61 Indignatio.

382 1369 732 55 Scilicet Dei, hæc duo in Deo ſunt, ſed anxietas

340 1414 770 71 & afflictioin nobis· PERPETRANTIS·

389 1464 427 64 Scilicet animo, & excorde·

1014 1513 103 68 iudæi
