1206 1846
312 158 783 66 indicat, in qua dicitur: Dederunt in eſcam meam fel:

314 202 779 74 & cætera pleraq; in eo ſunt Pſalmo, quæ teſtantur

314 253 706 75 Chriſtum indignißimis modis acceptum fuſſe·

386 92 632 63 COMMENT· POMER·

377 349 664 73 Nam quæcun præſcripta.

364 423 738 67 Occaſione citationis ex Pſalmo, ſubijcit hanc ge¬

317 464 785 76 neralem ſententiam, & dicit illum Pſalmum, quemad

320 516 786 76 modum reliqua omnia in ſacris libris, nobis eſſe ſcri¬

322 573 774 68 ptum, unde diſcamus, ne à ſpe in Deum excidamus,

318 621 786 68 dum multa patimur, non ſolum à fratribus, ſed etiam

322 669 782 72 ab inimicis: pattentia opus eſſe nobis, ubi Chriſtiani

322 717 784 76 facti ſumus, & Chriſtiane uiuimus, hic in fine de¬

322 770 785 70 clarat, alioqui quomodo perſiſtemus? Quemadmodũ

322 820 787 74 de optimo agro dicit Chriſtus, fructum afferunt in paᛘ

326 870 782 73 tientia -Scripturæ ſemper nos conſolantur, dum doᛘ

327 921 782 69 ctrinas, & exempla ſanctorum nobis proponunt, ſic

327 972 784 73 ſenſit Paulus, quicquid interim ſentiant Pſeudopro

329 1021 784 72 phetæ de ſcripturis, illi entm aiunt, non opus eſſe

325 1072 791 71 externa Scriptura, quia ſcriptum ſit in Hiere mia:Nõ

337 1164 777 7 docebit unuſquiſq proximum ſuum & c. hinc & nos

335 1213 779 15 ſcribas, & legiſperitos vocant, quod hære amus in

333 1223 784 71 ſcripturis. Nonne uident hic Paulum citare ex Pſal¬

334 1278 784 65 mo, non ea quæ ſpiritus clamat è cœlis, aut quæ ex

331 1328 788 64 reuelatione ſingulari interpretetur? Non itaq negli¬

335 1376 784 66 gamus Scripturas, quas Deus nobis dedit ad ſui cogniᛘ

334 1430 787 61 tionem: ſicut per media quædam, cibum, & potum,

336 1479 795 72 noſtram uitam conſeruat, ita quo per Scripturam

121 1136 191 61 Scriptura no¬

118 1188 194 65 bis opus eſt·

1008 1535 116 54 nos do
