1188 1838
189 92 608 61 EPIST· AD ROM·

78.0 161.0 779.0 57.0 quid aliud eſt, q̃ quod Adæ, poſtea Abrabæ & patriᛘ

76.0 209.0 780.0 61.0 bus promiſſam eſt? Ideo dixerat Paulus, Manifeſta¬

76.0 258.0 776.0 66.0 ta, id eſt, non noua facta, uerum ſemper fuit, licet

77.0 310.0 212.0 56.0 latuerit nos·

113.0 362.0 680.0 68.0 Iuſticia Dei per fidem Chriſti.

121 422 735 60 Diligenter omnia exponit Paulus. Somniarant Iuᛘ

75 471 781 67 dæi ſibi quandam iuſticiam, ſed non reſpiciebant in

73.0 524.0 780.0 60.0 mediatorem Chriſtum, de quo erat dictum, In ſemi¬

72.0 575.0 784.0 59.0 ne tuo benedicentur omnes gentes· Item, Semen conᛘ

73.0 625.0 780.0 61.0 teret &c· Legebant illa quidem in Scrip·at non in¬

72.0 675.0 780.0 60.0 telligebant, credebant in Deũ (ut putabant) ſed nõ

73 722 777 65 per Chriſtum· Iohan·14·dicit Chriſtus, Creditis in

72.0 778.0 779.0 58.0 Deum, & in me credite· Hæc quoq ſapientibus no¬

73.0 827.0 775.0 58.0 ſtris opponenda ſunt, qui tantum ex Deo uolunt quæᛘ

71.0 875.0 776.0 62.0 rere iuſticiam, Chriſtum abijcientes, qui eſt is, per

73.0 923.0 586.0 59.0 quem à Deo in nos uenit omnis iuſticia·

333.0 995.0 249.0 56.0 In omnes.

116.0 1055.0 731.0 63.0 Id eſt, quæ pertinet ad omnes, ſuper omnes· Co

74.0 1105.0 394.0 58.0 pia tantum eſt uerborum·

175.0 1162.0 561.0 62.0 Non eſt enim diſtinctio.

114.0 1221.0 732.0 57.0 Id eſt, ſiue iudæi ſint, ſiue Gentes· Ecce Deus ma

69.0 1267.0 775.0 62.0 nifeſte æquat illis craſſos peccatores, qui in ſpeciem

72.0 1319.0 773.0 59.0 ſunt ſanctißimi·q· d· Non eſt Iuſticiarius melior coᛘ

71.0 1368.0 768.0 62.0 ram Deo, quàm latro, qui ad ſupplicium ducitur·

67.0 1418.0 776.0 61.0 At quis hominum ſecundum naturã, ſic ſe poteſt abijᛘ

67.0 1469.0 775.0 69.0 cere, ut dicat ſe non meliorẽ tali, qui craſſo delicto

705.0 1530.0 21.0 47.0 E

878 402 182 85 Sola iuſticia

867 473 187 70 per Chriſtũ·

824 134 26 0 33
