1183 1844
408 101 628 55 COMMENT· POMER·

331 169 779 56 hunc, ſed ipſum Iacob primogenitũ Deus habere uo

331 214 778 57 lutt. SICVT SCRIPTVM EST. In

332 259 181 62 Malachia.

384 321 682 63 lacob dilexi, Eſau odio habui.

383 384 713 58 Quare hunc dilexerit, illum odierit, neſcimus,

329 426 286 70 ſic illi placuit·

124 600 188 63 Rationis ar¬

126 654 186 62 gumenta, co iſta facit,

123 700 189 59 tra prædeſti¬

124 757 188 62 nationis ſen¬

126 808 158 66 tentiam·

463 489 503 65 Quid igitur dicemus ?

351 551 749 56 Hic non poteſt nõ obmurmurare ratio contra Deũ,

335 593 769 57 dicit enim hæc audiens: Ergo Deus eſt iniuſtus, qui

335 640 769 73 iſta facit, nam hos abijcit, illos ſaluat, ſine omni uel

335 694 769 63 merito uel demerito: ſi omnes ſaluaret, id eſſet immẽ

335 742 769 66 ſæ eius bonitatis & miſericordiæ indiciũ, & hanc puᛘ

328 798 777 61 taſſem eius eſſe naturam propriam: quemadmodum

329 850 776 58 lapis non poſſet ſurſum agi natura, ita nec Deum cũ

331 899 772 63 bonus ſit, quenquam poſſe abijcere· Reſpondet Apoᛘ

332 949 771 62 ſtolus · ABSIT· Id eſt, non eſt iniuſtus, qui

329 998 477 61 hæc faciat, uerum manet iuſtus·

394 1070 642 65 Nam Moſi dicit, miſerebor.

380 1136 726 55 Deus nulli hominum quidquam debet, ideo́ ne ¬

330 1184 777 59 mo illum accuſabit: quemadmodũ ſi Petro darem cenᛘ

330 1234 776 55 tum aureos, Iohannt nihil, & neutri deberem, hic

331 1282 775 62 dices, quid in cauſſa fuerit, quod Petro dederim? libeᛘ

330 1333 774 60 ralitas: quid in cauſſa, quod Iohannẽ præterierim?

328 1383 775 58 mea uoluntas, quod dare noluerim (nihil hic dico de

328 1432 776 61 charitate, quæ nõ quærit delectũ). Quid ergo hic

328 1483 774 69 dicet ratio? garriet multa, at uihil huius negotij

975 1544 123 56 intelli¬
