1208 1868
420 142 629 54 COMMENT· POMER·

346 213 745 54 tiam, Deus uoluit eos eſſe noſtros Dominos, ſi male

350 259 745 59 facimus contra ciues & pacem publicam, ipſi autem

333 310 760 60 habent iudicem in cœlis, qui grauius iudicabit, quàm

345 361 751 59 ſi homines eos iudicarent. Verum boni principes, iſto

342 411 753 63 textu ualde ſe debent conſolari, ꝗ ſciant ſuam pote¬

342 461 751 63 ſtatem eſſe à Deo, etiamſi ſæpe incidãt in ea quæ non

341 512 752 61 uellent, dum uolunt præſtare ſuum officium: nemo

342 566 707 61 magis in mundo patitur at bonus princeps & c.

397 625 579 59 Reddite igitur omnibus.

385 685 711 58 Videbat Paulus quoſdam, qui uolebant dici Chri¬

334 728 758 63 ſtiani, non uelle ſoluere tributũ, ideo iubet, ut cui

332 776 762 67 quod debetur reddatur: ne Chriſtus poteſtatẽ con

330 828 767 63 tempſit, cum dicit ad Pilatum: Non haberes in me

330 875 772 69 poteſtatem ullam, ſi non datum tibi eſſet deſuper: Phaᛘ

327 930 775 62 riſæos uero ſemper contempſit, ut eos qui nihil habeᛘ

326 979 777 71 bant, quo ex uerbo ſuadefenderent. Soluit & Chri¬

326 1035 287 51 ſtus tributum &c·

455 1090 337 60 Cui timorem.

371 1150 738 66 Scilicet, debetis, illum timete, quia mandatum diᛘ

321 1193 194 62 uinum eſt.

378 1258 635 67 Nemini quicquam debetis.

366 1324 746 58 Non debetis cuiq̃ quippiam præter dilectionem,

319 1362 801 70 quæ non ſolum ſoluit quod debet, ſed ultro etiam præᛘ

314 1412 801 72 ſtat, quæ aliãs legibus & ui extorquert non poſſent,

314 1464 813 70 & implet omnia. Hæc Chriſtianis dicuntur, qui iam

310 1512 820 80 credunt, cæterum ab ijs qui nondum credunt, fides

953 1586 159 64 exigitur.
