1180 1838
162 81 627 62 IN EPIST· AD ROM·

73 152 773 65 cit, id eſt, ut nos ſimus filij eius, ipſe uero pater

73 208 128 51 noſter.

129 267 718 75 Non enim accepiſtis ſpiritum

74 335 250 69 ſeruitutis.

114 415 733 61 Vide, alius ſpiritus eſt in ſeruis, alius in filijs, Eynᛘ

64 459 784 61 ander mut und ſynn: filij ſciunt ſe liberos, non timent

68 511 786 61 eiectionem ſui è domo patris, ſunt ſecuri de hæreditaᛘ

68 563 788 61 te, certo ſeiunt ſe habere patrem, & omnia quæ paᛘ

70 611 786 64 tris ſunt, ad ſe quoq; pertinere: Sciũt præterea ſe nõ

69 660 788 66 meruiſſe, ullo in patrem officio, quod hæc ſimul cũ

71 711 786 67 eo poßideant, uerum, ex hoc tantum quod filij ſint.

70 765 787 60 Sed huius hæreditatis & libertatis ius, nemo carna¬

72 809 781 67 lis exprimet, niſi qui ipſe ſe filium Dei eſſe norit·

72 861 786 63 Contra, ſerui nihil habent libertatis, neſciunt qua hoᛘ

72 908 787 69 ra è domo eijciantur. Nõ ſunt enim filij, nihil́ quod

74 958 785 64 in domo eſt, ad eos pertinet, faciunt omnia coacti

76 1011 774 66 & territi, premũtur́ tyrannide moleſtißima legis,

73 1063 781 62 quæ ſemper dicit, fac fac, dilige dilige, ac nequeunt,

73 1113 784 62 cum hoc ipſum filij non audiant, nam per ſe faciunt

75 1163 781 63 omnia & diligunt Deum: quomodo enim non diligeᛘ

74 1212 784 66 rent patrem? Proinde, hic aduerte quàm rotundus ſit

75 1264 782 63 Paulus in argumentis breuißimis, ſeq; mutuo com¬

77 1311 781 66 plectentibus. Primum: Non eſt peccandũ, quia nõ

76 1359 785 67 eſtis debitores carnis. Secundo, Si ſecuti carnem fue¬

73 1413 788 58 ritis, mortemini. Tertio, Si ſpiritu ambulaueritis, ui

72 1462 784 76 uetis· Quarto, Hoc ſpiritu eſtis filij Dei, non ſerui,

701 1523 47 62 M

803 119 39 0 89

864 392 156 76 Filij ſumus

864 454 150 72 non ſerui·
