1179 1851
396 79 623 52 COMMENT· POMER·

317 143 782 54 catum, ut diſcam diffidere meis uiribus, & Dei mi¬

317 193 786 56 ſericordiam inuocare) quod dum bonum facere uolo

324 241 780 60 (quod non ex me, ſed ſpiritu Dei fit) mihi adiunctũ

320 292 781 57 ſit, id eſt, innatum & inſitum in carnem meam to¬

319 343 782 55 tã, malum, id eſt, peccatum, hoc eſt, illud tantum

319 394 782 56 me uelle uideo ſecundum meas uires, quod eſt contra

317 441 784 60 Deum: &, ut in ſumma dicam, partim ſum ſpiritua

318 493 780 58 lis, partim carnalis, neutiquam conuenit inter uolun

318 543 551 58 tatem ſpiritus & uoluntatem carnis.

516 610 386 61 Delectat me lex.

368 675 730 57 Hæc non ſunt carnalis hominis uerba, ſed ſpirituaᛘ

320 718 774 62 lis, quomodo enim delectaretur in lege Dei, caro?

322 771 775 60 cui maxime diſplicet, intelligit ergo per internum hoᛘ

323 823 771 63 minem, nouam creaturam, de qua Chriſtus: Niſi

324 874 529 57 quis renatus fuerit ex ſpiritu ſancto·

120 1007 200 56 Peccatum nõ

117 1057 203 57 planè emori¬

120 1107 200 60 tur in nobis·

414 949 544 64 Sed uideo aliam legem.

339 1043 758 3 Id eſt, eſt alia vis in mea carne, quæ repugnat legi

339 1094 759 3 mentis, id eſt, ſpirituiſancto in corde meo, quæ vis

339 1143 757 3 me captiuum tenet ſub lege peccati, id eſt, video pecᛘ

324 1164 15 45 catum in me mondum eſſe totum mortuum, vivit, &

318 1204 780 60 carnis indulgentia illi adblanditur· Habet caro ſua

324 1254 773 63 deſyderia, quæ hic Paulus legem uocat: habet & ſpiᛘ

324 1309 773 57 ritus, inter quæ duo, nunq conuenit· Spiritus dicit:

326 1358 772 60 Non concupiſcas. Caro dicit: Ego cõcupiſcam· Hæc

324 1406 776 67 cum ſic ſe in nobis habeant, nonne ingemiſcemus cũ

323 1457 251 75 Paulo dicentes?

998 1513 94 57 Miſer
