1191 1839
155 80 633 64 IN EPIST· AD ROM·

147 151 716 70 Ex eo quod uos miſericordiam

86 211 297 75 eſtis adepti.

134 286 731 54 Quia iſtam gratiam uidere non poſſunt, nec ſuſti¬

84 329 777 58 nere commercia Gentium, quas uidebant Idelolatras,

88 380 776 64 unde & magis inuidere illis cœperunt, quic quid con¬

85 433 209 59 tigit gratiæ·

165 487 701 65 Vt & ipli miſericordiam conſe.

139 549 726 57 Scilicet, ubi reſipuerint, in hoc enim ceciderũt,

87 599 781 55 ut per fidem Gentium ad Deum prouocarentur. Ita

85 649 783 57 omnia Deus mirabiliter de nobis inſtituit, quos ſal¬

81 696 787 64 uos uult, hos ſinit ad tempus eſſe blaſphemos, & ir¬

86 747 782 56 riſores nominis ſui: quemadmodum hodie in quibuſ¬

87 797 781 61 dam Iuſticiarijs uidemus, qui non ſolum contemnunt

89 849 777 62 omnia, uerum extremis blaſphemijs in Deum agunᛘ

92 898 468 61 tur, tamen quidam eripiuntur.

807 120 51 2 139

158 956 522 58 Concluſit enim Deus.

138 1016 728 56 Hæc eſt concluſio omnium, quæ uel de Dei gratia,

94 1062 780 63 & noſtra natura dici poßint, qui hanc ignorant ni¬

94 1113 777 63 hil omnino gratiæ cognoſcere poſſunt· Omnes in¬

95 1164 779 56 quit, ſiue Iudæi, ſiue Gentes (nemo eximitur) concluᛘ

95 1212 779 63 ſi ſumus ſub peccatum, inobedientiam, & incredu¬

94 1263 780 60 litatem, tametſi hæc unum ſint, ne quis glorietur

96 1313 784 60 ſe altero ſanctiorem, et meliorẽ coram Deo, ut audeat

100 1364 782 61 ſuis accedere uiribus, & eam quãdo uelit rapere graᛘ

105 1418 777 58 tiam· Facit ergo Deus, nos ad tempus repugnare

107 1468 776 77 gratiæ ſuæ, ut tandem confiſi, plenius naturã gratia

884 1106 112 1 Gratia·
