1190 1867
357.0 101.0 650.0 55.0 COMMENT· POMER·

350.0 168.0 727.0 55.0 Id eſt, à Deo, nam de iudicio Dei, non hominũ,

306.0 216.0 780.0 55.0 dicit, imò deberet me peccatorem exaltare, non damᛘ

305.0 263.0 778.0 60.0 nare, cum hoc agam, ut gloria eius manifeſtior fiat·

298.0 314.0 787.0 60.0 An ueluti peccator iudicor, id eſt, ueluti admiſerim

303.0 364.0 782.0 58.0 aliquid contra Deum, cum pro eo fecerim · Hoc ar¬

307.0 413.0 779.0 62.0 gumentum carnis quiſq; apud ſe inueniet, ubi Spiri¬

310.0 462.0 778.0 65.0 tui ſancto non permiſerit ſe docendum· Prædeſtina¬

310.0 511.0 778.0 64.0 tio offendit carnem, nam non poteſt dicere cum Chriᛘ

308 558 774 76 ſto, Fiat uoluntas tua· AC NON POTIVS·

364.0 615.0 301.0 57.0 Vuer das nit beſſer·

369.0 670.0 655.0 63.0 ( Quemadmodum de nobis.)

117.0 478.0 182.0 50.0 Prædeſtina¬

116 519 183 73 tio offendu

118.0 586.0 139.0 63.0 carnem·

121.0 848.0 187.0 58.0 Bona opera

104.0 899.0 202.0 61.0 non ſunt proᛘ

104.0 944.0 147.0 74.0 hibenda·

358.0 733.0 727.0 55.0 Quando prædicatur Euangeliũ, non poſſunt carᛘ

311.0 773.0 777.0 63.0 nales non dicere, Ecce Apoſtoli & Euangeliſtæ do¬

318.0 827.0 770.0 59.0 cent mala facere, nam prohibent bona opera· Id

319.0 879.0 769.0 59.0 quod & nos audire cogimur hodie, dum tamen non

315.0 925.0 774.0 64.0 opera, ſed fiduciam in opera prohibeamus· Eſt aũt

311 973 771 67 hæc ſententia in parentheſi poſita· DICERE·

360.0 1028.0 236.0 62.0 Id eſt, docere·

493.0 1089.0 380.0 60.0 Faciamus mala.

361 1147 729 55 Nam illud multo melius eſt· VT VENI¬

315 1192 771 60 ANT BONA· Id eſt, oriatur inde gloria Dei¬

473.0 1256.0 454.0 59.0 Quorum damnatio.

348 1311 743 56 Hæc eſt plena ſolutio argumenti carnalis, tametſi

314.0 1357.0 778.0 61.0 quidam putent Apoſtolum id contempſiſſe, & non

317.0 1407.0 776.0 63.0 ſoluiſſe-q·d-qui dicunt, ſi gloria Dei illuſtrior fit,

320.0 1457.0 780.0 72.0 peccabimus, illorũ dãnatio eſt iuſta, quia nolũt reſipi

989.0 1516.0 101.0 59.0 ſcere,
