1184 1840
399 78 618 56 COMMENT· POMER·

460 150 485 66 Quorum ſunt patres.

324 213 753 53 Patriarchæ, Prophetæ, quæ eſt maxima eorũ gloria·

120 349 197 72 Chriſtus De¬

128 444 32 0 us¬

389 262 644 67 Et ij, ex quibus Chriſtus eſt.

374 329 725 55 Hic clare uides dici, Chriſtum Deum eſſe, quis

325 375 774 57 id per totum Iohannis Euangelium tractetur, imò toᛘ

323 423 776 61 ta Scriptura paßim nihil aliud agit, quàm ut id nobis

325 475 777 60 clarum faciat: unde curioſitatis eſſe putauerim, unũ

327 527 773 56 at́ alterum locum tantum in Scrip-in hoc obſeruaᛘ

326 578 768 56 ri. Sed redibunt Arriana tempora, & homines abſ

329 625 771 60 fide, qui negabunt, & Chriſtum & Spiritum, ſciliᛘ

329 679 770 62 cet eſſe Deum, quod quid aliud erit, quàm negatio

330 728 364 59 remißionis peccatorum?

423 783 565 63 Non autem hoc loquor.

383 846 716 54 Vt maxime illi pereant, tamẽ ueritas & Dei pro¬

330 891 771 61 mißio manet firma. Non hic agitur ſecundum præro

331 944 770 56 gatiuas, quas habuerũt Iudæi ſecundum carnem, ſed

332 991 769 59 ſimpliciter ſecundũ Dei uoluntatẽ, qui iuſto ſuo iudiᛘ

332 1042 769 57 cio, carnalem Iſraëlem abijcit, ſpiritualem autem ſuᛘ

333 1093 767 60 ſcipit· Verax eſt Deus in ſuis promißis, quantumuis

330 1145 775 54 etiam multi interim pereant, pertinent enim ad cre¬

334 1192 606 58 dentes, non ad impios, Dei promißiones·

334 1249 768 65 Nõ enim omnes, qui ſunt exlſrael.

129 1331 199 72 niij Abrahæ

385 1313 720 47 Eſt expoſitio ſententiæ præcedentis: nihil Deo cũ

336 1356 769 58 Ifraële ſecundũ carnem, nihil illi cũ ſemine Abrahæ

336 1409 769 55 ſecundũ carnem, & Iſmaël erat filius Abrahæ primo

338 1458 769 73 genttus, nõ tamen à Deo pro filio Abrahæ habetur:

1029 1513 81 61 uult
