1197 1839
170 90 642 69 IN EPUST. AD ROM

166 158 650 75 Simul atteſtante conſcientia.

166 242 704 67 Scilicet eorum quæ dictat quædam eſſe mala.

105 291 770 66 quædam bona. ACCVSANTIBVS. Sci

106 341 392 67 licet, ſi quid mali fecerint¬

323 419 325 81 Excuſantibus.

120 501 762 71 Si quidrecte fecerint, id eſt quod ſibi uellent fieri:nõ

103 552 776 73 dico coram hominibus, id enim eſt hypocriſis, ſed

100 605 776 69 coram Deo. IVXTA EVANGELII

98 656 778 67 mei prædicationem, id enim reuelat peccatum, cum

99 703 769 72 ſit iudiciũ Spiritus ſancti. PER CHRISTVM.

148 753 361 68 Scilicet, qui erit iudex.

839 114 34 59 20

288 839 375 82 Ecce tu ludæus.

146 914 727 68 Non ſolum hoc agit, ut omnes homines peccato

90 967 787 66 res eſſe probet, ſed, ne excuſationem quidem habere

95 1017 766 65 Gentes: excuſari nequeunt, cum dicant, Legem non

91 1065 772 70 habemus. Imo, ut in primo Capite dixit, Legein ha

88 1119 771 66 bent naturæ, potuerunt ex operibus & creaturis cog

90 1172 771 60 noſcere conditorem: cognouerunt igitur, ſed non

89 1217 772 67 ficut Deum glorificauerunt, itaq; ſtulti facti, ad Ido

87 1268 773 62 lolatriam defecerunt, & creaturas pro Deo adoraue

87 1316 775 66 rũt· In hanc cæcitatẽ & alia uitia ſunt lapſi, manſit ni

84 1361 774 74 hilominus in eis cõſciẽtia, quæ talia dãnauitt, ergo ſui

82 1416 776 68 iudices fuerũt, ut uides i fine.1·cap·Qui cũ norint Dei

79 1466 775 75 iuſtitiã & c· Præterea neq; Iudæi habẽt excuſationẽ,

878 1050 195 50 Omnes pecca

872 1093 192 65 tores ſumus·

682 1549 67 61 C 4
