1218 1846
155 688 163 64 Antichriſti

156 746 144 62 regnum.

389 102 640 57 COMMENT· POMER·

457 172 497 59 Imo fulcietur, ut ſtet.

377 234 733 59 Corrigit quod dixeret, cadit·q. d. Chriſtianus in

328 281 781 57 edendis carnibus cadere non poteſt, tamen ut ſtet, à

328 331 778 59 Domino ſuſtentabitur: Dominus infirmiores fide conᛘ

331 379 459 64 fortabit, ut & ipſi intelligant·

393 449 649 70 Potens enim eſt Deus ut ſtet.

416 510 488 65 Scilicet, qui tibi uidetur cadere¬

478 570 463 67 Hic quidem iudicat.

376 633 723 56 Hæc diligentius adnotãda ſunt, propter ea, quæ

334 675 757 63 in·1· Timoth ·4· de regno Antichriſti dicuntur,

330 726 767 60 quod prohibet contrahere matrimontum, abſtinere

327 777 771 58 iubet à cibis &c. Sed dicunt: non prohibemus ma¬

326 826 775 62 trimonium, niſi Clericis. O ſtultos & ineptos, nun

326 875 778 66 quid Clerici non ſunt homines? nunquid illi non ſen¬

326 928 777 61 tiunt carnis moleſttam, quemadmodum laici, quos

327 980 777 52 uocant? an non eſt hoc prohibere matrimonium? Sic

325 1026 779 62 & de cibis dicunt: non tubemus abſtinere, niſi cer¬

324 1075 783 64 tis diebus. Hæc eorum eſt inſipientia, qua ſe produnt

324 1128 780 59 qui ſint: non uiderunt hunc Pault locum, quo uetat

324 1177 777 59 diſcernere inter diem & diem, hinc alios feſtos, alios

327 1228 775 65 profeſtos, hos prophanos uocabant· Quid poteſt coᛘ

329 1278 231 63 gitari ſtultius?

521 1337 372 61 Ille autemidem.

372 1395 726 61 Id eſt, eſt alius qui nõ diſcernit inter diem & diẽ¬

369 1460 670 91 Vnicui ſua mens ſatisfaciat.

990 1534 116 74 Id eſt.
