1191 1841
165 101 619 67 IN EPIST· AD ROM·

92 173 773 53 quæ neſcit, aut de quibus dubitat · Hic nullũ illorũ doᛘ

90 217 776 60 norum magnifacit Paulus, quæ noſtri Papiſtæ in cœlũ

90 270 776 57 ferebant, nempe, caſtitatẽ, edere ſemel in die, in ci¬

92 321 773 52 licio dormire &c· Dona quæ hic numerantur, ſunt

93 368 774 60 dona ſpiritus, quibus proximo ſeruitur, tametſi uideᛘ

89 417 776 57 antur hypocritis eſſe minima & contemnenda, ha¬

90 470 772 55 bent enim ſua, in quæ reſpiciunt, nitentia multa &

90 519 777 59 egregia hypocriſi. Primas itaq́; dat Apl's prophetiæ,

95 569 774 61  eius uſus in primis ſit nobis neceſſarius, is eni pauᛘ

92 621 776 57 perrimus eſt (ut maxime opes poßideat) qui Verbo

93 678 772 45 Dei caret & nõ intelligit, quæ ſit uolũtas Dei bona:

93 719 776 56 aperit aũt nobis Prophetia, Verbi et uolũtatis diuinæ

93 771 775 54 arcana, nã uel Scripturas interpretatur, aut in ſan¬

93 817 777 58 ctis futura prædicit, ad cauendũ ſcandala & Sathanæ

93 867 769 60 aſtus: in ijs, cũ fides omnia penetret & adſequatur,

94 917 773 59 fieri nequit, ut quid inuenias, quod rationi fidei non

96 967 772 60 ſit cõſentaneũ, tamẽ ſi audis quoſdã, qui interpretenᛘ

92 1017 778 58 tur Scripturas, & prædicãt futura, cõtra fidei amuſ¬

94 1067 776 62 ſim, ſcias id non ex Dei, ſed Sathanæ ſpiritu profi¬

92 1117 775 59 ciſci, quales hactenus audiuimus in uniuerſitatibus

94 1168 769 58 Papæ, qui omnes Scripturas, ad Ariſtotelis ſomnia,

92 1218 770 58 exhibebant, & hodie audimus alios, qui ſubtilius, &

94 1268 776 60 alia impoſtura prophetant. Noli igitur credere pro¬

98 1316 771 66 phetiæ, quæ fidei cõſimilis nõ eſt: qui prophetat, in

96 1368 766 60 primis certus ſit, ſe ueritatẽ tenere, qui incertus eſt,

96 1419 767 57 aut qui nõ credit uera eſſe quæ dicit, is mendax eſt,

97 1468 768 84 & falit dlios · Tales Prophetæ fuerunt Ananiæ

796 98 66 67 144

876 382 167 116 Prophetia·
