1204 1839
182 74 619 65 IN EPIST· AD ROM·

84.0 147.0 776.0 59.0 Iari animo, agnoſcẽdo patrem. Non loquitur aũt hie

84.0 193.0 770.0 63.0 de timore eo, quem tantopere commendat Scriptura,

84.0 242.0 768.0 65.0 qui nihil aliud eſt, quàm cultus & Dei reuerentia,

81.0 292.0 774.0 64.0 de quo ſcribitur: Timor Domini expellit peccatum,

81.0 342.0 779.0 63.0 Item: Initium ſapientiæ, timor Domini. Hic timor acᛘ

80.0 389.0 782.0 69.0 cedit Deum, alius ille ſeruilis fugit conſpectum Dei,

79.0 443.0 780.0 62.0 quod in nobis fiebat, ante prædicatum Chriſti Euan

83.0 491.0 774.0 67.0 gelium. Nunc uero quia filiorum timorem habemus,

78.0 543.0 782.0 65.0 accedimus magna cum conſcientiarum lætitia. Op¬

83.0 593.0 500.0 65.0 ponit ita hoc loco filijs ſeruos.

822 121 37 5 90

82.0 658.0 743.0 78.0 Sed accepiſtis ſpũm adoptionis.

132.0 729.0 724.0 61.0 Id eſt filiationis, ſi dicere liceret, per quem ſumus

81.0 774.0 774.0 64.0 adoptati in filios, & quemadmodum Chriſtus natu¬

78.0 825.0 779.0 62.0 ra eſt filius, ita nos adoptione: neq; minus tamen ha¬

80.0 872.0 777.0 63.0 bemus iuris aut hæreditatis, quàm ipſe, omnes ex

78.0 920.0 780.0 66.0 æquo cõplectitur nos unà cum ipſo pater, nihil ille ha

77.0 972.0 780.0 67.0 bet quod nos non habeamus, nihil ille uult, quod nos

79.0 1022.0 776.0 70.0 detrectemus. PER QVEM. Scilicet, ſpiri¬

80.0 1073.0 283.0 60.0 tum nobis datum,

309.0 1143.0 281.0 54.0 Clamamus.

120.0 1197.0 734.0 58.0 Scilicet, ad Deum patrem, fidelt corde, qui cla¬

79.0 1242.0 775.0 69.0 mor fit etiam clauſo ore: nam & Moſes legitur clauſo

78.0 1295.0 360.0 55.0 ore ad Deum clamaſſe.

300.0 1354.0 306.0 61.0 Abba pater.

73.0 1409.0 780.0 64.0 Syrũ eſt Abba, quo et Hebræi utũtur, πα τίρ Græcũ,

74.0 1454.0 781.0 84.0 Puto uero Paulum ijs uſum noibus, quæ idẽ ſignificãt

668.0 1529.0 73.0 51.0 M2
