1202 1846
119.0 1275.0 203.0 67.0 Crux ſaluta¬

123.0 1326.0 60.0 66.0 ris.

389 84 637 57 COMMENT· POMER·

332.0 152.0 770.0 55.0 Huius ratio quodammodo, & in ſpiritu noſtro depreᛘ

330.0 196.0 770.0 62.0 benditur, qui nihil externum admittit, uerum quic¬

333.0 245.0 762.0 64.0 quid continet per Verbum, hoc eſt ſolius Dei: eſt́

331.0 296.0 765.0 63.0 in eo lux illa inacceßibilis, quam ne oculus, ne

332.0 349.0 769.0 59.0 auris, aut cor humanum capiat. Sed diligenter eſt uiᛘ

330.0 399.0 771.0 58.0 dendum, ne hunc ſpiritum, aut Sanctum ſanctorum

332.0 450.0 768.0 58.0 noſtrum, occupent Aßirij, id eſt, humanæ traditioᛘ

332.0 498.0 769.0 64.0 nes, quibus obnoxius iam non eſt ſpiritus Dei, ſed Saᛘ

331.0 550.0 770.0 59.0 thanæ· Ergo orandum eſt, ut hic nõ ratio, aut quid

331.0 599.0 766.0 61.0 dam carnale dominetur, ſed ſolus Deus, cuius ſpiriᛘ

331.0 649.0 771.0 62.0 tus certum reddit noſtrum ſpiritum, quod ſumus filij

329.0 700.0 773.0 64.0 Dei: Si filij, ergo & hæredes, id eſt, poſſeſſores oim

333.0 751.0 771.0 64.0 quæ ſunt patris, nempe cœli, terræ, omniumq; creaᛘ

329.0 800.0 777.0 61.0 turarum· Præterea non tantum hæredes Det, ſed et

330.0 848.0 774.0 66.0 Chriſti cohæredes, id eſt, quo iure & poteſtate ille

330.0 904.0 776.0 58.0 omnia poßidet, ita & nos· Quæ igitur creatura plus

327.0 949.0 783.0 62.0 bonoratur, quàm Chriſtianus, an maior poßit alicui

327.0 1000.0 783.0 61.0 contingere gloria à Deo? Tamen fit perſepe, ut tenᛘ

329.0 1052.0 779.0 60.0 tatio & crux eam obſcuret. Beatus ergo ille, qui inᛘ

332.0 1097.0 653.0 70.0 finem perſeueraturus eſt. Sed hæc hactenus·

518.0 1173.0 388.0 65.0 Siquidem ſimul.

377.0 1247.0 733.0 61.0 Suauißimæ hæ ſunt conſolationes, ne aut in cru¬

330.0 1296.0 777.0 67.0 ce ſuccumbamus, aut peccato obſequamur: nos, in¬

328.0 1346.0 781.0 66.0 quit, certi ſumus, & in hoc, quod ſimus cohæredes

326.0 1395.0 787.0 70.0 & fratres Chriſti, quia affligimur tota die, quemad

325.0 1449.0 789.0 77.0 modum ipſe adflictus eſt, ſolicitamur per carnem ad

918.0 1518.0 189.0 50.0 peccandum
