1159 1833
165 82 625 58 IN EPIST· AD ROM·

100 152 767 56 ut ſic per mortẽ ad uitã properemus. At interim raᛘ

98 197 769 61 tio ordinis eorũ, quæ hic tractat Paulus, ſemper tibi

97 247 772 65 propoſita ſit, nã cũ de hoſtia loquitur, de re quadã

93 298 774 60 eximia, quæ ad ſolos Sacerdotes pertineat, loquitur¬

95 349 774 58 Scit Chriſtianos iã antea omnes, inunctos eſſe oleo ſpiᛘ

93 396 776 63 ritus lætitiæ, conſecratos ſoli Deo per fidẽ, ideo nunc

92 449 777 63 iubet, ut quoq ea agant, quæ ſunt inunctorũ & cõ

93 498 776 63 ſecratoru, nempe, ut exhibeant oblationes eas, quas

92 547 768 60 Deus offerri ipſis mandauit, quæ aliud non ſunt, 

93 597 775 61 ipſa eorum corpora, quæ, quia omnes ſumus Sacerdo

91 646 770 62 tes, ſunt talia ſacrificia, ut omnino ea grata à nobis

92 697 771 60 accipiat Deus, propter unicum & ſacroſanctum ſa¬

93 746 773 60 crificiũ Chriſti, qui ſemel oblatus eſt pro nobis omni¬

95 797 773 56 bus in cruce: in huius mortẽ ſumus baptizati, eſt illa

92 844 773 61 noſtra facta mors, uictima huius, noſtra eſt, niſi enim

92 894 768 59 ea uera fuiſſet uictima, id eſt, niſi illa placuiſſet patri,

93 943 771 64 non poſſet hæc noſtra uictima, id eſt, corporum noᛘ

95 995 768 62 ſtrorum mortificatio, grata eſſe patri. Vocat uero

92 1045 726 61 hanc hoſtiam uiuentem, ut ſcias aliam hanc eſſe,

94 1094 770 62 quæ olim in lege offerebantur: hoſtiæ illæ non erant

91 1144 772 61 uiuæ, noſtra autem uiua eſt, id eſt, talis, quæ mortifi

89 1196 773 60 cando & moriendo uiuificetur. Dum enim offerimus

91 1247 772 61 & occidimus noſtra corpora, interim ſemper magis

91 1295 772 63 uiuificantur, & abeunt in ſpiritum paulatim, ſæui¬

89 1344 773 62 unt adfectus carnis in ſpiritum, ſed ſenſim tantum deᛘ

92 1397 771 59 ficiunt, dũ ſic uerbo mortificantur. Ergo multo ſunt

91 1448 772 67 digniora hæc ſacrificia Noui Teſtamenti, ſacrificijs Veᛘ

86 1496 370 69 teris-Præterea uult eſſe

804 71 59 72 140

871 624 172 65 Sacrificium

873 676 123 68 Chriſti·

735 1511 7 47 4
