1176 1813
161 65 608 60 IN EPIST· AD ROM·

784 72 39 56 96

85.0 137.0 747.0 57.0 enim tantum ſuam gloriam, & utilitatem quærunt,

83.0 184.0 757.0 58.0 hon Dei· Alludit autem hic Apoſtolus ad legis obla¬

83.0 235.0 756.0 60.0 tiones, ubi non totus fructus offerebatur, ſed primi¬

84.0 285.0 758.0 60.0 tiæ fructuum· Chriſtus totum habet ſpiritum, non ad

82.0 336.0 761.0 59.0 menſuram, nos autẽ primitias tantum & guſtũ quen

85.0 387.0 763.0 59.0 dam ſpiritus, ad menſuram, quibus contra peccatũ

86.0 436.0 763.0 62.0 pugnamus, donec totum aboleatur: baptiſmus durat

89.0 485.0 556.0 59.0 interim per omnem uitam, hinc addit

83.0 553.0 771.0 74.0 Et nos ipſi in nobis ipſis gemimus.

132.0 628.0 720.0 51.0 Id eſt, intus in corde noſtro, ſuntq́; hi gemitus

88.0 666.0 766.0 63.0 Spiritus ſancti, nam aliãs nequaquàm, cum habea¬

89.0 722.0 766.0 58.0 mus ferreum cor, ullus gemitus propter peccatum

87.0 770.0 482.0 62.0 edi poſſet. Sed quare gemimus?

89.0 840.0 775.0 68.0 Adoptionẽ filiorum expectantes.

142.0 905.0 720.0 55.0 Non intellige quod dicat, nos nondum eſſe adopᛘ

90.0 952.0 772.0 59.0 tatos, uerum quod adoptio noſtra nondum ſit reuelaᛘ

89.0 1002.0 771.0 61.0 ta: ſumus uere iam filij Dei per fidẽ, ſed non palàm

93.0 1052.0 769.0 62.0 factum, primum autem illud in reſurrectione manife¬

94.0 1104.0 770.0 61.0 ſtum fiet· Quid autem ſperamus futurum in illa reueᛘ

91.0 1154.0 564.0 60.0 latione adoptionis? nihil aliud, quàm

122.0 1222.0 748.0 67.0 Redemptionem corporis noſtri.

872.0 933.0 201.0 61.0 In reſurrectio

871.0 981.0 204.0 68.0 ne palàm fiet

872.0 1033.0 200.0 71.0 nos filios eſſe

142.0 1288.0 734.0 54.0 Id eſt, tum redimetur hoc noſtrũ corpus à ſerui¬

88.0 1333.0 786.0 59.0 tute & corruptione & petõ, quod impoßibile eſt fieᛘ

87.0 1385.0 789.0 58.0 ri in hac uita. Quare, ut maxie doleamus et ingemiſcaᛘ

86.0 1434.0 788.0 83.0 mus ob hæc oia, malimuſ eſte liberi, audiẽda ẽ uox
