1194 1840
156 79 629 69 IN EPIST· AD ROM·

134 216 726 67 Scilicet, id factum eſt, aut cur non peruenerunt

90 257 279 66 ad legem iuſticiæ?

215 150 331 71 Propter quid ?

225 319 398 66 Quia non ex fide.

135 378 482 59 Scilicet, ſectabantur iuſticiam·

148 437 613 63 Sed tanquam ex operibus.

136 496 726 59 Id eſt, putabant iuſticiam, operibus comparari,

86 539 775 66 quod tamen eſt contra totam ſcripturam: in hoc itaq

89 590 768 66 falſi ſunt ·IMPEGERVNT ENIM·

82 640 247 59 Scilicet, ludæi·

212 697 518 70 In lapidem offendiculi.

130 759 727 62 Scilicet, qui ſemper manet, Chriſtum: quibuſdam

78 801 779 63 enim eſt ſalus, uita, & reſurrectio: multis autem ruiᛘ

78 854 779 61 na & offendiculum. Debebant uero Iudæi permoueri

79 901 778 58 per hoc, quod Propheta dixerit duabus domibus Iſ¬

79 955 776 62 raël, et non Gentibus, id quod ipſi libenter tulißent·

80 1002 770 70 Vide quæ Simeon dicat in Luca de Chriſto, & quæ

78 1050 232 65 hic ſequantur·

804 73 58 88 116

201 1125 432 71 Ecce ponoin Sion.

865 783 197 81 Chriſtus alijs

865 851 198 70 ſalus alijs of¬

865 904 189 78 fendiculum·

117 1187 732 64 Id eſt, in Eccleſia mea, in populo meo, non ie

76 1234 775 66 Gentibus, quæ adhuc populus non ſunt, id quod

73 1283 771 74 horrendißimum eſt, nempe, in Chriſtum offendere,

73 1338 336 63 qui proximi uidentur·

134 1395 518 64 Et petram offenſionis.

93 1457 745 83 Ideſt, in quem impingant, & ad quẽ offendãtiæ.

705 1525 24 58 4
