1210 1844
166 102 633 68 IN EPIST. AD ROM.

813 82 49 88 175

99.0 175.0 771.0 55.0 rum, nunc poſtquàm dies illuxit, & uerus pontifex,

101.0 222.0 769.0 60.0 de quo omnes Scripturæ teſtimonium perhibebant,

104.0 270.0 767.0 62.0 in id ingreſſus eſt, nihil eſt obſcurũ ijs qui credunt,

103.0 324.0 768.0 62.0 tametſi omnia interim maneant abſcondita & myſteᛘ

105.0 371.0 264.0 61.0 rium incredulis.

228.0 443.0 489.0 73.0 In obedientiam fidei.

155.0 522.0 727.0 61.0 Id eſt, obediant fidei omnes Gentes. SOLI·

108.0 571.0 767.0 67.0 Scilicet, ſit gloria, nam is incipit & operatur &

107.0 626.0 776.0 61.0 perficit omnia, ergo ipſi merito debetur gloria & noᛘ

105.0 674.0 779.0 63.0 men, ſed per Chriſtum Ieſum, per quem ſolum om¬

106.0 721.0 777.0 66.0 nia à Deo ſuſcipiantur. Nõ offendat quenquam, quod

109.0 774.0 776.0 59.0 & ſupra Romanos ſapientes dixit: nam ſoli Deo tri¬

105.0 820.0 778.0 66.0 buitur ſapientia, ut proprium quiddam, nobis uero

107.0 872.0 774.0 65.0 ut donum, quod non ex nobis, ſed Deo ipſo eſt, qui

108.0 920.0 767.0 66.0 eſt fons uniuerſæ ſapientiæ: ita gloriemur & nos eſᛘ

111.0 974.0 760.0 63.0 ſe ſapientes, ſed ex Deo, in hoc ſaltem, ut ipſum cogᛘ

112.0 1024.0 761.0 70.0 noſcamus, & glorificemus nomen eius & imperium,

171.0 1074.0 652.0 65.0 uſ in diem Domini noſtri Ieſu Chriſti, quo

218.0 1124.0 564.0 66.0 patefiet in omnibus fidelibus Dei ſapi¬

264.0 1176.0 464.0 64.0 entia, in impijs uero ſtultitia &

310.0 1225.0 375.0 67.0 ignorantia nominis eius

431.0 1280.0 121.0 69.0 Amen·
