1159 1845
115 106 651 58 IN EPIST· AD ROM·

110.0 176.0 722.0 57.0 Quoties Paulus ſic loquitur, Chriſtũ mediatorem

69.0 220.0 769.0 67.0 facit, quare nõ opus eſt, ex uno atq; altero loco ſcriᛘ

66 273 772 65 pturæ urgere pontificatum Chriſti, cũ is in mille locis

67.0 325.0 769.0 59.0 clarißime exprimatur· In talibus locis ubiq; Paulus

68.0 373.0 772.0 63.0 oſtendit nos nihil poſſe, noſtra opera nihil eſſe· Vn¬

68.0 427.0 768.0 64.0 tam Sophiſtæ id ſolum aduertiſſent, cur ſemper per

70.0 475.0 296.0 55.0 Chriſtum dicatur.

268.0 533.0 369.0 66.0 In toto mundo.

120.0 607.0 725.0 60.0 Vulgata eſt in ſcrip·hyperbole, Latine diceretur

72.0 654.0 776.0 66.0 ubi ·q· d·quocun uento, iſtic mihi de ueſtra fideᛘ

73.0 708.0 774.0 59.0 dicitur· Itaq hic iterum uides Epiſcopi ueri officiũ,

73.0 758.0 779.0 60.0 non ſolum curantis, ut credant, ſed ut quoq; pro¬

76.0 808.0 774.0 62.0 grediantur: ut quod prædicando nõ poteſt efficere,

78.0 859.0 271.0 68.0 præſtet oratione.

804 109 31 52 8

857.0 212.0 186.0 63.0 Pontificatus

852 253 117 82 Chriſti.

351.0 914.0 176.0 56.0 Teſtis.

127.0 975.0 732.0 58.0 Hic manifeſte iurat Paulus, dum Deũ teſtẽ citat·

80 1018 786 67 Nobis uero nõ licet iurare, neq; per Deũ, ne perᛘ

81 1073 785 66 ullam creaturam noſtra cauſſa· Item nec contendere

84.0 1123.0 781.0 59.0 in tudicio, iuxta dictũ Matth·5· Et certum eſt, Chriᛘ

83.0 1175.0 777.0 58.0 ſtianos nõ pro ſe & ſuis contendere· Paulus uero &

87.0 1223.0 779.0 61.0 Chriſtus, itẽ Christiantiurãt propter nos: quẽadmoᛘ

88.0 1276.0 780.0 58.0 dũ & Deus in Veteri Teſtamento, iurauit per ſemetᛘ

93.0 1325.0 774.0 60.0 ipſum (nam maiorẽ ſe non habet ) ut confirmentur

93.0 1376.0 777.0 58.0 cõſcientiæ noſtræ·Tanta eſt Dei miſericordia, ut nõ

92.0 1424.0 778.0 64.0 ſolum promittat, ſed & iuret noſtra cauſſa, cum alteᛘ

85.0 1474.0 784.0 69.0 rum ſatis eſſet· Hic Paulus irat noſtra cauſſa, ut creᛘ

73.0 1527.0 295.0 69.0 damus uerbo illius.

872 994 197 91 Iurare in scriᛘ

878 1119 188 1 ptura quid ſit
