1193 1843
408.0 110.0 624.0 57.0 COMMENT· POMER·

328.0 177.0 775.0 53.0 tem deceat eſt cernere. Ipſe enim non infirmos, imò

328.0 223.0 775.0 59.0 nec impios et iniquos, abiecit, ſiquidẽ iniquitates oim

328.0 272.0 775.0 63.0 ipſe portauit· Itaq; in hoc exemplũ imitemur, neminẽ

327.0 325.0 774.0 61.0 cibo offendamus, feramus æquius aliorũ errata, imò

328.0 373.0 770.0 62.0 & peccata in nos cõmiſſa, nõ etiã noſtra quæramus,

329.0 422.0 713.0 72.0 quod ſine fratrum damno haud unq̃ fieri poteſt·

392.0 487.0 710.0 68.0 Debemus autem nos, qui po¬

329.0 541.0 325.0 74.0 tentes ſumus.

378.0 608.0 728.0 56.0 Scilicet, fide, unde & mores bont & Chriſtiani

327.0 657.0 775.0 60.0 emanant Temperat enim hæc & uitam & totam eoᛘ

327.0 705.0 477.0 58.0 rum externam conuerſationem·

389.0 762.0 616.0 63.0 Infirmitates impotentium.

334.0 821.0 765.0 60.0 Id eſt, illorum, qui nondum ſunt ſatis firmi in fide,

330.0 866.0 374.0 61.0 & moribus Chriſtianis·

410.0 930.0 607.0 60.0 Ac non placere nobiſipſis.

375.0 991.0 725.0 52.0 Id eſt, non debemus uti noſtro iure aduerſus pro¬

329.0 1034.0 774.0 58.0 ximum, hoc enim & meliores & potentiores uidert

329.0 1086.0 771.0 53.0 uolumus, qui adfectus non eſt charttatis in fratres.

329.0 1134.0 770.0 57.0 Qui ſibipſis placent, neceſſe eſt, ut alios contemnãt,

326.0 1184.0 774.0 62.0 cum potius ſe illis ſubmittere debebant, omniaq́; pro

329.0 1234.0 770.0 63.0 pter eos fieri. Non ſunt ergo Chriſti, qui talia nõ obᛘ

327.0 1286.0 775.0 61.0 ſeruant, nam Chriſti exemplũ negligũt, id eſt, nihil

326.0 1337.0 771.0 73.0 infide, ſed cõtemptu oia agunt. Subijcit aũt rationẽ¬

364.0 1407.0 734.0 74.0 Nãunuſquiſ noſtrũ proximo

337.0 1474.0 758.0 77.0 placeat in bonu ad ædificationem.

929.0 1543.0 163.0 62.0 Id agamus
