1173 1847
133 106 628 71 N EPIST· AD ROM·

69 175 772 61 habuiſſe pacem cum hoſtibus Euangelij, Papiſtis ſci¬

68 222 768 64 licet? taceo Euangelium: ut mala doctrina, ita &

68 269 468 70 ſcandalo fit deſtructio aliorum·

262 333 349 68 Ne cibi cauſſa.

115 391 730 66 Opus Dei eſt infirmus, quia fidẽ habet, eſt́ temᛘ

72 442 769 60 plum Dei, hunc non ſolum creauit Deus, ſed & re¬

79 490 559 64 generauit, imò pro eo mortuus eſt.

211 551 481 65 Omnia quidem pura.

120 611 733 63 Non abutamur Chriſtiana libertate, quamuis ſciaᛘ

70 656 783 69 mus omnia munda eſſe mundis: non cõtemnamus fraᛘ

72 705 776 69 trem, dicendo: mihi liberum eſt quibusuis ueſci: ueᛘ

72 755 778 62 rum infirmi rationẽ habeamus, quod Deus nobis præᛘ

74 808 769 59 cepit: non eſt quod hic tua fides omnia ſibi ſumat,

75 856 772 70 quin magis fides infirmior fratris curanda eſt, hinc

80 906 132 82 ſubijcit·

780 115 49 71 159

233 964 451 67 Malum eſt homini.

122 1023 725 62 Id eſt, propriæ conſcientiæ eſt in damnationem.

129 1085 714 51 QVI PER OFFENDICVLVM. Si of

81 1126 291 62 fendat proximum.

858 657 196 3 infirmorũ haᛘ

858 709 192 3 benda ratio·

242 1184 451 61 Bonum eſt homini.

120 1245 728 53 Hebraico more, pro melius eſt, illa non edere, ac

77 1286 773 65 bibere, ſi uideat fratrem infirmum illis offendi. IM

79 1338 770 61 PINGIT. Metaphoricôs dicitur, quemadmodum

81 1389 767 64 in lapidem inpingimus: ſic corda quando intelligunt

82 1441 763 65 aliquid indignum geri, inpingunt & offenduntur¬

129 1502 576 61 INFIRMATVR. Scilicet, fide»
