1183 1838
137 90 632 60 IN EPIST· AD ROM·

69 156 773 60 ciarijs Papiſticis, ut confundantur cum ſuis traditioni

69 201 774 63 bus, nam ſi non eſt iuſticia ulla ex operibus diuinæ leᛘ

74 252 768 70 gis, ut euidentiſſime Paulus probat, multo minus ex

73 307 350 67 traditionibus humanis·

325 423 259 86 Et ſignum.

103 518 747 65 Occupatio eſt, Ad quid ergo erat utilis circunciſio

80 570 763 64 Abrahæ, ſi ex ea non fuit tuſtificatus? Habes hic inſigᛘ

78 621 768 63 nem locum, de ſignis externis, quales fuerunt fere

78 673 772 58 olim omnes ceremoniæ Iudæorum, & hodie noſtra

79 721 773 62 Sacramenta, quæ non iuſtificant per ſe, ſicut nec uerᛘ

81 772 769 62 bum externe auditum per ſe, ſed ſunt certißima ſig¬

81 821 772 60 na internæ iuſticiæ-Sic Abraham accepit ſignum il¬

78 866 775 68 lud externum in præciſione pelliculæ ſuæ, in ſignum

78 915 780 68 illius iuſticiæ, quam intus habebat in corde· Sgnificaᛘ

76 963 783 72 batur ipſi Abrahæ tantum illo ſigno iuſticia uera, ſed

81 1020 777 62 per ſe non erat iuſticia, Item per illud agnoſcebatur

80 1068 780 66 populus Dei· Verum quia huiuſmodi ſigna ſæpe fal¬

79 1121 781 60 lere poſſunt, fit ut hypocritas plerun faciant· Sed

81 1167 777 67 tunc ſigna dici poſſunt, non aũt ſigna Dei·Quan

81 1214 767 69 quam nec ſigna quidem uere ſunt, ſi nihil intus ſit,

82 1269 779 62 quod uere ſignificent, ut uideamus Sacramenta Dei

81 1317 781 64 idem efficere, quod uerbum externum, loquun¬

80 1366 778 63 tur enim nobis, quaſi Verbum Dei, teſtificantia bo¬

82 1422 776 56 siam uoluntatem Dei erga nos, ut non dicam,

84 1467 774 70 quod ſine Verbo Dei nihil eſſent: fide faſceptum

860 637 195 85 Stguorũ uſus.

804 125 38 5 40
