1204 1851
436 102 620 54 COMMENT· POMER·

479 227 560 49 CAP.VIII.

365 369 84 2 H

455 277 685 58 IC longius perſequitur, quod antea dixerat¬

464 320 675 59 Gratias ago Deo per Chriſtum· q·d· Pec¬

359 377 782 56 catum in me eſt, in quod dum uideo, concutior horroᛘ

359 427 781 57 re, ſentioq́; damnationem: at cum in Dei gratiã ocuᛘ

359 476 778 58 los dirigo, uideo nullam damnationem Eſtq́; hoc proᛘ

358 526 779 61 prium ſanctorum, qui non negant ſe habere pecca¬

362 572 775 60 tum, & peccatores eſſe, quod magna lætitia ſpiritus

361 625 777 57 dicant: Nulla eſt in nobis condemnatio, peccatum nõ

361 674 778 64 poteſt nos damnare, ut maxime in nobis ſit· Siqui ¬

359 724 779 60 dem eſt ſpiritus Chriſti in nobis, cut diſplicet pecca¬

359 772 775 65 tum, non poſſet autem diſplicere, niſi id ex Deo ha¬

361 827 775 58 beremus. Natura ita ſumus adfecti, ut oblectatio

365 878 771 59 quædam ſit nobis in peccato, ſecundum ſpiritum ue¬

361 928 774 59 ro, eſt ſummus cruciatus & diſplicentia· Stulti ergo

360 976 775 62 funt, qui ſanctis peccatum adimunt: eſt uere in illis

364 1027 774 62 peccatum, ſed ſine condemnatione: ſunt filij Dei, nõ

365 1079 774 59 ſerui, ut olim ſub Moſe, quod in reſurrectione pa¬

364 1130 777 57 lam fiet. Non ſunt ergo prædicatores gratiæ, ſed con

364 1181 777 59 temptores, quicun docent, ſanctos abſq; pecca¬

366 1229 774 61 to fuiſſe, contra fidem ſacrarum hiſtoriarum·Quo¬

366 1280 775 56 modo enim non reſiliremus à Dei miſericordia, ui¬

367 1328 771 64 dentes illos quaſi non peccatores, ſaluos eſſe factos?

367 1384 773 56 Vna ſumus cum his maſſa & caro peccati, quod ut

368 1430 773 67 glorificetur Dominus, nos confiteri aduerſus Satha¬

366 1485 216 61 nam oportet·

152 586 208 58 Sancti quoq

150 648 172 58 peccatores

150 688 93 67 ſunt.

952 1535 186 63 Nulla igitur
