1211 1844
397 94 642 57 COMMENT· POMER·

442 155 532 112 CAP.VII.

342 358 78 5 H

428 270 664 50 Oc caput, cum multis fuerit difficile intelleᛘ

330 314 769 59 ctu, pauci́ poſt Apoſtolorum ſeculum ſen¬

328 366 772 58 tentiam illius attigerint, ſatis indicat, ſolum Chriſtũ

329 417 765 56 habere clauem ſcientiæ, qua nobis omnia aperit &

330 467 770 55 reuelat· Reuelata enim ratione fidei, ſimul omnia

330 516 768 59 quoq; myſteria regni cœlorum aperuit· Eſto, ſint

327 567 775 57 aliqua in Scrip·quæ non ſatis intelligam, ex clarto

326 616 776 56 ribus locis petam· Sunt uero aperta & clara uerba

328 663 773 58 Capitis, ſi quis uideat, eademq́ res multis uerbis reᛘ

328 716 771 56 petitur, tametſi docti quidam noſtris temporibus ſuis

327 760 771 62 ſcriptis, ea ſe non intelligere, teſtati ſint· Prior igi¬

330 809 765 66 tur pars Capitis ſimilitudinem de cõtugio habet, qua,

325 860 773 65 quæ dicta ſunt in ſuperiori Cap·declarãtur· Eſt́ ea

326 912 776 59 fere ſententia· Quemadmodum mulier, mortuo ma¬

326 964 775 59 rito, libera eſt à iure illius, ita, ut & liceat ipſi, al¬

326 1015 770 60 tert nubere: Sic nos per Chriſti mortem, legi quo

328 1065 776 57 ſumus mortui, & eius iuri, id eſt, liberi ſumus à le¬

333 1114 751 60 ge, inſitiq; Chriſto, hoc eſt, nouo cuidam marito,

327 1163 772 61 nempe Chriſto nupſimus, & in eius regnum, quod

327 1210 763 63 iuſticiæ eſt, translati ſumus· Decet igitur, ut iam,

327 1265 771 57 quæ nouo marito, nõ mortuo, placcant (quid enim

325 1314 774 60 illi iam uita functo placeret?) faciamus, utpote iuſti¬

326 1363 773 62 ciæ fructus· Quid igitur ſtulte cauſabitur caro, li¬

324 1412 775 68 beri ſumus à lege, ergo peccandum? Sed hæc textus

324 1460 206 67 clarius dicet.

122 791 199 69 Mors Chriſti

121 843 200 83 à lege liberat
