1209 1840
433.0 78.0 640.0 57.0 COMMENT· POMER·

350.0 148.0 777.0 53.0 in illius damnatione perpetuo. Lex dicit: Non concuᛘ

349.0 194.0 773.0 57.0 piſces, hanc legem, niſi in te mortuam uideas & ab

346.0 244.0 779.0 58.0 rogatam per Chriſtum (quod fit, ubi integro & canᛘ

347.0 296.0 777.0 57.0 dido es animo in proximum, & in quem ſi fieri poſᛘ

349.0 344.0 769.0 58.0 ſet te totum uelis profundere omni propenſione et ofᛘ

350.0 394.0 771.0 63.0 ficio) ſemper odio habebis Deum, dicesq́; ipſum maᛘ

348.0 440.0 276.0 64.0 lam tuliſſe legem·

482.0 503.0 490.0 67.0 Siquidem abſ lege.

395.0 564.0 723.0 53.0 Id eſt, cum mihi lex nondum eſſet reuelata in corᛘ

347.0 606.0 773.0 59.0 de, quæ non eſt lex literæ: lex enim tum eſt uere lex,

346.0 654.0 779.0 65.0 quãdo mihi eſt lex, id eſt, cum reuelat mihi iram Dei

348.0 711.0 433.0 59.0 in corde propter peccatum·

442.0 767.0 586.0 62.0 Peccatum erat mortuum.

395.0 826.0 726.0 57.0 Non agnoſcebatur per me, nec eram eius mihi cõᛘ

348.0 873.0 554.0 60.0 ſcius, nempe peccati concupiſcentiæ·

413.0 933.0 707.0 74.0 Ego autem uiuebam line lege

349.0 995.0 257.0 68.0 quondam.

397.0 1056.0 721.0 57.0 Id eſt, abſ reuelatione peccati, uide in Philip¬

345 1097 768 69 & Gal. Viuebam inquam in carnis iuſticijs, eram́

345.0 1153.0 778.0 63.0 optimus Iudæus, & in ſpeciemuir ſanctus·Attamen

346.0 1201.0 780.0 63.0 id fiebat ſine lege, non uidebam illos malos cordis ad

347.0 1251.0 773.0 63.0 fectus in me· Tales nos hactenus fuimus Hypocritæ,

348.0 1304.0 774.0 59.0 putabamus legem tantum externa opera bona exigeᛘ

346.0 1354.0 777.0 60.0 re, non cor integrum & purum: quiſq in ſeipſum

346.0 1402.0 780.0 68.0 dirigat aciem, & intelliget ſe olim non habuiſſe ullã

345.0 1454.0 485.0 81.0 conſcientiam de concupiſcentia·

967.0 1512.0 154.0 59.0 Veniente
