1199 1853
140 94 643 60 IN EPIST· AD ROM·

814 136 31 2 37

77.0 164.0 778.0 60.0 iuxta dictum Eſaiæ· 12·Haurietis aquam de fontibus

80.0 204.0 177.0 72.0 ſaluatoris·

297.0 264.0 300.0 71.0 Eum qui eſt.

128.0 333.0 722.0 74.0 Id eſt, qui credit in Chriſtum, eſt Paulina phraſis·

226.0 409.0 464.0 74.0 Vbi igitur gloriatio·

74.0 479.0 783.0 63.0 Hic omnino carnem confundit, aufert enim omnem

78.0 532.0 779.0 63.0 gloriam, cum à Gentibus, tum à Iudæis, non poteſtᛘ

74.0 580.0 783.0 67.0 tam gloriari Ethnicus de ſua ciuili iuſticia, ne Iu¬

73.0 632.0 780.0 65.0 dæus de operibus legis, nihil in te inuenies, quo teᛘ

74.0 680.0 778.0 71.0 præpares ad gratiam, ut illi ſomniarunt· Ideo reſponᛘ

75.0 730.0 171.0 67.0 det Paulus

307.0 789.0 281.0 69.0 Excluſa eſt.

126.0 848.0 665.0 66.0 Id eſt, nulla eſt, ſiue huc, ſiue illuc reſpicias·

243.0 910.0 416.0 65.0 Per quam legem.

127.0 967.0 720.0 57.0 Id eſt, quo iure eſt excluſa. OPERVM·

127.0 1010.0 725.0 66.0 Id eſt, quia tu opera quædam ſectaris, quæ Deus

73.0 1056.0 275.0 67.0 in lege præcepit.

270.0 1123.0 372.0 63.0 Per legem fidei.

123.0 1182.0 727.0 59.0 Improprie ſic dicit Apoſtolus, id eſt, per ſpiritũ

71.0 1227.0 776.0 63.0 quo credimus in Ieſum Chriſtum. Sicut iuſticiarij ſeᛘ

70.0 1277.0 771.0 60.0 adſtringunt ad ſua opera, ſic pij ad fidem in Chri¬

72.0 1326.0 773.0 65.0 ſtum, ſola enim fides efficit, ut poßimus gloriari de

71.0 1379.0 774.0 61.0 Deo, non noſtra opera. Hæc facit me eſſe unum cum

70.0 1429.0 774.0 60.0 eo, omnia ex illo accipio, ergo ego nihil habeo de

67.0 1477.0 772.0 72.0 quo glorter, hoc hypocritæ non uident ne́ poſſunt.

661 1545 62 54 E 5
