1218 1846
192 78 637 75 IN EPIST· AD ROM·

326 142 182 81 In lege.

187 209 705 62 Id eſt, Iudæi, quibus data eſt lex, iudicabuntur

118 259 770 64 per eam legem: eſt enim Moſes qui ipſos accuſat·

115 311 777 61 Excæcabat eadem opinio Gentes & Iudæos, Gentes

115 359 777 64 dicebant, qui benefacit, bonus eſt, ſic & iudæi· Sed

116 412 776 63 interim nõ intelligebant, quæ eſſent bona opera, quod

116 462 778 62 uidere potuiſſent, ſi nõ fuiſſent excæcati, Nempe ſeᛘ

118 512 777 62 non amare legem, ſed omnia facere quodam faſtidio

116 563 438 58 & odio cordis aut amore ſui·

322 613 324 73 Qui audiunt.

164 676 723 61 De externo auditu intellige, prædicatur eis lex,

112 726 777 62 legunt, ſed fruſtra· Aliãs ſæpe, audire, in ſcripturis

114 778 767 60 credere eſt, ut Audiifrael &c· FACTIS·

166 825 279 64 Id eſt, operibus·

859 90 32 63 19

373 884 205 70 Legem.

161 939 727 65 Id eſt, id qd’lex requirit, nempe, ne cõcupiſcãt,

108 992 782 61 id eſt, ne ſcortentur corde, bene uelint proximo· Viᛘ

107 1041 778 64 ua illa ſunt facta Chriſtianorum, ſiquidem ſunt ex uirᛘ

105 1094 777 61 tute Spirituſſancti: facta hypocritarum ſunt mortua,

104 1142 775 60 id eſt, in corde talia non ſunt, qualia foris adparent·

106 1193 768 59 Phariſeus in Luca, non eſt occiſor foris, uerũ in corᛘ

105 1243 772 59 de omnes homines occidit: non ſum, inquit, ut cæteᛘ

107 1291 772 65 ri &c· Huiuſmodi ſententijs abutuntur ſtulti interpreᛘ

109 1344 577 69 tes pro ſua libidine contra Scripturam·

900 347 195 1 Iudei iudica¬

900 397 170 1 buntur per

900 449 114 0 Moſen·

263 1396 425 71 Nam cum Gentes.

895 1115 193 68 Opera hypo¬

885 1171 202 66 critarum morᛘ

883 1217 72 63 tua·

160 1458 716 73 Quidam de Gentibus converſus ad Chriſtum, hæc

704 1555 72 4 Quidam de Gentibus converſus ad Chriſtum, hæc
