1175 1845
301.0 167.0 730.0 64.0 dicit́ de ijs tantum, qui olim conuertendi ſunt¬

372.0 91.0 648.0 63.0 COMMENT· POMER·

349.0 280.0 747.0 62.0 Scilicet Deo, propter patres, id eſt, propter fidẽ

304.0 326.0 784.0 64.0 quam olim ſecuturi ſunt: implebuntur in eis promiſ¬

305.0 381.0 784.0 62.0 ſiones olim patribus eorum factæ, nam non tantũ ijs

309.0 432.0 776.0 64.0 factæ ſunt, ſed etiam ſemini, ideoq́ clarius exponit,

309.0 483.0 564.0 64.0 quod dixit: Electos non poſſe perire·

433.0 224.0 301.0 60.0 Dilecti ſunt.

105.0 656.0 206.0 54.0 Deus non muᛘ

106.0 696.0 203.0 101.0 u ſuacõſila

434.0 564.0 462.0 63.0 Namdona quidem.

360.0 635.0 742.0 60.0 Scilicet, quæ ſunt in tempore, ſed ab æterno præᛘ

317.0 683.0 771.0 63.0 ſtituta: quod Deus donare uoluit, hoc nouit priuſ

312.0 734.0 788.0 63.0 naſceremur, ne potest ille mutare conſilium, im¬

313.0 788.0 788.0 55.0 muitabilis enim eſt: uidetur nobis quidem mutari

314.0 836.0 782.0 62.0 in ijs quæ facit, tamen ſecus habet· Non ergo illum

315.0 886.0 780.0 67.0 pœnitet cuiuſq ſui inſtituti aut conſilij, uerum, ſtul¬

315.0 938.0 684.0 67.0 tum fuerit humana ratione id uelle perquirere¬

378.0 1015.0 592.0 62.0 Quemadmodum & uos.

366.0 1076.0 726.0 55.0 Scilicet, Gentes quondam increduli fuiſtis Deo,

316 1122 784 61 eratis etiam pro tempore inimici Dei, nũc uero amici

379.0 1193.0 723.0 70.0 Nunc autem miſericordiã eſtis

320.0 1257.0 783.0 72.0 conſecuti per incredulitatẽ illorum.

373 1331 729 67 Id eſt, occaſione incredulitatis ipſorum Iudæorũ.

377 1385 726 59 SICET ISTI. Scilicet ludæt· NVNC

326 1431 779 66 INCREDVLI FACTI SVNT· Scilicet in

326 1486 547 73 uidentes prædicationi Euangelicæ.

1048.0 1544.0 62.0 59.0 Ex
