1189 1838
161 106 619 57 IN EPIST· AD ROM·

81.0 176.0 771.0 57.0 in ſuperioribus quoq́; illa nobis deſcripta ſit, uerum

81.0 222.0 772.0 62.0 quia imbecilles et infirmi ſumus in his intelligendis, fuᛘ

82.0 272.0 770.0 63.0 ſiore & frequentiore declaratione opus eſt· Si igi¬

78.0 324.0 774.0 60.0 tur non ex noſtra iuſticia, aut urribus, conſequimur

80.0 371.0 773.0 63.0 ſalutem, ſed ex propoſito Dei, conſequitur, ut illi

78.0 422.0 773.0 63.0 tantum ſaluentur, quos Deus uult: ſed quàmdiu ui¬

81.0 475.0 770.0 59.0 uimus, murmurat caro contra hanc ſententiam præ

79.0 521.0 774.0 64.0 deſtinationis. Spiritus uero, qui intelligit ſenſum Doᛘ

77.0 574.0 769.0 60.0 mini, non reluctatur, ſed ſe ſubmittit: quæ res, cum

79.0 622.0 765.0 64.0 ita nobiſcum habeat, quomodo poſſumus ſecundum

78.0 674.0 769.0 62.0 carnem, nõ impij & blaſphemi eſſe in Deum? nam

77.0 724.0 771.0 60.0 ubi uidemus, non ualere noſtra opera, ſtatim inferi

77.0 774.0 768.0 61.0 mus, ergo damnabimur, nam ſi in Dei uoluntate eſt,

78.0 825.0 768.0 59.0 qui ſciemus, an noſtri curam habeat? tyrannus eſt,

75.0 874.0 776.0 59.0 iudex eſt, immitis, potens, nulia ſpes nobis penes ilᛘ

75.0 925.0 771.0 58.0 lum: ſic Iudas perijt, & Cayn. Ex hac impietate,

76.0 975.0 767.0 61.0 nemo nos poteſt liberare, niſi ſola Dei gratia, neq

76.0 1026.0 769.0 58.0 un̃ orabimus: Fiat uoluntas tua, dum ſic ſentimus:

75.0 1076.0 765.0 56.0 Deo ut nos commendemus, et in nihilum tranſeamus,

77.0 1123.0 770.0 64.0 neceſſe eſt, qui ſi etiam uelit nos damnatos, præſto ſiᛘ

75.0 1174.0 768.0 59.0 mus: at nemo conſentiet, niſi ſprritu Dei ſit plenus·

74.0 1225.0 770.0 57.0 Omnes dicimus hæc uerba: Fiat uoluntas tua, ſed per

72.0 1273.0 770.0 61.0 hypocriſin: qui uere dicit, non aliud quàm hoc uult

73.0 1325.0 773.0 59.0 quod Deus, qui ſi hunc uelit perdere, non remurmu

72.0 1373.0 765.0 59.0 rat: ſi etiam ſaluare, non inant gloria, ut ſolet caro,

69.0 1423.0 766.0 60.0 attollitur: ſubmittit ſe, amore ductus, uoluntati eius,

70.0 1474.0 770.0 66.0 uon autem deſperatione, id quod in impijs cerni¬

682.0 1538.0 54.0 59.0 O2

861.0 557.0 200.0 57.0 Caro præde¬

861.0 608.0 199.0 65.0 ſtinatiõe, quõ

861.0 656.0 174.0 77.0 offendatur·

799 107 46 63 206
