1195 1861
420 88 614 60 COMMENT· POMER·

528 161 313 63 Arbitramur.

132 265 191 69 Fide fola ſal.

133 320 138 73 namur :

385 220 731 56 Nos dicimus, quia ante probauimus & Gentes et

342 260 773 65 Iudæos eſſe peccatores, id́ etiam teſte Scriptura· Itẽ

342 313 770 70 intulimus, neminem ſaluari, niſi per tuſticiam Dei in

338 364 775 65 Chriſtum. Concludimus iam, noſtra opera nihil eſſe

336 414 775 66 coram Deo, ſed ipſum tantum fidem cordium reſpice

337 468 776 65 re·Cuius exemplum habemus latronem in cruce, qui

337 516 774 65 cum ſocio ſuo etiam blaſphemus erat, tamen paulo

340 567 772 65 poſt cognouit peccatum ſuum, nihil fecit bonorum

337 617 774 63 operum. Imò ne potuit quidem, cum manibus & peᛘ

336 667 777 60 dibus ſuffixus penderet. Sed dixit tantum, Memento

337 714 777 65 mei &c· quæ ſunt uerba fidei admirandæ. Et ſicut ilᛘ

337 764 774 66 le eſt ſaluatus, ſic nos ſaluari oportet· Hic non fuit

338 816 771 63 opus, facere bona opera, per quæ impetraret ſalutẽ,

338 863 771 69 cum iam fide ſaluatus eſſet, quod Verba Chriſti, ipſi

340 918 356 66 reſpondentis teſtantur·

531 996 362 57 An ludæorum.

389 1054 719 57 Non eſt Deus tantum Iudæorum, qui uolunt glo¬

342 1099 766 62 riari de lege. Illa ipſa opera legis ſunt peccata, qua¬

342 1149 757 62 propter, iuſtificabit et Gẽtes & Iudæos gratis Deus,

344 1199 461 61 cum omnes natura ſint filij iræ·

534 1274 389 62 Circunciſionem.

394 1331 716 63 Id eſt, Iudæos ex fide, & non ex operibus legis.

563 1405 323 66 Legemigitur.

397 1469 717 72 Occupatio eſt·Tu Paule abijcis legem Dei? Re¬

972 1520 135 63 pondet·
