1192 1852
151 95 624 62 IN EPIST· AD ROM·

89 165 767 64 pondet. Non abijcio, imò ſtabilio eam, & doceo

84 207 773 80 quomodo ea ſit adimplenda, Non enim operibus, ſed

84 256 767 72 fide adimpletur· Lex dicit, Dilige Deum· Verum,

80 309 774 70 hoc nemo poteſt ſecundum naturam, ergo lex inuti¬

80 358 774 73 liter docetur, ſi nõ prædicetur fides, unde diſcemus

80 408 767 71 agnoſcere noſtrã impoßibilitatẽ. Per fidem Deus larᛘ

81 459 770 71 gitur ſuum ſpiritum, qui diffuſus in corda noſtra, ſupᛘ

83 513 771 63 peditat nobis utres, ut ultro faciamus legem, nemo

79 558 775 72 enim ſatis diligit ſine ſpiritu fidet, quare fruſtra lex

83 610 762 67 prædicatur & inculcatur. Hoc ſi noſtri uidiſſent,

80 661 767 66 non tantam carnificinam bonorum operũ, & ſancte

83 708 704 73 & religioſe uiuendi in Monaſterijs inſtituiſſent·

800 144 50 0 38

166 802 562 127 CAPA IIII.

862 214 168 5 Lex fidem imᛘ

862 264 111 4 pletur·

97 918 77 105 H

188 928 660 57 IC diligenter lector ſuperiora obſeruet, ne

88 969 761 64 I I Pauli ordine negligenter animaduerſo, & ſe

82 1016 769 68 quentia nõ capiat· Cõfirmattonis hic locus eſt, nã

83 1069 766 65 propoſitionem, ſcilicet, ſolam fidem in Chriſtũ iuſti

82 1119 764 71 ficare, hic munit certis argumentis, quæ ordine

78 1167 183 60 tudebimus·

290 1239 282 74 Quid igitur?

182 1319 663 62 Iudæi & Iuſticiarij audientes, ex fide tan¬

76 1370 771 61 tum nos iuſtificari, obijciunt. Num bona ope¬

76 1418 771 64 ra nihil ſunt, certe Abraham pater noſter bona

65 1467 748 76 opera fecit, putas illa Deum non reſpexiſſe?
