1206 1861
431 93 627 58 COMMENT· POMER·

357.0 159.0 755.0 69.0 quædam citarat, quæ tamen non ſunt lex Moſt¬

400.0 205.0 380.0 66.0 HIS· Scilicet, Iudæis·

488.0 293.0 507.0 78.0 Qui in lege ſunt, dicat.

406.0 372.0 719.0 60.0 Quaſi diceret· Vos dicitis ea pertinere ad Gẽtes:

350.0 419.0 775.0 65.0 atqui Scriptura Iudæis, nõ Gentibus eſt edita, quare

350.0 471.0 771.0 63.0 eam ludæi, non Gentes, legunt: ſiquidem, non fecit taᛘ

347.0 522.0 774.0 59.0 liter omnt nationi· Et alibi Paulus ex Deuter·Non

348.0 569.0 775.0 64.0 alligabis os boui trituranti: nõ propter boues lex ſcriᛘ

347.0 620.0 775.0 65.0 pta eſt, ſed propter nos·Sic hic quo, ut uides, oraᛘ

350.0 673.0 766.0 62.0 cula ludæis prodita, leguntur, non Gentibus· Si igiᛘ

345.0 718.0 767.0 66.0 tur tales ſcripturas de Iudæis ſcriptas conuincimus,

344.0 769.0 773.0 60.0 cur de Gentibus interpretabuntur? quandoquidẽ Genᛘ

342.0 820.0 771.0 68.0 tes non negant ſe eſſe peccatores, ſentiunt ſe abijſſe

346.0 871.0 770.0 63.0 poſt deos alienos, & adoraſſe Idola, quare nõ opus

343.0 921.0 770.0 67.0 habent lege ſcripta· At Iudæi illa opus habent, quia

343.0 971.0 588.0 68.0 non poſſunt agnoſcere ſuam hypocriſin·

539.0 1057.0 332.0 66.0 Os obturetur.

392.0 1134.0 718.0 60.0 Gentium os obturatum eſt, non audent mutire·

344.0 1185.0 486.0 59.0 Item Iudæorum per Scripturam.

543.0 1268.0 362.0 67.0 Totus mundus.

394.0 1348.0 719.0 63.0 Non ſolum Gentes, ſed & iudæi, id eſt, ut om ¬

344.0 1398.0 642.0 63.0 nes coram Deo peccatores eſſe inueniantur·

552.0 1471.0 287.0 73.0 Omnis caro.

1039.0 1542.0 71.0 65.0 Hic
