1193 1834
151 76 633 66 IN EPIST· AD ROM·

215 146 515 67 At qui ſpirituales ſunt.

133 205 723 62 Id eſt, ſpiritum Chriſti habent, ſapiunt ea quæ

87 247 767 73 Chriſti ſunt & illius ſpiritus. Damnantur ergo hic opᛘ

79 300 780 69 timæ quæq intentiones, ut uocant, & omnia noſtra

88 348 774 70 quantumuis ſpecioſa ſtudia, ut uerum ſit, quod infra

90 396 766 71 dicit Paulus: Quicquid non eſt ex fide, peccatũ eſt·

92 472 736 71 Nam adfectus carnis, mors eſt.

149 535 714 62 Id eſt, illa prudentia quæ eſt in nobis, ratio humaᛘ

93 575 768 70 na, omnes uires hominis, ſunt mors: hoc eſt, nihil

91 629 771 70 ualent in ijs, quæ Dei ſunt, non potes harum præſi¬

94 679 771 67 dio ſaluari. At quid igitur, utilis ratio humana aut

96 732 767 66 Qρόνκμα? Ad gubernandam Remp·ciuiles mores

94 782 774 70 formandos, colendum agrum, ad ædificandum, quæ

94 828 767 73 omnia ita fiant, ne in illis confidas, aut conquieſcas¬

94 878 776 69 Non enim licet Chriſtiano homini in creaturis poneᛘ

95 928 768 72 re ſpem ſuam. Si uero quis uoluerit ijs uti, uelut in¬

96 976 777 73 ſtrumentis uitæ æternæ & ſalutis, hic opera mortis faᛘ

96 1027 775 74 cit, quæ coram Deo non uiuunt, nam hac parte, nihil

96 1085 541 63 aliud ſunt q̃ mors, humani conatus·

802 71 49 55 84

874 556 195 56 Vires huma¬

874 600 193 78 næ nihil ſunt·

167 1144 642 62 Adfectus uero ſpiritus, uita.

149 1199 722 61 Id eſt, prudentia & ſapientia, quæ eſt ex ſolo

100 1242 774 72 Deo per gratiam, quæ & facit nos ſapere ſpiri¬

101 1289 772 71 tualiter, id eſt, ea quæ Dei tantum ſunt, non carnis

104 1341 771 72 noſtræ, illa in, nihil aliud eſt quàm uita & pax, nam

104 1393 769 70 per eã, qui eramus mortui per peccatũ, reuiuiſcimus,

101 1443 776 81 habemus pacem & tranquillitatem in conſcientia

692 1504 75 56 L 4
