<?xml version='1.0' encoding='UTF-8'?>
<alto xmlns:xsi="http://www.w3.org/2001/XMLSchema-instance" xmlns="http://www.loc.gov/standards/alto/ns-v4#" xsi:schemaLocation="http://www.loc.gov/standards/alto/ns-v4# http://www.loc.gov/standards/alto/v4/alto-4-2.xsd">
  <Description>
    <MeasurementUnit>pixel</MeasurementUnit>
    <sourceImageInformation>
      <fileName>10AC1F79_uk4nGb4ppk95C1cD_00232.jpg</fileName>
    </sourceImageInformation>
  </Description>
  <Tags>
    <OtherTag ID="BT7" LABEL="CustomZone" DESCRIPTION="block type CustomZone"/><OtherTag ID="BT8" LABEL="DamageZone" DESCRIPTION="block type DamageZone"/><OtherTag ID="BT9" LABEL="DigitizationArtefactZone" DESCRIPTION="block type DigitizationArtefactZone"/><OtherTag ID="BT10" LABEL="DropCapitalZone" DESCRIPTION="block type DropCapitalZone"/><OtherTag ID="BT11" LABEL="GraphicZone" DESCRIPTION="block type GraphicZone"/><OtherTag ID="BT12" LABEL="MainZone" DESCRIPTION="block type MainZone"/><OtherTag ID="BT13" LABEL="MarginTextZone" DESCRIPTION="block type MarginTextZone"/><OtherTag ID="BT14" LABEL="MusicZone" DESCRIPTION="block type MusicZone"/><OtherTag ID="BT15" LABEL="NumberingZone" DESCRIPTION="block type NumberingZone"/><OtherTag ID="BT17" LABEL="QuireMarksZone" DESCRIPTION="block type QuireMarksZone"/><OtherTag ID="BT18" LABEL="RunningTitleZone" DESCRIPTION="block type RunningTitleZone"/><OtherTag ID="BT19" LABEL="SealZone" DESCRIPTION="block type SealZone"/><OtherTag ID="BT20" LABEL="StampZone" DESCRIPTION="block type StampZone"/><OtherTag ID="BT21" LABEL="TableZone" DESCRIPTION="block type TableZone"/><OtherTag ID="BT22" LABEL="TitlePageZone" DESCRIPTION="block type TitlePageZone"/><OtherTag ID="BT3824" LABEL="MainZone-Continued" DESCRIPTION="block type MainZone-Continued"/><OtherTag ID="BT3825" LABEL="MarginTextZone-Notes" DESCRIPTION="block type MarginTextZone-Notes"/><OtherTag ID="BT3826" LABEL="MainZone-Head" DESCRIPTION="block type MainZone-Head"/><OtherTag ID="BT3827" LABEL="MainZone-P" DESCRIPTION="block type MainZone-P"/>
    <OtherTag ID="LT7" LABEL="CustomLine" DESCRIPTION="line type CustomLine"/><OtherTag ID="LT8" LABEL="DefaultLine" DESCRIPTION="line type DefaultLine"/><OtherTag ID="LT9" LABEL="DropCapitalLine" DESCRIPTION="line type DropCapitalLine"/><OtherTag ID="LT10" LABEL="HeadingLine" DESCRIPTION="line type HeadingLine"/><OtherTag ID="LT11" LABEL="InterlinearLine" DESCRIPTION="line type InterlinearLine"/><OtherTag ID="LT12" LABEL="MusicLine" DESCRIPTION="line type MusicLine"/>
  </Tags>
  <Layout>
    <Page WIDTH="1193" HEIGHT="1847" PHYSICAL_IMG_NR="31" ID="eSc_dummypage_">
      <PrintSpace HPOS="0" VPOS="0" WIDTH="1193" HEIGHT="1847">
        <TextBlock HPOS="425.0" VPOS="90.0" WIDTH="653.0" HEIGHT="51.0" ID="block_1" TAGREFS="BT18">
          <Shape><Polygon POINTS="425 90 1078 90 1078 141 425 141 425 90"/></Shape>
          <TextLine ID="line_1" TAGREFS="LT8" BASELINE="429 128 1076 124" HPOS="428" VPOS="90" WIDTH="648" HEIGHT="56">
            <Shape><Polygon POINTS="1033 90 1023 90 1014 90 1008 93 999 90 992 90 982 90 972 90 961 90 959 90 951 90 941 90 931 90 920 90 918 90 910 95 900 90 890 90 879 90 872 90 866 94 843 90 838 90 828 90 826 90 819 96 768 96 761 90 756 90 746 90 736 90 728 90 719 92 684 90 684 90 674 90 664 90 653 90 643 90 633 90 623 90 612 90 602 90 592 90 589 90 580 97 565 90 561 90 551 90 541 90 530 90 520 90 510 90 499 90 489 90 479 90 469 90 458 90 448 90 438 90 428 90 429 128 430 146 463 137 477 137 487 145 488 145 489 145 490 145 491 145 509 137 568 143 569 143 597 137 611 144 612 144 613 144 662 136 693 144 694 144 695 145 752 145 752 144 753 144 754 144 754 143 764 135 854 137 862 143 863 143 864 143 865 143 914 134 932 142 933 142 934 142 998 134 1019 142 1020 142 1021 142 1075 138 1076 124 1074 95 1042 90 1033 90"/></Shape>
            <String CONTENT="COMMENT· POMER·" HPOS="428" VPOS="90" WIDTH="648" HEIGHT="56"/>
          </TextLine>
        </TextBlock>
        <TextBlock HPOS="142.0" VPOS="310.0" WIDTH="191.0" HEIGHT="107.0" ID="block_2" TAGREFS="BT3825">
          <Shape><Polygon POINTS="142 310 333 310 333 417 142 417 142 310"/></Shape>
          <TextLine ID="line_2" TAGREFS="LT8" BASELINE="144 351 332 347" HPOS="141" VPOS="297" WIDTH="189" HEIGHT="83">
            <Shape><Polygon POINTS="143 350 143 364 192 374 193 374 195 374 227 364 250 380 252 380 253 380 255 380 257 380 278 372 329 377 330 346 326 307 267 309 253 298 252 298 250 298 200 297 198 297 141 310 143 350"/></Shape>
            <String CONTENT="Dilectio ue" HPOS="141" VPOS="297" WIDTH="189" HEIGHT="83" WC="0.9889365651390769"/>
          </TextLine>
          <TextLine ID="line_3" TAGREFS="LT8" BASELINE="144 403 276 400" HPOS="143" VPOS="364" WIDTH="133" HEIGHT="53">
            <Shape><Polygon POINTS="144 403 144 415 275 417 276 400 274 371 246 364 245 364 244 364 243 364 220 372 186 365 185 365 143 374 144 403"/></Shape>
            <String CONTENT="ra Dei." HPOS="143" VPOS="364" WIDTH="133" HEIGHT="53" WC="0.9876266207013812"/>
          </TextLine>
        </TextBlock>
        <TextBlock HPOS="344.0" VPOS="155.0" WIDTH="799.0" HEIGHT="1361.0" ID="block_3" TAGREFS="BT3824">
          <Shape><Polygon POINTS="344 155 1143 155 1143 1516 344 1516 344 155"/></Shape>
          <TextLine ID="line_4" TAGREFS="LT8" BASELINE="352 197 1133 188" HPOS="351" VPOS="154" WIDTH="782" HEIGHT="57">
            <Shape><Polygon POINTS="1110 154 1100 154 1090 154 1080 154 1069 154 1059 154 1049 154 1038 154 1028 154 1018 154 1008 154 1005 154 997 159 935 160 859 160 847 154 843 154 833 154 826 154 813 159 784 154 782 154 772 154 761 154 737 162 710 162 701 154 700 154 689 154 638 163 595 163 578 154 576 154 575 154 532 162 503 155 502 155 446 164 402 158 401 158 351 160 352 197 352 209 508 206 521 211 522 211 523 211 524 211 542 206 558 211 559 211 560 211 632 205 658 210 659 210 709 204 718 210 719 210 720 210 721 210 770 203 806 209 807 209 876 202 928 208 929 208 930 208 944 201 957 207 958 207 959 207 1021 201 1031 207 1032 207 1033 207 1034 207 1133 200 1133 188 1132 158 1120 154 1110 154"/></Shape>
            <String CONTENT="mus· Si amor carnalis multa dura &amp; mala ſuſti¬" HPOS="351" VPOS="154" WIDTH="782" HEIGHT="57"/>
          </TextLine>
          <TextLine ID="line_5" TAGREFS="LT8" BASELINE="351 246 1132 240" HPOS="350" VPOS="203" WIDTH="782" HEIGHT="58">
            <Shape><Polygon POINTS="351 246 351 261 1131 255 1132 240 1130 203 1092 203 1091 203 1090 203 1074 211 1057 203 1056 203 1055 203 1054 203 1026 211 1003 203 1002 203 1001 203 999 203 964 212 930 208 929 208 823 213 811 208 810 208 809 208 739 214 709 214 695 206 694 206 693 206 634 213 611 206 610 206 609 206 578 207 576 207 575 207 563 215 405 211 404 211 350 217 351 246"/></Shape>
            <String CONTENT="net propter puellam, hæcq́ non curat, nec ſentit eſſe" HPOS="350" VPOS="203" WIDTH="782" HEIGHT="58" WC="0.9848907185050676"/>
          </TextLine>
          <TextLine ID="line_6" TAGREFS="LT8" BASELINE="352 296 1134 290" HPOS="351" VPOS="253" WIDTH="783" HEIGHT="59">
            <Shape><Polygon POINTS="352 306 459 312 460 312 462 312 463 312 471 305 542 305 555 311 556 311 557 312 611 312 611 311 640 305 694 310 695 310 780 303 861 309 862 309 898 302 905 307 906 307 907 307 1002 308 1003 308 1004 308 1023 301 1033 307 1034 307 1035 307 1036 307 1133 300 1134 290 1133 263 1106 253 1105 253 1046 253 1045 253 1044 253 1043 253 1032 261 979 263 884 257 883 257 882 257 869 263 857 255 856 255 855 255 854 255 853 255 852 255 839 263 819 255 818 255 751 255 750 255 749 255 728 265 716 256 715 256 714 256 696 256 695 256 694 256 693 256 681 264 653 260 652 260 593 267 552 267 528 257 527 257 526 257 525 257 502 266 451 261 450 261 411 267 371 258 370 258 369 258 351 267 352 296"/></Shape>
            <String CONTENT="dura &amp; mala, quomodo dilectio in Deum non ſuſti¬" HPOS="351" VPOS="253" WIDTH="783" HEIGHT="59" WC="0.9903696961700916"/>
          </TextLine>
          <TextLine ID="line_7" TAGREFS="LT8" BASELINE="356 338 485 344 1128 341" HPOS="354" VPOS="298" WIDTH="772" HEIGHT="63">
            <Shape><Polygon POINTS="355 337 355 361 1125 354 1126 340 1125 307 1117 300 1117 298 1116 298 1114 298 912 298 911 298 805 301 803 301 802 301 802 303 795 309 772 300 771 300 769 300 768 300 766 300 752 309 714 300 712 300 711 300 709 300 708 300 708 301 698 310 654 310 641 300 640 300 638 300 637 300 574 309 548 300 546 300 544 300 543 300 541 300 541 301 532 309 460 301 458 301 457 301 455 301 455 303 447 310 354 310 355 337"/></Shape>
            <String CONTENT="neret &amp; perferret in nobis oïa? Et huius exemplũ, ſe" HPOS="354" VPOS="298" WIDTH="772" HEIGHT="63" WC="0.9781743232850675"/>
          </TextLine>
          <TextLine ID="line_8" TAGREFS="LT8" BASELINE="349 399 1129 389" HPOS="348" VPOS="351" WIDTH="781" HEIGHT="66">
            <Shape><Polygon POINTS="349 399 349 417 402 417 402 416 403 416 436 408 514 413 515 413 516 413 517 413 524 407 601 411 602 411 631 406 694 413 695 413 696 413 724 406 742 412 743 412 744 412 791 411 792 411 804 405 835 411 836 411 837 411 867 403 888 410 889 410 890 410 891 410 909 405 953 410 954 410 955 410 973 402 1128 406 1129 389 1127 359 868 351 867 351 866 351 833 360 810 352 809 352 807 352 806 352 779 362 699 358 698 358 697 358 682 363 658 355 657 355 656 355 655 355 653 355 641 363 564 356 563 356 562 356 561 356 550 364 516 360 515 360 491 365 460 357 459 357 458 357 457 357 432 364 401 358 400 358 399 358 398 358 390 364 370 358 369 358 368 358 367 358 348 366 349 399"/></Shape>
            <String CONTENT="ipſum hic Paulus nobis proponit, cũ dicit ſe uelle Anaᛘ" HPOS="348" VPOS="351" WIDTH="781" HEIGHT="66"/>
          </TextLine>
          <TextLine ID="line_9" TAGREFS="LT8" BASELINE="351 447 1130 441" HPOS="350" VPOS="401" WIDTH="780" HEIGHT="63">
            <Shape><Polygon POINTS="351 447 352 462 371 457 400 464 401 464 402 464 452 457 477 464 478 464 479 464 539 457 563 462 564 462 565 462 585 456 606 463 607 463 608 463 609 463 628 457 727 462 728 462 729 462 746 454 791 454 800 461 801 461 802 461 803 461 870 453 936 453 949 460 950 460 951 461 998 461 998 460 999 460 1018 452 1056 459 1057 459 1130 453 1130 441 1127 407 1033 411 1007 401 1006 401 1005 401 1004 401 1003 401 987 412 911 412 892 403 891 403 890 403 889 403 866 412 820 403 819 403 777 409 729 404 728 404 727 404 726 404 713 415 648 415 632 404 631 404 630 404 610 404 609 404 608 404 607 404 595 413 579 405 578 405 576 405 575 405 552 411 535 405 534 405 484 405 483 405 482 405 455 417 401 417 379 407 378 407 377 407 376 407 350 417 351 447"/></Shape>
            <String CONTENT="thema eſſe à Chriſto pro fratribus· Ecce quàm pius" HPOS="350" VPOS="401" WIDTH="780" HEIGHT="63"/>
          </TextLine>
          <TextLine ID="line_10" TAGREFS="LT8" BASELINE="353 497 1131 491" HPOS="352" VPOS="454" WIDTH="779" HEIGHT="63">
            <Shape><Polygon POINTS="353 497 354 512 367 508 395 517 396 517 397 517 398 517 415 508 463 508 479 517 480 517 481 517 526 516 527 516 528 516 542 507 622 512 623 512 656 506 672 515 673 515 674 516 727 516 727 515 728 515 744 506 758 514 759 514 760 515 850 515 850 514 918 504 933 512 934 512 935 512 970 504 1067 512 1068 512 1069 512 1095 503 1129 505 1131 491 1129 464 1073 464 1041 454 1040 454 1038 454 1037 454 1036 454 1021 463 990 456 989 456 988 456 970 464 957 454 956 454 955 454 916 454 915 454 914 454 913 454 900 465 867 465 854 455 853 455 852 455 824 455 823 455 822 455 821 455 806 466 724 466 710 456 709 456 708 456 685 456 684 456 683 456 682 456 669 465 644 459 643 459 642 459 605 465 593 457 592 457 591 457 590 457 589 457 549 467 497 462 496 462 495 462 478 468 444 458 443 458 383 458 382 458 381 458 352 469 353 497"/></Shape>
            <String CONTENT="adfectus, quem in Moſe quoq; uides, cũ dicit ad Do¬" HPOS="352" VPOS="454" WIDTH="779" HEIGHT="63" WC="0.9935523317410395"/>
          </TextLine>
          <TextLine ID="line_11" TAGREFS="LT8" BASELINE="353 548 1128 541" HPOS="352" VPOS="504" WIDTH="776" HEIGHT="62">
            <Shape><Polygon POINTS="353 548 353 566 391 561 429 566 430 566 465 559 525 565 526 565 574 558 680 564 681 564 682 564 697 557 710 563 711 563 712 564 760 564 760 563 761 563 775 557 862 562 863 562 864 562 882 556 903 562 904 562 905 562 906 562 931 555 969 561 970 561 1017 554 1126 555 1128 541 1126 515 1066 515 1051 504 1050 504 1049 504 1016 504 1015 504 1014 504 1013 504 999 515 970 509 969 509 913 515 887 506 886 506 884 506 883 506 864 515 853 506 852 506 851 506 850 506 849 506 824 515 754 517 727 507 726 507 725 507 724 507 723 507 707 518 679 518 647 517 637 508 636 508 635 508 573 508 572 508 527 509 526 509 525 509 516 517 464 509 463 509 462 509 434 519 394 511 393 511 392 511 391 511 381 519 352 521 353 548"/></Shape>
            <String CONTENT="minum: Remitte hanc culpam populo, aut dele me" HPOS="352" VPOS="504" WIDTH="776" HEIGHT="62" WC="0.9881895327049753"/>
          </TextLine>
          <TextLine ID="line_12" TAGREFS="LT8" BASELINE="352 599 1129 592" HPOS="351" VPOS="556" WIDTH="778" HEIGHT="58">
            <Shape><Polygon POINTS="352 599 352 609 424 614 425 614 506 608 558 613 559 613 627 607 1127 607 1129 592 1126 564 1028 564 1015 558 1014 558 1013 558 1012 558 991 565 926 556 925 556 924 556 888 566 806 557 805 557 804 557 803 557 797 562 738 558 737 558 736 558 735 558 722 567 667 559 666 559 665 559 643 567 550 569 510 560 509 560 451 569 440 561 439 561 438 561 371 561 370 561 369 561 351 569 352 599"/></Shape>
            <String CONTENT="de libro uiuentium. Hæc dicta ſunt per hos uiros co¬" HPOS="351" VPOS="556" WIDTH="778" HEIGHT="58" WC="0.9985071294582807"/>
          </TextLine>
          <TextLine ID="line_13" TAGREFS="LT8" BASELINE="352 648 1129 643" HPOS="351" VPOS="605" WIDTH="778" HEIGHT="62">
            <Shape><Polygon POINTS="352 648 353 667 385 658 480 658 504 665 505 665 506 665 507 665 528 657 623 657 661 665 662 665 663 665 684 660 765 664 766 664 767 664 787 656 810 662 811 662 812 662 888 658 896 663 897 663 898 663 899 664 943 664 943 663 944 663 974 654 1023 662 1024 662 1129 656 1129 643 1126 615 1104 615 1087 605 1086 605 1085 605 1013 605 1012 605 1011 605 1010 605 999 614 981 609 980 609 979 609 978 609 977 609 966 617 928 617 904 606 903 606 902 606 901 606 874 615 860 606 859 606 858 606 857 606 856 606 855 606 840 617 815 617 801 607 800 607 799 607 750 607 749 607 748 607 715 617 627 608 626 608 625 608 601 618 576 614 575 614 482 619 419 609 418 609 417 609 416 609 407 616 362 615 361 615 360 615 351 619 352 648"/></Shape>
            <String CONTENT="ram Deo, non ex hypocriſi: hoc deniq; uere eſt ab¬" HPOS="351" VPOS="605" WIDTH="778" HEIGHT="62" WC="0.9926213800907135"/>
          </TextLine>
          <TextLine ID="line_14" TAGREFS="LT8" BASELINE="352 698 1128 693" HPOS="351" VPOS="656" WIDTH="777" HEIGHT="59">
            <Shape><Polygon POINTS="352 698 352 709 470 715 471 715 472 715 484 709 504 715 505 715 506 715 541 708 588 714 589 714 636 709 649 714 650 714 651 714 652 714 672 706 747 706 816 713 817 713 845 712 847 712 848 712 855 705 955 712 956 712 957 712 973 705 1068 711 1069 711 1127 703 1128 693 1126 665 1105 665 1093 656 1092 656 1091 656 1090 656 1089 656 1088 656 1078 665 1038 665 981 656 980 656 979 656 978 656 965 666 886 666 871 657 870 657 869 657 848 657 847 657 845 657 844 657 834 666 791 666 762 658 761 658 760 658 759 658 746 665 732 661 730 661 729 661 683 666 663 658 662 658 661 658 609 659 608 659 607 659 595 667 524 659 523 659 522 659 521 659 513 666 504 660 503 660 502 660 457 660 456 660 455 660 454 660 447 666 351 670 352 698"/></Shape>
            <String CONTENT="negare ſeipſum, ſed horrendum eſt carni· Hunc ad¬" HPOS="351" VPOS="656" WIDTH="777" HEIGHT="59"/>
          </TextLine>
          <TextLine ID="line_15" TAGREFS="LT8" BASELINE="352 749 1130 744" HPOS="351" VPOS="704" WIDTH="779" HEIGHT="65">
            <Shape><Polygon POINTS="352 749 353 769 374 761 452 761 469 769 470 769 471 769 588 760 636 765 637 765 638 765 656 760 748 766 749 766 750 766 762 762 768 767 770 767 771 767 772 767 773 767 800 759 829 759 843 767 844 767 845 767 847 767 924 762 956 766 957 766 958 766 959 766 969 758 982 763 983 763 984 763 1016 758 1029 766 1030 766 1031 766 1032 766 1129 761 1130 744 1128 716 1107 716 1093 704 1092 704 1091 704 1090 704 1058 711 1028 708 1027 708 1026 708 1009 715 989 704 988 704 987 704 919 705 918 705 917 705 906 716 890 716 830 705 829 705 739 717 695 712 694 712 629 717 611 708 610 708 570 706 569 706 568 706 567 706 554 715 528 708 527 708 526 708 525 708 489 719 450 719 409 709 351 709 352 749"/></Shape>
            <String CONTENT="fectum qui ſenſerit, nempe, quod poteſt ſe Dei uolunᛘ" HPOS="351" VPOS="704" WIDTH="779" HEIGHT="65"/>
          </TextLine>
          <TextLine ID="line_16" TAGREFS="LT8" BASELINE="352 798 1128 794" HPOS="351" VPOS="759" WIDTH="777" HEIGHT="55">
            <Shape><Polygon POINTS="352 798 352 808 383 814 385 814 386 814 398 809 490 814 491 814 563 808 573 813 574 813 575 813 618 808 661 813 662 814 733 814 733 813 734 813 759 807 815 812 816 813 934 813 934 812 935 812 947 806 983 811 984 811 1011 806 1027 811 1028 811 1029 811 1128 809 1128 794 1125 760 1091 767 1069 759 1068 759 1067 759 1066 759 1038 768 984 768 961 759 960 759 959 759 958 759 931 768 865 763 864 763 836 768 813 760 812 760 811 760 810 760 791 767 753 760 752 760 751 760 735 766 698 761 697 761 696 761 666 768 630 761 629 761 628 761 627 761 613 769 517 764 516 764 454 770 397 762 396 762 395 762 394 762 383 769 369 764 368 764 367 764 366 764 351 770 352 798"/></Shape>
            <String CONTENT="tati committere, etiam ſi uelit damnare, damnari nõ" HPOS="351" VPOS="759" WIDTH="777" HEIGHT="55" WC="0.9902544147693194"/>
          </TextLine>
          <TextLine ID="line_17" TAGREFS="LT8" BASELINE="355 850 702 845 1125 846" HPOS="354" VPOS="809" WIDTH="771" HEIGHT="57">
            <Shape><Polygon POINTS="355 850 355 863 505 860 561 866 562 866 563 866 583 859 681 859 693 865 694 865 695 866 774 866 774 865 811 858 863 858 871 863 872 863 873 863 874 863 999 858 1018 863 1019 863 1020 863 1021 863 1022 863 1029 858 1086 862 1087 862 1124 856 1125 846 1123 816 1014 816 953 809 952 809 951 809 950 809 938 817 892 817 872 809 871 809 828 809 827 809 826 809 804 817 766 810 765 810 764 810 747 817 715 810 714 810 713 810 697 817 673 810 672 810 671 810 670 810 649 818 465 818 455 811 454 811 453 811 425 811 424 811 354 819 355 850"/></Shape>
            <String CONTENT="poteſt, nam per omnia gloriam Dei, &amp; ſalutem proᛘ" HPOS="354" VPOS="809" WIDTH="771" HEIGHT="57"/>
          </TextLine>
          <TextLine ID="line_18" TAGREFS="LT8" BASELINE="353 898 1125 895" HPOS="352" VPOS="858" WIDTH="773" HEIGHT="60">
            <Shape><Polygon POINTS="353 898 353 909 413 909 424 917 425 917 426 917 427 918 457 918 457 917 458 917 474 909 512 915 513 915 550 909 602 917 603 917 604 917 605 917 616 909 656 916 657 917 728 917 728 916 729 916 746 908 764 915 765 915 766 915 767 915 784 908 822 908 863 916 864 916 865 916 893 907 904 912 905 912 906 912 929 908 938 915 939 915 940 915 941 915 980 908 1040 915 1041 915 1124 914 1125 895 1122 865 1096 867 1083 859 1082 859 1081 859 1080 859 1063 868 1016 868 1006 858 1005 858 1004 858 949 858 948 858 947 858 926 868 896 868 832 859 831 859 830 859 829 859 818 869 789 869 725 859 724 859 723 859 699 868 671 859 670 859 669 859 668 859 639 868 630 859 629 859 628 859 609 859 608 859 607 859 606 859 593 869 564 861 563 861 562 861 561 861 536 868 496 862 495 862 494 862 481 870 419 870 385 861 383 861 382 861 352 870 353 898"/></Shape>
            <String CONTENT="ximi quærit· Noſtra fragilitas ad hunc adfectum nno" HPOS="352" VPOS="858" WIDTH="773" HEIGHT="60"/>
          </TextLine>
          <TextLine ID="line_19" TAGREFS="LT8" BASELINE="355 950 1125 945" HPOS="354" VPOS="910" WIDTH="771" HEIGHT="58">
            <Shape><Polygon POINTS="355 950 356 968 386 960 480 960 489 967 490 967 491 967 492 967 493 967 509 959 543 965 544 965 545 965 569 959 699 965 700 965 701 965 702 965 712 958 760 963 761 963 762 963 774 958 815 965 816 965 847 959 869 963 870 963 871 963 872 963 881 957 926 964 927 964 928 964 944 958 1079 963 1080 963 1124 955 1125 945 1123 919 1015 919 1005 910 1004 910 1003 910 971 910 970 910 969 910 946 919 824 911 823 911 822 911 821 911 809 920 752 912 751 912 750 912 730 919 720 914 719 914 718 914 677 920 625 913 624 913 588 921 536 916 535 916 506 922 376 914 375 914 374 914 354 922 355 950"/></Shape>
            <String CONTENT="peruenit, non audemus talia cogitare, nedum cupe¬" HPOS="354" VPOS="910" WIDTH="771" HEIGHT="58" WC="0.9867002647750232"/>
          </TextLine>
          <TextLine ID="line_20" TAGREFS="LT8" BASELINE="354 1000 1126 997" HPOS="353" VPOS="958" WIDTH="773" HEIGHT="58">
            <Shape><Polygon POINTS="354 1000 354 1008 426 1008 440 1014 441 1014 442 1014 443 1014 444 1014 454 1008 498 1013 499 1013 501 1013 515 1008 541 1014 542 1014 543 1014 544 1014 545 1014 552 1007 610 1007 623 1012 624 1012 625 1012 648 1007 659 1015 660 1015 661 1015 662 1015 663 1015 682 1008 713 1016 714 1016 715 1016 716 1016 717 1016 732 1007 750 1016 751 1016 752 1016 804 1010 867 1016 868 1016 869 1016 900 1006 988 1015 989 1016 1063 1016 1063 1015 1064 1015 1087 1008 1124 1015 1126 997 1124 963 1097 958 1096 958 1095 958 1075 968 1052 959 1051 959 1050 959 1049 959 1048 959 1033 969 954 969 943 961 942 961 941 961 868 958 867 958 866 958 831 969 788 959 787 959 786 959 785 959 773 970 748 970 733 959 732 959 730 959 712 959 711 959 710 959 709 959 697 968 667 964 666 964 665 964 648 969 635 959 634 959 633 959 610 959 609 959 608 959 607 959 607 960 597 969 513 970 494 960 493 960 492 960 453 960 452 960 451 960 425 970 366 964 365 964 364 964 363 964 353 969 354 1000"/></Shape>
            <String CONTENT="re. Sed interim hæc noſtra eſt conſolatio, quod ui¬" HPOS="353" VPOS="958" WIDTH="773" HEIGHT="58" WC="0.9729348935332953"/>
          </TextLine>
          <TextLine ID="line_21" TAGREFS="LT8" BASELINE="354 1048 1126 1048" HPOS="354" VPOS="1010" WIDTH="772" HEIGHT="57">
            <Shape><Polygon POINTS="354 1048 354 1059 363 1065 364 1065 365 1065 463 1059 480 1066 481 1066 482 1066 483 1066 484 1066 494 1059 539 1066 540 1066 541 1066 542 1066 552 1059 597 1066 598 1067 696 1067 696 1066 697 1066 711 1059 786 1066 787 1066 788 1066 789 1066 799 1059 841 1059 850 1066 851 1066 852 1066 853 1067 919 1067 919 1066 920 1066 933 1059 949 1066 950 1066 951 1066 1126 1060 1126 1048 1125 1016 1094 1018 1072 1011 1071 1011 1070 1011 1033 1018 966 1010 965 1010 964 1010 963 1010 949 1018 898 1012 897 1012 896 1012 895 1012 887 1019 854 1019 807 1010 806 1010 805 1010 788 1018 756 1012 755 1012 726 1018 713 1010 712 1010 711 1010 583 1010 582 1010 535 1018 514 1010 513 1010 512 1010 511 1010 487 1019 392 1019 381 1011 380 1011 379 1011 378 1011 377 1011 354 1018 354 1048"/></Shape>
            <String CONTENT="demus multos in ſpeciẽ bonos, damnatos eſſe, ut Sauᛘ" HPOS="354" VPOS="1010" WIDTH="772" HEIGHT="57"/>
          </TextLine>
          <TextLine ID="line_22" TAGREFS="LT8" BASELINE="354 1097 1125 1095" HPOS="353" VPOS="1059" WIDTH="772" HEIGHT="57">
            <Shape><Polygon POINTS="354 1097 354 1108 447 1108 466 1113 467 1113 468 1113 536 1108 547 1115 548 1115 549 1115 550 1116 570 1116 570 1115 571 1115 572 1115 582 1108 667 1108 681 1115 682 1115 683 1115 787 1114 788 1114 789 1114 796 1108 803 1114 804 1114 805 1114 806 1114 807 1114 824 1108 838 1114 839 1114 840 1114 912 1107 933 1114 934 1114 935 1114 936 1114 937 1114 947 1107 979 1114 980 1114 1124 1108 1125 1095 1123 1069 1095 1069 1084 1059 1083 1059 1082 1059 1081 1059 1080 1059 1048 1068 1010 1063 1009 1063 1008 1063 1007 1063 1001 1069 958 1069 927 1059 926 1059 925 1059 924 1059 905 1069 832 1069 825 1062 824 1062 823 1062 822 1062 821 1062 802 1067 791 1059 790 1059 789 1059 739 1059 738 1059 737 1059 736 1059 719 1070 652 1070 642 1060 641 1060 640 1060 639 1060 611 1067 585 1060 584 1060 493 1060 492 1060 491 1060 490 1060 480 1069 353 1062 354 1097"/></Shape>
            <String CONTENT="lem : mnultos abiectos, iuſtificatos, ut Dauidem ho¬" HPOS="353" VPOS="1059" WIDTH="772" HEIGHT="57" WC="0.9988957104774622"/>
          </TextLine>
          <TextLine ID="line_23" TAGREFS="LT8" BASELINE="354 1146 1128 1149" HPOS="353" VPOS="1108" WIDTH="775" HEIGHT="59">
            <Shape><Polygon POINTS="354 1146 353 1156 368 1164 369 1164 370 1164 422 1158 433 1162 434 1162 435 1162 436 1162 437 1162 444 1157 495 1157 510 1163 511 1163 512 1163 557 1157 589 1164 590 1164 591 1164 611 1157 713 1165 714 1165 754 1158 788 1164 789 1164 833 1158 870 1166 871 1167 904 1167 904 1166 905 1166 919 1159 933 1166 934 1166 935 1167 1049 1167 1049 1166 1050 1166 1075 1159 1126 1165 1128 1149 1127 1110 1113 1110 1112 1110 1111 1110 1110 1110 1099 1120 1068 1110 1067 1110 1066 1110 1065 1110 1052 1116 1044 1110 1043 1110 1042 1110 915 1110 914 1110 913 1110 881 1120 811 1120 788 1111 787 1111 786 1111 785 1111 765 1118 687 1114 686 1114 653 1119 612 1108 611 1108 610 1108 609 1108 608 1108 599 1114 579 1108 578 1108 576 1108 575 1108 574 1108 561 1118 515 1113 514 1113 457 1118 443 1108 442 1108 441 1108 422 1108 421 1108 420 1108 419 1108 401 1118 354 1118 354 1146"/></Shape>
            <String CONTENT="micidam &amp; adulterum, cum tamen illi poſſet Saul" HPOS="353" VPOS="1108" WIDTH="775" HEIGHT="59" WC="0.9932805718259609"/>
          </TextLine>
          <TextLine ID="line_24" TAGREFS="LT8" BASELINE="355 1199 1130 1199" HPOS="355" VPOS="1159" WIDTH="775" HEIGHT="58">
            <Shape><Polygon POINTS="355 1199 356 1216 381 1209 425 1216 426 1216 487 1209 524 1216 525 1216 526 1216 527 1216 533 1211 555 1215 556 1215 587 1209 617 1209 628 1216 629 1216 630 1216 631 1216 632 1216 647 1209 684 1215 685 1215 686 1215 703 1209 747 1209 770 1216 771 1216 772 1216 871 1209 912 1216 913 1216 959 1211 980 1216 981 1216 982 1217 1056 1217 1056 1216 1057 1216 1058 1216 1066 1211 1079 1216 1080 1216 1081 1216 1082 1216 1083 1216 1092 1209 1130 1209 1130 1199 1130 1170 1046 1170 1027 1161 1026 1161 1025 1161 1024 1161 1007 1166 989 1161 988 1161 987 1161 986 1161 970 1170 934 1170 901 1160 900 1160 899 1160 898 1160 866 1169 823 1159 822 1159 821 1159 820 1159 806 1169 743 1162 742 1162 741 1162 713 1169 699 1159 698 1159 697 1159 651 1159 650 1159 649 1159 648 1159 641 1165 623 1159 622 1159 621 1159 575 1169 536 1161 535 1161 534 1161 533 1161 522 1169 509 1159 508 1159 507 1159 413 1159 412 1159 411 1159 410 1159 396 1168 376 1163 375 1163 374 1163 373 1163 355 1169 355 1199"/></Shape>
            <String CONTENT="præferri humano iudicio. Ergo hic uides nobis pro¬" HPOS="355" VPOS="1159" WIDTH="775" HEIGHT="58" WC="0.9833269226551056"/>
          </TextLine>
          <TextLine ID="line_25" TAGREFS="LT8" BASELINE="354 1249 1132 1247" HPOS="353" VPOS="1209" WIDTH="779" HEIGHT="58">
            <Shape><Polygon POINTS="354 1249 354 1264 495 1260 524 1267 525 1267 526 1267 527 1267 552 1260 592 1267 593 1267 624 1260 651 1267 652 1267 653 1267 655 1267 684 1260 741 1267 742 1267 874 1259 1086 1266 1087 1266 1088 1266 1089 1266 1098 1259 1131 1260 1132 1247 1131 1220 1115 1209 1114 1209 1113 1209 1055 1209 1054 1209 1053 1209 1052 1209 1038 1220 986 1210 985 1210 984 1210 983 1210 971 1220 941 1211 940 1211 939 1211 938 1211 921 1221 777 1221 744 1209 743 1209 742 1209 702 1210 701 1210 687 1217 656 1210 655 1210 653 1210 652 1210 640 1217 536 1212 535 1212 534 1212 515 1222 491 1222 471 1210 470 1210 429 1210 428 1210 427 1210 426 1210 412 1220 369 1214 368 1214 367 1214 353 1220 354 1249"/></Shape>
            <String CONTENT="poni hoc quod non intelligimus, non quod curioſi¬" HPOS="353" VPOS="1209" WIDTH="779" HEIGHT="58" WC="0.990978079182761"/>
          </TextLine>
          <TextLine ID="line_26" TAGREFS="LT8" BASELINE="354 1299 1131 1299" HPOS="354" VPOS="1261" WIDTH="777" HEIGHT="57">
            <Shape><Polygon POINTS="354 1299 354 1311 383 1316 385 1316 418 1310 439 1317 440 1317 441 1317 472 1310 497 1317 498 1317 499 1317 573 1312 592 1317 593 1317 594 1317 595 1317 596 1317 607 1310 634 1310 643 1317 644 1317 645 1317 646 1318 678 1318 678 1317 679 1317 706 1310 795 1310 824 1317 825 1317 826 1317 859 1312 933 1317 934 1317 935 1317 953 1311 971 1317 972 1317 973 1317 974 1317 997 1310 1038 1310 1075 1317 1076 1317 1078 1317 1079 1317 1089 1310 1130 1315 1131 1299 1131 1270 1100 1261 1099 1261 1098 1261 1056 1270 796 1261 795 1261 794 1261 775 1271 658 1271 634 1261 633 1261 632 1261 631 1261 630 1261 619 1270 598 1261 597 1261 549 1261 548 1261 547 1261 546 1261 531 1270 499 1270 453 1261 452 1261 451 1261 450 1261 439 1269 375 1264 374 1264 373 1264 354 1270 354 1299"/></Shape>
            <String CONTENT="tas noſtra poßit indagare: Dei iudicia ſunt &amp; conſi¬" HPOS="354" VPOS="1261" WIDTH="777" HEIGHT="57" WC="0.9938430545421747"/>
          </TextLine>
          <TextLine ID="line_27" TAGREFS="LT8" BASELINE="353 1350 1126 1348" HPOS="352" VPOS="1311" WIDTH="774" HEIGHT="58">
            <Shape><Polygon POINTS="353 1350 354 1365 366 1360 403 1365 404 1365 486 1360 504 1368 505 1368 506 1369 531 1369 531 1368 532 1368 556 1360 636 1360 660 1367 661 1367 662 1367 663 1367 678 1360 733 1360 749 1366 750 1366 751 1366 809 1359 850 1367 851 1367 852 1367 868 1359 920 1359 933 1367 934 1367 935 1367 936 1368 1018 1368 1018 1367 1019 1367 1040 1361 1050 1366 1051 1366 1052 1367 1125 1367 1126 1348 1121 1314 1110 1320 1042 1314 1041 1314 1005 1321 924 1321 912 1315 911 1315 910 1315 810 1320 782 1311 781 1311 780 1311 779 1311 752 1321 705 1321 677 1312 676 1312 675 1312 674 1312 658 1318 648 1312 647 1312 646 1312 598 1312 597 1312 596 1312 572 1321 561 1312 560 1312 559 1312 558 1312 483 1320 460 1314 459 1314 458 1314 457 1314 456 1314 446 1320 352 1312 353 1350"/></Shape>
            <String CONTENT="lia, non noſtra: illi, in omnibus quæcun geruntur" HPOS="352" VPOS="1311" WIDTH="774" HEIGHT="58" WC="0.9905900263786316"/>
          </TextLine>
          <TextLine ID="line_28" TAGREFS="LT8" BASELINE="353 1397 1127 1401" HPOS="352" VPOS="1359" WIDTH="775" HEIGHT="59">
            <Shape><Polygon POINTS="353 1397 352 1407 414 1415 415 1415 464 1409 514 1415 515 1415 516 1415 533 1409 553 1416 554 1416 555 1417 616 1417 616 1416 617 1416 618 1416 625 1410 732 1410 751 1417 752 1417 753 1417 797 1411 824 1417 825 1417 826 1417 844 1411 856 1417 857 1417 858 1417 985 1412 992 1418 993 1418 994 1418 995 1418 1126 1412 1127 1401 1127 1372 1109 1366 1108 1366 1107 1366 1023 1371 995 1362 994 1362 993 1362 992 1362 970 1371 936 1365 935 1365 874 1370 859 1361 858 1361 857 1361 777 1361 776 1361 775 1361 751 1370 678 1364 677 1364 648 1369 602 1360 601 1360 490 1368 457 1359 456 1359 405 1359 404 1359 353 1367 353 1397"/></Shape>
            <String CONTENT="nobiſcum, adſcribamus neceſſe eſt, non nobis, nam" HPOS="352" VPOS="1359" WIDTH="775" HEIGHT="59" WC="0.9985588557866155"/>
          </TextLine>
          <TextLine ID="line_29" TAGREFS="LT8" BASELINE="353 1446 1129 1450" HPOS="352" VPOS="1408" WIDTH="777" HEIGHT="62">
            <Shape><Polygon POINTS="353 1446 352 1456 378 1457 389 1466 390 1466 391 1466 392 1466 393 1466 418 1459 452 1466 453 1466 454 1466 455 1466 469 1458 535 1458 571 1467 572 1467 573 1467 607 1460 713 1467 714 1467 715 1467 733 1460 742 1468 743 1468 744 1468 745 1468 814 1460 860 1460 870 1468 871 1468 872 1468 873 1469 896 1469 896 1468 897 1468 898 1468 909 1460 950 1467 951 1467 952 1467 973 1462 995 1469 996 1469 997 1470 1059 1470 1059 1469 1060 1469 1087 1461 1114 1466 1115 1466 1117 1466 1128 1460 1129 1450 1129 1418 1088 1411 1087 1411 1086 1411 1085 1411 1068 1423 1006 1418 1005 1418 951 1423 925 1411 924 1411 893 1410 892 1410 891 1410 851 1422 829 1410 828 1410 799 1410 798 1410 797 1410 780 1420 736 1420 721 1409 720 1409 719 1409 674 1409 673 1409 672 1409 634 1421 598 1409 597 1409 596 1409 595 1409 594 1409 579 1421 464 1416 463 1416 462 1416 449 1420 408 1408 407 1408 406 1408 405 1408 404 1408 391 1419 353 1419 353 1446"/></Shape>
            <String CONTENT="noſtra tantum eſt confuſio, &amp; illius gloria· Quando" HPOS="352" VPOS="1408" WIDTH="777" HEIGHT="62"/>
          </TextLine>
          <TextLine ID="line_30" TAGREFS="LT8" BASELINE="355 1499 1132 1501" HPOS="354" VPOS="1462" WIDTH="778" HEIGHT="72">
            <Shape><Polygon POINTS="355 1499 354 1525 369 1533 370 1533 371 1533 503 1522 545 1533 546 1533 547 1533 631 1527 645 1533 646 1533 647 1533 680 1525 718 1533 864 1534 865 1534 866 1534 890 1525 932 1534 933 1534 934 1534 957 1523 1043 1523 1054 1530 1055 1530 1056 1530 1057 1530 1131 1522 1132 1501 1132 1471 1118 1463 1117 1463 1066 1463 1065 1463 1064 1463 1063 1463 1052 1472 1014 1472 999 1463 998 1463 997 1463 996 1463 995 1463 994 1463 984 1472 878 1472 869 1466 868 1466 867 1466 866 1466 844 1470 815 1464 814 1464 774 1471 745 1462 744 1462 743 1462 742 1462 720 1467 710 1462 709 1462 708 1462 707 1462 706 1462 695 1470 642 1470 632 1462 631 1462 630 1462 629 1462 585 1471 541 1471 523 1462 522 1462 492 1462 491 1462 490 1462 489 1462 477 1470 400 1463 399 1463 355 1468 355 1499"/></Shape>
            <String CONTENT="igitur turbamur ob prædeſtinationem, gaudere debe" HPOS="354" VPOS="1462" WIDTH="778" HEIGHT="72" WC="0.9690588907319673"/>
          </TextLine>
        </TextBlock>
        <TextBlock HPOS="1031.0" VPOS="1525.0" WIDTH="103.0" HEIGHT="48.0" ID="block_4" TAGREFS="BT17">
          <Shape><Polygon POINTS="1031 1525 1134 1525 1134 1573 1031 1573 1031 1525"/></Shape>
          <TextLine ID="line_31" TAGREFS="LT8" BASELINE="1030 1549 1125 1553" HPOS="1029" VPOS="1525" WIDTH="96" HEIGHT="54">
            <Shape><Polygon POINTS="1113 1525 1103 1525 1093 1525 1083 1525 1072 1525 1062 1525 1052 1525 1048 1525 1040 1525 1030 1549 1029 1575 1072 1564 1121 1579 1125 1553 1125 1526 1118 1525 1113 1525"/></Shape>
            <String CONTENT="mus," HPOS="1029" VPOS="1525" WIDTH="96" HEIGHT="54" WC="0.9963499009609222"/>
          </TextLine>
        </TextBlock>
      </PrintSpace>
    </Page>
  </Layout>
</alto>
