1179 1841
788 128 57 5 107

141 86 630 71 IN EPIST· AD ROM·

78.0 160.0 763.0 59.0 inus, nam ea turbatio, portio quædam eſt ſalutis·

75.0 207.0 766.0 65.0 Eſt́ plané illud, quod Chriſtus in Matthæo dixit:

77.0 256.0 770.0 68.0 Eſurire & ſitire iuſtitiam. Qui uero ſunt abſq ſpiri¬

76.0 308.0 776.0 63.0 tu Dei, ſententiam huiuſmodi prædeſtinationis irri¬

76.0 363.0 774.0 60.0 dent·Vacant autem omnes Dei ſpiritu, quotquot Deᛘ

77.0 412.0 769.0 59.0 um non timent, neq turbantur, ex agnito peceato,

79.0 457.0 770.0 65.0 hi non ſitiunt iuſticiam, ideoq́; neq; ſaturabuntur·

78.0 507.0 772.0 66.0 Si ſeruauerimus hunc ordinem, quem hic Paulus ſerᛘ

79.0 557.0 777.0 66.0 uat, in Chriſtianiſmi forma, utilis erit nobis præde¬

81.0 607.0 773.0 68.0 ſtinatio: At ſi alia uia ingrediemur, nempe, initium

81.0 658.0 773.0 66.0 ſumentes à prædeſtinatione, non à peccati agnitione

80.0 708.0 773.0 66.0 in nobis, erit nobis damnoſa omnis prædeſtinationis

79.0 762.0 774.0 59.0 cogitatio, incidemus enim in laqueum, & excæca¬

80.0 810.0 775.0 61.0 bimur. Sed uide, quæſo, Pauli ordinem, à peccato

81.0 859.0 775.0 65.0 Gentium & Iudæorũ, Epiſtolam auſpicabatur, mox

79.0 907.0 778.0 63.0 iuſticiam & gratiam, qua tolleretur peccatum, de¬

81.0 958.0 778.0 68.0 pingebat, hac aucta, pugnam naſci perpetuam in

80.0 1008.0 778.0 66.0 nobis contra peccatum, docebat, in qua mortificare

80.0 1059.0 775.0 62.0 tur, & deſtrueretur uetus homo (hæc enim eſt crux)

82.0 1109.0 774.0 66.0 His omnibus primum diligenter inculcatis, cœpit in

84.0 1162.0 773.0 64.0 poſteriore loco, de prædeſtinatione agere· Quem

82.0 1208.0 774.0 69.0 ordinem non eſt, quod tantum requiras ex ipſo tex¬

82.0 1256.0 778.0 71.0 tu, imò ipſa conſcientia te edocebit, ut in Octauo diᛘ

84.0 1310.0 776.0 66.0 xit de ſpiritu. Ergo ſtultißime errant, qui dicunt: Si

86.0 1360.0 771.0 67.0 ſcirem me prædeſtinatum ad uitã, facerem bona opeᛘ

82.0 1410.0 777.0 68.0 ra, melius inſtituerem uitam &c·Pij contra, qui ſciᛘ

82.0 1461.0 769.0 78.0 ue ſalutem in manu Deipoſitam, eum laudant &

853 162 207 63 prædeſtinatio

856 213 197 73 cõſoletur nos

671.0 1523.0 66.0 51.0 O 3
