1208 1850
140 121 639 56 IN EPIST· AD ROM·

77 191 780 53 tur, ut dimittatur peccatum, non ut porrò fiat, hic

76 240 785 56 te agitat, ut Dei gratia opera facias, non ex tua naᛘ

75 285 786 63 tura· Eſt igitur contra eos hoc Caput, qui hodie blaᛘ

75 337 786 59 terant, nos prohibere bona opera, cum non intelli¬

79 384 785 64 gant, quæ ſint bona aut mala: non norunt ea bona eſᛘ

78 436 784 61 ſe tantum, ad quæ nos trahit Spiritus ſanctus, per

80 486 787 60 quæ certificamur, nos placere Deo, dum ſic in ijs cru

82 538 786 59 cifigamus carnem noſtram, & ſerutamus neceßitati

87 586 780 61 proximi gratis, & hilari adfectu: mala uero, quæ¬

85 640 780 61 cunque ex natura fiunt, & non impulſore Spiritu

92 686 133 69 ſancto·

817 159 38 0 58

351 769 252 76 Abundet.

143 847 729 61 Vide inſignem ſtulticiam carnis: uult peccatum

92 898 779 59 eſſe cauſſam gratiæ, quid magis contumelioſum in tia·

91 950 785 58 Deum dici poteſt, quàm quod peccatum meum cauſᛘ

96 997 778 60 ſa ſit ſalutis? Ideo ſaluor, quia pecco: talia putat raᛘ

94 1048 778 59 tio inferenda, ad ea, quæ Cap·quinto dicta ſunt·

97 1099 774 59 Euangelium non docet peccare, ſed ſi peccaſtt, te

94 1151 780 58 non damnatum: promittit tibi remißionem pecca¬

95 1201 778 56 torum, ex bona Det uoluntate, & gratia, non ut

97 1250 777 58 pecces, ſed ut deſinas peccare. Hic in hanc ſolam

98 1301 770 55 tibi erit reſpiciendum, non in tuum peccatum &

100 1348 776 57 malitiam, quæ non ſalutem, ſed damnationem me¬

99 1401 775 55 retur. Commendatur quidem magnitudo grattæ ex

101 1447 776 61 peccato noſtro, non tamen eſt cauſſa ſalutis, ſed

99 1499 776 67 ipſa gratia, qua dimittitur peccatum. Si enim pec¬

884 889 187 1 Carnis ſtulti¬

884 936 54 0 tia·

683 1560 80 54 H 2
