1185 1843
399.0 96.0 609.0 53.0 COMMENT· POMER·

319.0 162.0 767.0 57.0 non moratur, quicquid etiã feceris tuis uiribus. Itaq;

322.0 208.0 764.0 63.0 ſatis clarum eſt, ex primo exemplo, de duobus filijs

320.0 259.0 771.0 65.0 Abrahæ, ſolam fidem & Dei promißionem facere fiᛘ

322.0 311.0 151.0 58.0 lios Dei.

116.0 475.0 193.0 64.0 Electione filij

119 526 197 65 facti ſumus,

117.0 583.0 181.0 57.0 non merito·

434.0 368.0 529.0 59.0 Non ſolum autem hoc.

370.0 440.0 721.0 63.0 Alterum eſt exemplum, quo ſententiam ſuam cõᛘ

324.0 491.0 765.0 64.0 munit Apoſtolus, nempe, ſola Dei electione nos fie¬

324 543 770 61 ri Dei filios, non noſtris meritis aut uiribus· Potuiſ¬

323.0 593.0 771.0 62.0 ſet enim ſapientia carnis ſic contra obijcere: Non mi

322.0 644.0 776.0 60.0 rum eſt Iſmaëlem abiectum, quia fuerat natus ex an¬

323.0 695.0 769.0 59.0 cilla, ipſum uero iſaac ſuſceptum in hæreditatem, ꝗ

323.0 742.0 773.0 60.0 Sara domina eum enixa ſit: hanc obiectionem Paulus

323.0 793.0 772.0 59.0 diluens, alterum hoc oppoſuit exemplum de lacob et

327.0 843.0 769.0 60.0 Eſau, quo ſanè grauißime perſtringit in uniuerſum

326.0 896.0 768.0 57.0 totam humant ingenij, ac rationis acrimoniam, ut

328.0 943.0 769.0 60.0 palàm uideas, hic nihil aliud in cauſſa eſſe, quod maᛘ

329.0 997.0 764.0 58.0 ior abijciatur, & minor ſeruetur, quàm ſolam Dei,

329.0 1046.0 762.0 57.0 quæ latet omnem ſapientiam carnis, uoluntatem &

327.0 1095.0 768.0 55.0 electionem, tametſi etiam hæreditas ad maiorẽ natu,

331.0 1145.0 771.0 59.0 ſecundum legem (Deuter. 13.) pertinebat. Hic non

331.0 1196.0 770.0 59.0 dixeris, Deum feciſſe contra legem, nam legem de¬

332.0 1245.0 771.0 59.0 dit hominibus, ſub qua omnes concluderẽtur: ipſe ueᛘ

332.0 1295.0 771.0 57.0 ro ſub ea concludi non uoluit, liberum eſt illi quiduis

332.0 1347.0 770.0 62.0 agere. Ergo non alia huius factiratio hic dari poteſt,

335.0 1397.0 320.0 65.0 quàm prædeſtinatio.

400.0 1474.0 634.0 70.0 Rebecca ex uno conceperat.

991.0 1530.0 124.0 65.0 Scilicet
