1182 1827
149 71 640 72 IN EPIST· AD ROM·

283 141 286 71 Porro ſpes.

805 76 41 73 97

127 206 723 58 Id eſt, res quæ ſperatur ·SI VIDEATVR·

84 252 768 59 Scilicet, coràm ·NONEST SPES· Id

85 301 770 61 eſt, ſpes tantum eſt de futuro bono, non præſen¬

82 355 768 61 ti·q.d. ſumus adhuc in regno fidei, id quod ſumus,

82 401 767 64 nempe, filij Dei, nondũ eſt reuelatũ ·QVOD

82 453 776 62 ENIM QVIS CERNIT· Scilicet, ob ocu

77 501 779 62 los poſitum ·SI VERO QVOD NON

75 553 540 69 VIDEMVS· Scilicet, adeſſe·

154 625 701 70 Speramus, id per patientiam

83 692 303 61 expectamus.

134 756 722 54 Scilicet, crucis: interim opus eſt patientia·Simiᛘ

81 799 778 60 lia aduertis in carnalibus exẽplis, cum ſperas te pul¬

83 849 773 56 chrã & bonam uxorem ducturum, ſuſtines omnia,

79 893 777 69 Eurris ſurſum ac deorſum, imò & in feruitutem te

79 951 782 62 conijcis propter eam, ut lacob fecit: Spes eſt quæ te

81 1000 782 60 conſeruat & patienter omnia ferre iubet· Præterea

83 1051 778 62 fi quid magni tibi promißum fuerit, id expectas ſum¬

83 1101 771 59 mo deſyderio, ſed priusquàm id ueniat, multa inte¬

86 1151 770 61 rim ſunt ſuſtinenda, quæ intercidunt· Quemadmo¬

86 1200 775 59 dum pater puerum Pædagogo tradit imbuendum, is

83 1247 778 62 cogitur aliquãdiu ferre tyrannidem & plagas, donec

84 1300 778 60 intelligat ſe & honore & doctrina auctum, quæ res

83 1350 780 61 tum eſt admodum iucunda, licet priora peracerba

82 1400 776 61 uidebantur, quæ & patientia uicit: ita Chriſtiano nõ

78 1451 772 79 mſi per patientiam in cruce eſt permanendum, do¬

683 1509 79 57 N

868 892 79 86 Spes·
