1186 1828
118 82 649 59 IN EPIST· AD ROM·

83 153 773 55 uult ille tantum eos, qui per promißionem ſunt Abraᛘ

81 197 772 61 hæ filij, qualis erat Iſaac. Ideo́ & Chriſtus Iudæos

80 247 771 61 in Iohanne reprobat, dicens: Si filij eſſetis Abrahæ,

80 298 774 60 uti faceretis opera Abrahæ, id eſt, crederetis in

82 348 772 58 Deum, quemadmodũ ille credidit·Fides filios Det faᛘ

82 403 773 55 cit, non caro: ergo omnes ſunt impiorũ filij, quot¬

85 448 770 57 quot iuſticijs externis nituntur. Sie conciliabis lohan

85 496 772 59 nem & Chriſtũ, dum uarijs nominibus Iudæos appelᛘ

84 547 768 59 lant: iam genimina uiperarum, nationẽ prauam &

85 599 773 50 adulterã, nunc ex Diabolo patre natos· Ex Iſmaëlis

89 646 769 61 familia, ſunt oẽs Monachi & operarij carnis, qui ſuᛘ

86 697 772 59 perbiunt corã hoc mundo, & quibus primus, pro¬

87 746 769 62 pter ſanctitatẽ, qua nitent externe, defertur honos·

88 797 772 60 Ex Iſaac autẽ familia, qui ignorant opera bona, qui

86 844 773 64 bus confidant, ſed tantũ Chriſtũ crucifixũ nouerunt.

786 67 61 74 n0

105 919 689 65 Sed qui ſunt filij promiiſionis.

137 984 723 53 Promißio Det, eſt fides noſtra, id eſt, quicũq; fide

89 1027 770 61 Deo promittẽti credũt, hi ſunt uerũ ſemen Abrahæ¬

119 1083 741 66 Promiſſionis enim ſermo hic eſt.

93 1144 384 68 In tempore hoc.

110 1210 750 54 Vt in Geneſi legis. q. d. Dominus: Vbi ad te redieᛘ

91 1256 767 56 ro, anno reuoluto, habebis ex Sara filiũ· Mirum eſt,

90 1303 772 61 ſi in infœcundam & uetulam mulierem, aut in ſenem

89 1354 772 60 Abrahamũ reſpiciamus, ſed hic fœcundum eſt Verᛘ

91 1404 773 62 bum Dei, ut maxime infœcundi ſint, Sara & Abraᛘ

89 1456 779 75 ham, ergo fidei filius eſt iſaac, nõ carnis :Deus carnẽ
