1217 1849
163 114 639 58 IN EPIST· AD ROM·

100 185 777 56 tur· Eſt autem hic totus locus attentionis, quo uideas,

102 234 780 58 quàm rem grandem ſit dicturus·Sed utinam hanc ſenᛘ

99 283 779 60 tentiam hodie ratam haberent noſtri, qui perſecutioᛘ

102 336 778 56 nem patiuntur propter Euangelium· Siquidem tantaᛘ

102 383 775 64 res eſt, quæ explicari nõ poßit· Ideo exponit, dicẽs·

304 451 395 59 Potentia Dei eſt.

158 515 723 53 Scilicet Euangelium·Tanta potentia Dei exerceᛘ

103 561 780 60 tur in cordibus noſtris quãdo credimus, quanta Chriᛘ

101 612 782 62 ſtum ſuum ſuſcitauit à mortuis· Quis igitur non ui¬

100 659 782 65 det à ratione noſtra fidem, & Euangelium non poſſe

101 711 781 65 comprehendi, cum tamen interim ſomniemus quan¬

101 764 775 57 dam carnis libertatem: quando audimus prædicari

98 813 780 63 Euangelium, putamus id eſſe in noſtra poteſtate, ſed

102 865 771 59 non eſt-Eſt ergo Euangelium inſtrumentum quoddã,

99 916 777 57 quo Deus ſalutem noſtram in cordibus noſtris opera¬

96 964 776 59 tur: Siquidem Deus per nihil aliud ſalutem operatur,

97 1013 779 62 quàm per Euangelium, hoc modo uetuſtatem no¬

99 1065 314 64 ſtram interficiendo·

839 110 43 59 10

886 636 198 92 Euangeliũ inᛘ

886 711 196 74 ſtrumentũ eſt

299 1125 363 59 Omni credenti .

143 1184 728 55 Id eſt, corde ſuſcipienti Euangelium, nam corde

95 1232 776 60 creditur ad iuſtitiam, non ore, aut alio membro, uel

94 1278 779 62 operibus· Non eſt igitur aliunde expectanda ſalus,

94 1328 779 67 quàm à Deo per Euangelium, quod mihi fit ſalus &

92 1379 781 66 potentia Dei, cum credo. Ergo filij maledictionis ſunt

91 1431 510 68 & damnationis, qui non credant·

378 1489 204 73 ludæo.

879 1263 189 85 Nulla ſalus,

879 1335 196 59 niſi per Euanᛘ

880 1380 122 65 gelium·

693 1557 55 56 B2
