1182 1840
156 92 645 62 IN EPIST· AD ROM·

96.0 158.0 780.0 58.0 eis non ſunt commiſſa, & tamen de ſpiritu interim

96.0 207.0 780.0 60.0 multum gloriantur, qui facile potest dijudicari à Chriᛘ

97.0 256.0 776.0 61.0 ſtianis, ſiquidem qui non loquitur de Chriſto, ipſum

97.0 307.0 775.0 63.0 eſſe redemptionem noſtram, non poteſt eße bonus ſpiᛘ

96.0 357.0 774.0 63.0 ritus Sunt hodie nõ pauci tales ſprritus, qui quis in

97.0 409.0 770.0 62.0 ſpeciem uidentur damnare opera, tamen uenenum

95.0 459.0 615.0 60.0 alunt intus, & fallunt ſimplices mentes¬

158.0 519.0 612.0 59.0 In obedientiam Gentium.

141.0 579.0 657.0 55.0 Vt obediant Gentes Euangelio, & Chriſto.

95.0 622.0 770.0 63.0 VERBO. Id eſt, admirabili prædicatione· FA

94.0 675.0 400.0 58.0 CTO· Id eſt, miraculis·

158.0 732.0 583.0 67.0 Per potentiam ſignorum.

140.0 792.0 726.0 56.0 Id eſt, ipſius ſpiritus Det, qui omnia hæc facit: noᛘ

94.0 840.0 768.0 59.0 ſtri quoq hodie requirunt miracula, ſed interim cæci,

93.0 891.0 772.0 56.0 non uident innumera miracula: præterea, & hanc

92.0 940.0 770.0 60.0 noſtram prædicationem etiam, Apoſtolorum mille mi·

91.0 988.0 326.0 53.0 raculis confirmatam·

812 87 66 70 166

164.0 1049.0 442.0 57.0 Vt ab Hieruſalem.

143.0 1110.0 713.0 61.0 Quia inde ortum eſt Euangelium, ſecundũ Mich.

93.0 1158.0 399.0 57.0 4 · et Eſa·2·prophetiam·

141.0 1214.0 546.0 60.0 Et in circumiacentibus.

131.0 1273.0 727.0 58.0 Id eſt, propagatum eſt per me Euangelium ab Hie

82.0 1319.0 732.0 64.0 ruſalem, uſ ad Illyrios, qui uicini ſunt Vngaris·

138.0 1382.0 440.0 58.0 Ita porro annitens

134.0 1439.0 720.0 61.0 Id eſt, ibt conatus ſum Euangelium prædicare,

82.0 1487.0 703.0 67.0 ubi nec nomen Euangelij antea auditum fuerat·
