1208 1864
433 99 632 62 COMMENT· POMER·

596 165 285 68 Fidem Dei.

409 228 723 62 Id eſt, fidem in promißiones Dei. Itaq; hic obſer

358 278 772 63 ua, fides Dei ea eſt, qua Deo credimus, & eius Ver

356 328 771 60 bo, non qua Deus credit. Nemo autem credit Deo,

353 376 775 65 niſi loquatur, ſicq; uerbum materiam (ut ita dicam)

354 427 775 64 fidei exhibet, in qua exercetur. Sic Chriſtus loquitur

354 478 775 62 de fide Mar.11.Habete fidem Dei&c. ILLO¬

356 527 635 68 RVM. Scilicet, qui noluerunt credere.

640 600 169 63 Abſit.

405 664 724 59 Tametſi Deus promiſerit, & Iudæi non credideᛘ

352 713 777 59 rint, non ſequitur Deum eſſe mendacem, ut caro in¬

352 763 773 59 fert· Deus non poteſt mentiri, promiſit credentibus,

352 811 774 61 non incredulis· Nam promißio ibi tantum eſt promiſ¬

353 860 769 68 ſio, ubi eſt fides·Manet ergo Deus uerax, ut infert·

159 991 179 65 Natura ſu¬

146 1050 194 48 mus menda¬

147 1102 68 58 ces·

669 929 106 51 Sit.

393 982 726 54 Id eſt, maneat· Nos ex natura ſumus mẽdaces &

352 1028 767 63 peccatum · Quicquid de pictate loquimur, menda¬

349 1078 778 63 cium eſt & hypocriſis· Deus non poteſt fieri men¬

349 1129 783 64 dax, ettam ſi totus mundus periret, credentes acci¬

350 1179 554 63 piunt, quod incredult non merentur·

552 1246 326 59 Vt iuſtificeris.

397 1309 534 58 Id eſt, O Deus, ut tuſtus inueniaris.

623 1364 190 61 Vincas.

396 1428 732 62 Scilicet, ſentientes contra tuam ueritatem, ſcilicet,

348 1472 347 65 te non inueniri iuſtum.

960 1527 170 61 Iudicaris ·
