1176 1849
445.0 87.0 627.0 54.0 COMMENT· POMER·

357.0 157.0 768.0 58.0 nec ueniat, qui uenturus eſt, quemadmodum uides in

356.0 204.0 296.0 56.0 Abacuc Propheta·

419.0 269.0 701.0 66.0 Conſimiliter autem & ſpiritus

353.0 335.0 718.0 68.0 auxiliatur infirmitatibus noſtris.

401.0 417.0 720.0 58.0 Conſolatio hæc eſt in primis memoranda, ſiquidẽ

350.0 465.0 768.0 59.0 ducit argumentum Paulus à facili·q·d· Quamuis

349.0 516.0 770.0 58.0 patiamur & Sathanæ & mundi iniurias, idq́; omniũ

349.0 564.0 772.0 61.0 creaturarum conſortto, tamen ne ulla deſperationis coᛘ

352.0 616.0 768.0 58.0 gitatio nos uincat, qua ob oculos nobis ponitur, Deũ

348.0 664.0 766.0 61.0 non eſſe noſtrum Deum, non eſſe patrem noſtrum:

347.0 714.0 770.0 61.0 Item, oblitum noſtri, ſcitote, & ipſum Dei ſpiritum

347.0 765.0 771.0 57.0 uobis auxiliari, non putate uos derelictos, etiam in

348.0 815.0 768.0 60.0 perturbatißima cruce, ſiquidem non poteſt non eſſe

345.0 865.0 771.0 60.0 uobiſcum, etiam in morte, Dei ſpiritus: hic uos conᛘ

348.0 913.0 768.0 63.0 ſeruat, hic aduerſus peccatum uos confirmat, nam

346.0 962.0 771.0 65.0 cum ſitis filij Dei, qui fieri poteſt, ut non omnia

344.0 1015.0 772.0 64.0 agat in uobis & ſuſtineat? Eſt hic arrabo uobis, uos

346.0 1063.0 771.0 64.0 pertinere ad regnum Chriſti, hic ſolus certas reddit

344.0 1114.0 768.0 66.0 conſcientias ueſtras, uos eſſe in Dei manu, omnia

345.0 1160.0 773.0 67.0 fieri Dei uoluntate· Multi uero, qui hoc carent ſpiriᛘ

344.0 1214.0 776.0 61.0 tu, in tentatione deficiunt: Iudas & Cayn abſorpti

346.0 1264.0 773.0 61.0 ſunt ab inferno, nam hoc auxiliatore carebant. Vi¬

345.0 1310.0 773.0 69.0 des hoc horrendum Dei iudicium, in Parabola, de ſe

344.0 1367.0 774.0 63.0 mine expoſitum, nam quantula pars eſt eorum, qui

345.0 1414.0 774.0 65.0 per terram bonam ſignificantur? Tres ſunt partes coᛘ

343.0 1469.0 776.0 70.0 rum, in quibus uirtus Dei non operatur, quantumuis

1014.0 1534.0 104.0 51.0 etiam

143.0 585.0 191.0 59.0 Spiritus ſan¬

142.0 636.0 183.0 61.0 cti auxilium·
