1195 1837
135 83 650 70 IN EPIST· AD ROM·

80.0 154.0 790.0 66.0 ſed ideo abiectus eſt, ut prouocaretur per prodigum

82.0 201.0 786.0 68.0 fratrem, ad agnitionem liberalitatis, & charitatis

80.0 254.0 788.0 65.0 paternæ, & ne crederet ſe ex hoc hæredem fore bonoᛘ

79.0 306.0 788.0 64.0 rum, quia diligenter in agro laborarat, quare etiam

80.0 354.0 786.0 67.0 amice ipſum adloquitur pater: Fili, omnia mea tua

81.0 405.0 786.0 65.0 ſunt, ꝗ d. Non ob id quia laboraſti in agro, ſed quia

77.0 456.0 789.0 64.0 te diligo, & es mihi natus filius: quid fecit bont aliᛘ

82.0 506.0 782.0 62.0 us frater tuus? certe nihil, tamen poßidebit mea bo¬

82.0 557.0 782.0 63.0 na, ſaltem ob id, quia diligo eum: diſce ergo ex hac

78.0 608.0 780.0 59.0 mea beneficentia erga fratrem tuum, me non reſpiceᛘ

77.0 658.0 781.0 61.0 re in opus aut laborem externum, ſed quod facio, graᛘ

78.0 705.0 779.0 63.0 tis facio, quia pater. Hac ratione uoluit Deus ludæos

76.0 759.0 781.0 60.0 Iuſticiarios, per aſſumptionem gentium, ad agnitioᛘ

75.0 809.0 781.0 60.0 nem ſuæ gratiæ prouocare, quo diſcerẽt, Deum non

76.0 858.0 781.0 60.0 reſpicere opera legis dum nos ſaluat, ſed ſolum om¬

74.0 909.0 783.0 59.0 nia ipſum agere ex miſericordia: ſic debebant & no¬

71.0 957.0 786.0 64.0 ſtri hodie pudefieri, qui ſtupidi, tribuunt omnem iuſtiᛘ

74.0 1010.0 779.0 59.0 ciam ſuis meritis, non diuinæ gratiæ: ergo cadunt

72.0 1059.0 772.0 62.0 quidam ex electis, non ut nunquam ſurgant, ſed ulᛘ

72.0 1107.0 773.0 62.0 diſcant, quomodo ſurgendũ ſit: non eſt ira hæc Dei

77.0 1160.0 774.0 57.0 ſiné miſericordia: ideo traſcitur, ut tandem miſe¬

76.0 1206.0 774.0 60.0 reatur noſtri. Abiecti ſunt in ira Iudæi, ſed ut olim

76.0 1260.0 775.0 62.0 per miſericordiam reſtituerentur, quod factum est

74.0 1311.0 778.0 60.0 multis, qui cum aliquandiu uixiſſent in operibus le¬

76.0 1361.0 768.0 60.0 gis, audientes Euangeliũ, dubitare cœperunt de illis,

72.0 1415.0 771.0 54.0 nam ne uerbum quidem inuenerunt in Scripturis,

69.0 1463.0 776.0 74.0 quod opponerent gratiæ in defenſionem operum. Sic

822 105 37 54 E.

861 1074 194 71 Electi quidã

856 1128 179 64 cur cadunt·

692.0 1523.0 27.0 50.0 R
