1183 1819
156 68 632 72 IN EPIST· AD ROM·

812 57 49 68 112

133 135 731 59 Scilicet, congreſſu·q. d.Paulus: uerum eſt, di

92 182 771 68 uerſas matres fuiſſe, diuerſos congreſſus carnis, in

94 237 769 61 primo exẽplo, at in hoc, una eſt mater, unus con

95 284 769 64 greſſus, tamen qui primus naſcitur, abijcitur, poſteᛘ

94 331 748 66 rior benedictionem Dei obtinet, id quod declarat¬

162 403 710 73 Nondum enim natis pueris, cũ

99 467 389 75 nequeboni &c.

144 535 729 51 Ecce ubi hic eſt meritum, cum nondum eſſent naᛘ

94 579 779 63 ti, omnia aguntur occulto & admirabili Dei iudicio.

172 640 702 63 Vt ſecundum electionem, pro

102 695 504 74 poſitum maneret Dei.

151 766 727 55 Id eſt, illud tantum firmum eſſet, quod Deus ſe¬

99 812 779 66 cum ſtatuerat: ut cum quæreretur, quare ſic factum

103 859 547 64 eſt, reſponderetur, Deus ſic uoluit·

258 921 427 60 Non ex operibus.

152 981 727 60 Scilicet, quæ nulla adhuc fecerant, quia nondum

102 1027 96 64 nati·

885 516 185 72 Merita no¬

885 576 147 72 ſtra nulla·

296 1088 368 54 Ded ex uocante.

152 1145 728 51 Id eſt, uoluntate Dei ·DICTVM EST ILᛘ

102 1189 778 63 LI· Scilicet Rebeccæ, non propter opera, quæ nõ

105 1239 577 61 fecerant, ſed propter Dei uoluntatem·

237 1301 510 58 Naior ſeruiet minori.

156 1359 717 58 Sic iudicauit Deus de illis, antequàmnaſcerentur,

100 1409 777 60 etiam contra omne ius primogenituræ. Iſaac uolens

97 1460 780 77 benedicere primogenitum Eſau, impeditur, namnõ
