1173 1845
774 89 61 64 150

133 101 636 69 IN BPIST· AD ROM·

120 165 723 67 Id eſt, quiſ certus ſit de ſua mente, ut ſibijpſi ſaᛘ

75 209 765 72 tisfacere poßit, quãdo quis certus eſt in mente ſua,

77 255 768 78 id quod facit placere Deo, tum ſibijpſi ſatisfecit, etiã

77 304 773 74 ſi totus mundus & Sathanas contradicat, ut ſi edat

77 353 773 81 feria ſexta carnes, aut aliud quid agat, quod medium

78 403 772 81 ſit. Rurſus ille quoq; qui non edit carnes, ſi certus eſt

81 457 769 71 in ſua conſcientia, id placere Deo, quod non edat,

79 502 778 80 ſibijpſi ſatisfecit, tdeo́ ex fide quiſq; quod facit, fa¬

79 556 779 73 ciat, id eſt, ſi incertus fuerit, peccabit, etiam ſi fa¬

82 604 775 75 ciat, aut nõ faciat. Nõ edes carnes, niſi ſcias nõ eſſe

83 656 775 74 peccatũ: nõ abſtinebis, niſi ſcias non te peccare, ſiᛘ

84 709 770 77 abſtines·Hæc oia de Chriſtianis & fratribus loquitur

86 761 695 75 Paulus, non de Phariſæis, qui non ſunt fratres.

284 837 382 61 Qui diem curat.

138 886 725 71 Qui diſcernit diem ab alio die, ut nos domini¬

93 936 514 77 cam, ab alijs, item, feſta quædam·

291 1004 355 62 Domino curat.

154 1057 711 62 Id eſt, contrarium non audet facere· Magna

94 1098 773 73 hic dicit Paulus, quod etiam ſuperſticioſiora fiant

94 1149 774 76 propter Deum in infirmioribus, id eſt, in illis qui ad

95 1213 232 59 huc docentur·

96 1258 777 70 Qui non curat, Domino nõ curat.

142 1312 731 72 Qui non diſcernit diem ab alio, quod faciunt qui

99 1360 770 78 intelligunt libertatem Chriſtianam, propter Deum

104 1423 139 60 id facit·

127 1478 713 79 Qui ueſcitur, Domino ueſcitur.

707 1581 59 0 V4

866 334 186 7 Conſcientia

866 384 189 5 certa omnia

866 436 137 4 facienda·
