1168 1835
238 87 526 56 EPIST· AD ROM·

113 154 728 60 Id eſt, tranſgrederis legem. Tu dicis, Gentes ſunt

70 203 770 58 maledictæ, quia non habent legem: At interim, tu

70 252 768 64 hypocrita, non uides quod ipſe ſis tranſgreſſor legis·

73 304 768 60 Quicunq; enim non erudiuntur ſpiritu, non poſſunt

70 353 772 60 niſi craſſa peccata cernere: bypocritarum peccata laᛘ

69 405 768 57 tent & al ſconduntur in eorum ipſorum damnationẽ,

73 452 766 61 non uident infidelitatem eſſe peccatum, & ſoli Deo

77 501 767 62 fidendum, neſciunt: qui hoc non uident, non uident

75 552 771 61 odium & inuidiam quo laborant, nec uident concu¬

78 603 769 59 piſcentiam eſſe peccatum· Somniant interim ſibi iuᛘ

75 654 774 62 ſticiam ex ſuis operibus quæ faciunt· Sunt igitur de¬

73 706 777 56 teriores Gentibus, contemptores ſunt & irriſores noᛘ

76 753 773 59 minis Dei in cordibus ſuis, ut Pſalm· Dixit inſipiens

79 802 771 66 &c·'indicat, hæc quia manifeſta ſunt, non libet pluᛘ

76 856 253 59 ribus perſequi·

793 125 45 0 22

855 376 192 59 Qui non eruᛘ

848 428 200 57 diuntur ſpiri¬

848 474 200 63 tu, nil niſi pecᛘ

850 532 195 60 cata cernunt·

236 914 415 54 Namnomen Dei.

137 972 721 55 Vides Paulum in hoc Cap· de occulta impietate

81 1014 784 71 & ficta ſanclitate loqui, propter quam nemo male

79 1069 786 61 audit inter homines, ſicut hactenus in Monachis ex¬

81 1113 771 72 perti ſumus, nemo nõ rectißime de ipſis ſenſit· Quid

81 1169 772 60 ergo dicemus ad Paulum, cum illam occultam hypo¬

81 1216 773 64 criſin non iudicet mundus? Reſpondeo· Iſta ſancti ¬

85 1270 769 59 tas ſimulata, non poteſt ſe continere, quin aliquanᛘ

87 1318 770 61 do prodat ſe ſuis fructibus: ſicut hodie nemo non ha¬

83 1369 773 58 bet in ore Monachos, nemo non ridet eorum ſan¬

82 1420 775 59 ctitatem, reuelata eſt iam ignominia huius meretri¬

79 1468 776 71 cis, ut & pueri in plateis ipſam rideant uulgæribus

872 1001 185 92 Ficta ſancti¬

869 1071 58 69 tas·
