1197 1847
132.0 753.0 195.0 62.0 Spiritus blaſ¬

136.0 801.0 139.0 71.0 phemie

410.0 96.0 617.0 58.0 COMMENT· POMER·

395.0 166.0 628.0 65.0 Reliqui uero excæcati ſunt.

379.0 244.0 722.0 63.0 Id eſt, quotquot ſunt extra electionem, ij quan¬

334.0 293.0 774.0 65.0 tumuis uideantur eſſe iuſti, cæci ſunt, neq; poſſunt

334.0 345.0 772.0 60.0 oculos in Dei tuſticiã, id eſt, gratiam intendere. Sũt

334.0 397.0 771.0 59.0 autẽ ijomnes extra electionem, quicun fidunt opeᛘ

334.0 446.0 765.0 59.0 ribus, quales ſunt omnes, in regno Papæ uiuentes,

338.0 496.0 770.0 57.0 qui ſunt inimici Dei, nam ducuntur carnali quadam

337.0 546.0 769.0 63.0 ſapientia, quæ eſt ſtultitia coram Deo, qua & excæ

337.0 597.0 305.0 55.0 cantur· Hinc addit

401.0 650.0 706.0 69.0 Quemadmodum ſcriptum eſt,

339.0 705.0 744.0 75.0 dedit eis ſpiritum compunctionis.

390.0 780.0 712.0 57.0 Vel exacerbationis, aut amarulentum ſpiritum,

338.0 826.0 769.0 61.0 quo compungantur, ſeq; ipſos mordeant, ira & inᛘ

336.0 874.0 769.0 60.0 uidia æſtuent, quem ſpiritum uidemus habere omnes

336.0 921.0 776.0 67.0 tuſticiarios: hic ſpũs alius nõ eſt,  blaſphemiæ·Cũ

337.0 976.0 772.0 62.0 enim uident gloriã Det per Euangelij prædicationẽ

338.0 1026.0 774.0 62.0 manifeſtari, ſtatim tanquam amentes proſiliunt, uoᛘ

336.0 1080.0 776.0 57.0 ciferantes: Bona opera, bona opera, non Euange¬

338.0 1123.0 775.0 68.0 lium me ſaluabit, quod quid aliud eſt, quàm peßimeᛘ

337.0 1175.0 779.0 64.0 de Deo ſentire, illius́ gratiam pedibus conculcare¬

340.0 1229.0 773.0 58.0 Id faciunt hodie, quos Clericos uocamus, aut Sacerᛘ

341.0 1277.0 776.0 62.0 dotes, & Venerabiles Altariſtas, non reuerentur noᛘ

340.0 1328.0 780.0 59.0 men magni Dei, ſtatuunt ſua, & defendunt tantum

341.0 1374.0 780.0 65.0 conuitijs & conſuetudine, non Scripturis, ſiquidem

341.0 1429.0 762.0 60.0 eas nunquam attigerunt, cur autem attingerent,

339.0 1474.0 766.0 76.0 qui non iutelligant titulum unius libri Sacrorum Bi¬

962.0 1536.0 153.0 61.0 bliorum·
