1209 1849
410.0 80.0 636.0 59.0 COMMENT· POMER·

331.0 149.0 777.0 57.0 omnia docere bona conſcientia, ſed ipſi uiderint:

330.0 194.0 781.0 64.0 Ideo & Paulus hic ſubijcit, ſtudium habent, ſed non

332.0 245.0 774.0 62.0 ſecundum ſcientiam, id eſt, certißimam intelligentiã,

331.0 295.0 777.0 64.0 quæ ex ſolo Dei Verbo & ſpiritu eſt, non recte intelli

334.0 349.0 771.0 61.0 gunt, neq; norunt, quid uelit Dominus in Scripturis.

391 397 712 72 Nam ignorantes Dei iuſticiam.

377 460 730 63 Id eſt, fidet, qua ſolus Deus nos iuſtificat, unde

332 512 407 65 & altas humanas uocamus·

390.0 582.0 716.0 77.0 Et propriam iuſticiam quærẽtes:

141 682 191 70 Iuſticiæ Dei

126.0 736.0 182.0 58.0 & humanæ

128.0 780.0 176.0 90.0 afferentia·

373 644 735 60 Scilicet, operum, uirium humanarum. Potes er¬

343 688 765 73 go hunc locum obſervare diligentius, ut ſcias auæ ſit

332.0 745.0 776.0 61.0 differentia iuſticiæ Dei, & operum, quæ coram Deo

331.0 796.0 779.0 60.0 tantum ualeat, & quæ tantum oculos hominum fal¬

333.0 845.0 776.0 59.0 lat Fiert autem non potest, quemadmodum hic dicit

332.0 894.0 778.0 64.0 Apoſtolus, ut ſimul tuam ſtatuas iuſticiam, & Dei:

332.0 942.0 778.0 70.0 ſuperbus erat Cayn, ſuperbi ludæt: nolebant ſub¬

333.0 996.0 773.0 62.0 diti eſſe iuſticiæ Dei, id eſt, nolebant obedire Deo,

333.0 1045.0 777.0 63.0 nempe negabant ſolam Dei miſericordiam, ſatis eße

333.0 1095.0 778.0 63.0 ad ſalutem: quod & hodie noſtri faciunt, tam duræ

334.0 1146.0 776.0 63.0 ſunt ceruicis, & ſuaue iugũ Chriſti, ut maxime com¬

334.0 1199.0 769.0 61.0 modum ſit, ferre nolunt. Sed Deus ſuo tempore, &

341.0 1248.0 631.0 62.0 ſpecies contemnet & abijciet, addit ergo

384 1307 628 56 NAM PERFECTIO. Id eſt, finis

462.0 1357.0 371.0 65.0 Legis Chriſtus.

380.0 1416.0 728.0 63.0 Id eſt, Nihil tibi legis deeſt, nihil eſt quod non imᛘ

331.0 1461.0 442.0 75.0 pleueris, ſi Chriſtum habeas.

1047.0 1517.0 51.0 66.0 Ad
