1187 1844
416 82 653 61 COMMENT· POMER·

154 306 179 62 Gratia De¬

140 362 149 74 enmenſa.

341 153 787 61 perſpiciamus, ſitiamus́ uehementius, nam niſi

341 201 786 60 hoc fieret, nunq quæ uirtus eius, & quantus ſit erga

340 250 789 61 nos fauor illius, deprehẽderemus. Sui itaq; hæc omnia

343 338 786 10 ſunt conſilij, non noſtri, quamuis multa curioſe, vel

342 350 784 62 inquiramus, et interim ratiocinemur, non eſt quod

339 401 785 58 cum illo contendamus: melius omnia (licet ſtultißima

340 453 782 61 quandoq; nobis adpareant) inſtituit de nobis, quã un

338 505 786 59 quam cogitare poſſimus: uult ergo ut ipſi accepta omᛘ

339 555 779 59 nia feramus, non abijciamus quancun occaſionem,

339 606 771 56 qua nos ad ſe allicere conatur. Sciamus nos eos eſſe,

341 657 777 53 qui inuenimus, non quærentes ipſum, dum́ ſumus

338 703 775 60 blaſphemi in nomẽ eius, tamen nobis neſcientibus,

339 756 769 58 nos ad eum properare. Quid igitur gloriabimur, 

337 805 778 59 uel ſimus, aut fuerimus ſine peccato? aut ꝗ ſtatim auᛘ

337 855 779 62 dita Euangelij prædicatione obſecuti ſinus? grauißi¬

338 907 773 55 me impegimus in illum ante·Nolunt & hodte multi,

336 958 779 59 ut maxime audiant prædicare, gratiam ſuſcipere, neᛘ

337 1009 773 62 gant eam, & blaſphemant: uerum iudicio Dei fit,

336 1059 778 62 quod eos agit, & in hoc impellit, quod quidem hor¬

335 1109 779 62 rendum eſt auditu: et hic caro ſe continere non po¬

334 1158 781 63 test, quin contra Deum expuat, et horribiliter in¬

336 1210 777 61 ſaniat, cum non nouerit, quàm bono animo, & pioᛘ

331 1256 785 67 conſilio id faciat, neſcit ideo eſſe blaſphemos, & cõ

332 1311 778 63 temptores Verbi quoſdam, ut aliquando reſipiſcant,

334 1358 780 68 ſentiant́ maiori affectu, quantæ ſint diuitiæ boniᛘ

334 1408 779 67 tatis illius, qui hæc agit ſic & inſtituit, non ut per¬

305 1455 656 88 dat ſuos, ſed ſaluet : ergo addidit Paulus.

997 1524 107 77 Vtom
