1210 1873
427.0 119.0 628.0 61.0 COMMENT· POMER·

270.0 172.0 54.0 53.0 III

400.0 198.0 719.0 51.0 In tertio, infert eã propoſitioné, quæ eſt ſtatus, &

346.0 234.0 774.0 66.0 cardo Epiſtolæ, dicens: Ergo oẽs homines ſunt pec¬

346.0 285.0 775.0 62.0 catores· At hactenus de morbo dixit, mox ſubijcit

346.0 334.0 764.0 65.0 remedium, dicens: Vnam & ſolam eſſe iuſtitiam,

346.0 385.0 771.0 65.0 quæ eſt per fidem in Chriſtum · Proinde, ne quis hanc

344.0 433.0 767.0 67.0 iuſtitiam eſſe nouum quiddã, aut confictum à quoq,

344.0 486.0 771.0 62.0 dicit, ipſam teſtimoniũ habere ex lege & Prophetis·

388 545 729 55 In quarto, confirmat multis argumentis ex ſcriptuᛘ

341 584 603 64 ris petitis, hanc iuſtitiam per Chriſtum·

385 634 731 67 In quinto, qui ſit fructus, & quæ utilitas huius iu

339 685 780 67 ſtitiæ, oſtendit, nempe pax & gaudium conſcientiaᛘ

337 739 781 64 rum, antea peccato miſerrime adflictarum: quæ qui¬

336 785 781 68 dem nemo adſequitur, niſi per hanc iuſtitiam· Dein¬

339 835 776 71 de confert gratiæ & peccatt uim, dicens, plus poſſe

341 889 773 67 gratiam per Chriſtum, quàm peccatum per Adam·

384 938 733 68 In ſexto, ponit occupationem contra eos, qui ubi

335 989 781 65 audiunt ex peccato abundare gratiam, ſtatim infe¬

335 1039 780 66 runt fortiter, ergo peccabimus: & ut maxime id ore

334 1089 783 67 non dicant, tamen in corde ita ſentiunt· Pij uero gauᛘ

334 1137 782 66 dent ſe libertatem conſcientiæ adſecutos, nec aliud urᛘ

338 1190 780 65 gent, ut impij, qui tamen primi uolunt eſſe inter Chriᛘ

334 1237 782 67 ſtianos·Paulus reſpondet· Non eſt porrò peccandũ,

333 1290 786 67 quando aboletur peccatum: conſcientiarum pax

333 1339 779 63 eſt ibi, quod ad Deum, & non ad peccatum attinet,

333 1388 697 69 Spiritus enim ſemper aduerſus carnem pugnat·

242.0 550.0 79.0 56.0 IIII

281 653 40 72 V

265 924 48 68 VI

375.0 1446.0 747.0 61.0 In ſeptimo docet, libere quiduis faciendum fore, ſiᛘ

329.0 1491.0 797.0 72.0 uetus Adam totus mortuus eſſet: at id dicit contra

243 1448 62 75 VII

1046.0 1556.0 70.0 54.0 cos
