1210 1852
422 84 613 57 COMMENT· POMER·

344 153 781 56 id eſt, ne quid tale in corde tuo ſentias, quo cupias rem

344 200 775 59 alienam, at puro & integro ſis adfectu in omnes:

344 248 769 57 id ubi natura, quia carnalis es, audierit, terretur,

343 296 776 64 & neceſſe eſt, ut emoriatur. Proinde, ſi ſpiritus im

343 354 779 58 perio cogatur obſequi, crucifigitur, inuitaq́; quicquid

353 396 764 63 eſt fpiritus legis fert. Hæc ergo eſt illa pugna carnis

353 442 765 67 & ſpiritus, quam nemo non ſenſit ſanctorum, pro¬

345 499 777 60 ponit́ ſeipſum exemplum: non autem audimus, qui

345 551 774 57 dicunt: non loquitur de ſe Paulus, ſed in perſona carᛘ

344 597 776 62 nalis hominis·Quid aliud hij faciunt, quàm quod ſaᛘ

343 654 776 53 xa & truncos ex ſanctis facere uolunt, & quaſi nunᛘ

345 698 767 61 quàm ſenſerint peccatum? Sed apertus eſt Textus,

344 748 766 59 clare uidebis de carnali homine non poſſe intelligi¬

345 798 773 61 Ego uiuebam ſine lege: Item, in me repertũ eſt & c¬

348 849 771 58 Quare non niſi de Paulo intelligitur hic locus, & in

344 903 777 56 eo de omnibus, in cuius exemplo, nos æſtimare poſ¬

345 949 774 61 ſumus reliquos ſanctos, cum ſumus omnes eiuſdem

347 1003 772 59 maſſæ: non carent illi peccato, dũ in hac carne degũt·

134 402 196 57 Pugna carnis

137 452 193 62 & ſpiritus·

484 1073 467 65 At ego carnalis ſum.

396 1135 719 57 Id eſt, non ſum Dei amans, ſed mihi, quæro mea,

347 1181 773 62 cum lex iubeat, ut non noſtra, ſed aliorum & Dei

350 1234 711 61 quæramus, quare meo uitio, lex mihi mala eſt ·

439 1308 554 61 Venditus ſub peccatum.

400 1372 720 53 Durißimum dominium ſuſtineo, factus manci¬

344 1421 774 55 pium : alludit autem ad ſeruos, qui olim uendebantur,

348 1459 781 90 & nunc alicubi, in perpetuam ſeruitutem· Vides igiᛘ

1059 1527 61 51 tur
