1206 1839
151 96 633 67 IN EPIST· AD ROM·

814 95 46 67 71

94.0 163.0 769.0 53.0 tuos· Duplicem uitam deſcribit, alteram carnis, id

94.0 207.0 768.0 60.0 eſt, ueteris hominis: alteram ſptritus, id eſt, nout hoᛘ

93.0 255.0 769.0 62.0 minis· Hæc ad peccatum pertinet, illa ad iuſticiã: in

90.0 306.0 772.0 64.0 carne eſſe, eſt ſpiritu nondum renatum eſſe, Iohã ·3·

352.0 378.0 232.0 74.0 Qui ſunt.

135.0 439.0 727.0 60.0 Id eſt, irritantur per legem. Primum, ipſi adfeᛘ

93.0 490.0 770.0 56.0 ctus per legem, quàm mali ſint, indicatur· Secundo

93.0 534.0 769.0 61.0 per illam, incipiunt inſantre, adeo, ut irritentur maᛘ

97.0 587.0 764.0 71.0 gis peiores́ fiant, tantum abeſt, ut iuſtificare poſ¬

99.0 636.0 119.0 67.0 ſit lex·

198.0 697.0 540.0 63.0 Affectus peccatorum.

102.0 756.0 763.0 57.0 .Hic uides quàm ſtulte Hypocriſis in externa ope¬

90 798 767 64 ra reſpiciat, quæ dum ſimulat, putat ſe ſatisfacere leᛘ

92 845 765 65 gi Sed Paulus hic adfectus peccatorum urget, oſten

94.0 904.0 773.0 58.0 dit́ concupiſcentiam ex lege, hæc non eſt in manu

90.0 953.0 776.0 56.0 mea, ſed in corde, uiget in tota noſtra natura, per

89.0 1004.0 777.0 58.0 Adam corrupta· Hæc libentius dico propter eos, qui

90.0 1052.0 774.0 60.0 multa de legis abrogatione ſcripſerunt, cum tamen

89.0 1102.0 770.0 59.0 nibil horum, quæ hic ſcribit Paulus, intellexerint,

90.0 1152.0 762.0 60.0 Ideo́ fruſtra legeris eorum commentarios, &

90.0 1203.0 773.0 56.0 maxime Origenis in hanc Epiſtolam: Non ſolum ex¬

87.0 1253.0 774.0 60.0 ternum adulterium prohibetur, ſed internum, quod

88.0 1302.0 726.0 60.0 intus ſolicitat: ita & de alijs peccatis dicendum·

348.0 1366.0 270.0 63.0 Vigebant.

110.0 1420.0 753.0 61.0 Id eſt, fortes erant, ut maxime opus externum nõ

88.0 1465.0 777.0 79.0 perficiamus, tamen ipſi adfectus præſto ſunt, & ſemᛘ

93 1521 204 77 per peccant·

874 796 189 72 Operib · nonᛘ

875 899 173 0 ſatis ſit legi.

693 1530 46 57 I 5
