1174 1838
160 87 626 56 IN EPIST· AD ROM·

90 155 764 58 ueniunt, & qui non quærunt, inueniunt· Fuit autem

88 202 765 64 maxime neceſſarium, ut illa doceret Paulus, ne quà

87 255 352 59 dubitaremus de gratia·

292 310 364 59 Veritatem dico.

131 369 730 58 Occupatione Pathetica utitur, quo magis perſpi¬

84 408 777 69 cuum fiat, quàm uehementer doleat perire Iudæos,

81 462 780 63 ex quibus ipſe quoq; natus erat·Hunc adfectum ha¬

86 515 773 58 bent omnes Chriſtiant, cum audiunt quoſdam peritu¬

86 565 770 59 ros: at ubi uident id Dei negotium eſſe, committunt

85 616 770 57 omnia ipſius iudicio, & dicunt: Fiat uoluntas tua¬

88 662 763 62 Videt uero libenter in nobis Dominus talem adfectũ,

86 716 769 56 quia teſtatur cor noſtrum, ex æquo in omnes homi¬

84 766 772 59 nes, ſiue amicos, ſiue inimicos, ex ſumma dilectio ¬

84 814 774 65 ne propenſum·Non poteſt enim quenq odiſſe cha¬

85 867 773 58 ritas, quæ docet, increpat, rogat, inuocat, omnia

87 914 765 62 pro inimicis facit, dum ſperat illorum ſalutem, &

84 968 775 57 temporalem & æternam. Sed fides, quæ in Dei tan¬

81 1023 777 52 tum uoluntatem dirigit oculos, dicit: Domine, tu es

85 1068 770 57 qui perdis et redimis, pereat, qui periturus eſt, glo

84 1116 768 61 rificetur, qui glorificandus eſt, tua enim eſt potentia,

82 1166 772 59 nõ noſtra-Ita dicit Paulus: Veritatẽ dico, id eſt, ueᛘ

84 1213 771 60 rũ eſt teſtãte idipſum in me Chriſto·Vides hic Paulũ

83 1263 767 60 iurare, at nõ in ſua cauſſa, nõ decet eni Chriſtianũ,

83 1317 771 55 ut uel iuret, uel litiget, aut uindictã quærat propter

87 1365 766 60 ſe Iurarũt Apli, ſed propter frẽs, propter Dei gloᛘ

82 1414 764 62 riã amplificandã: pœnas ſumit Magiſtratus de malis,

81 1465 689 71 at nõ ſuacauſſa, ſed Det & proxim· Et addit

798 85 55 62 108

869 344 194 69 Charitatis ſolᛘ

869 407 183 55 licitudo pro

870 454 185 69 aliorũ ſalute·
