1189 1839
129 100 641 57 IN EPIST· AD ROM·

82 168 763 58 adeſt, ſed nondum uidetur, nondum eſt reuelata,

79 216 768 55 Corpus hoc mortale, cum immortalitatem induerit,

79 262 762 65 uidebitur, id quod hodie ſperamus, ut in Philip ·3·

80 314 481 62 Glorificabit hoc corpus humile·

272 384 341 66 Nec id ſolum.

126 447 723 59 Id eſt, non ſolum gloriamur in ſpe gloriæ futuræ,

81 494 772 62 & quod ſimus filij Dei reuelandi: ſed etiam certi ſu¬

80 545 776 61 mus per illam pacem fidei, in cordibus noſtris, quod

79 594 767 63 nec quæcun tentatio, non mors, nullum periculũᛘ

82 645 778 60 poßit nos ſuperare: in tantum exundat illa pax in corᛘ

81 695 772 58 dibus noſtris, ut aduerſitates & tribulationes, alant

82 745 768 59 ac fortiorẽ reddant eam. Sicut Chriſti crux & mors

82 791 314 64 uita eſt & fortitudo·

256 855 409 58 De afflictionibus.

128 912 728 56 Gloriamur de cruce, quam Deus nobis propoſuit

84 957 771 62 (non de noſtris bonis operibus) nam omnibus qui pie

80 1009 775 58 uolunt uiuere in Chriſto, non deerit crux: ſicut quan

81 1054 771 63 do Sathan tẽtabit auferre ex corde promißiones Dei,

82 1107 772 62 quando ſentiemus fidet fragilitatem, & peccatorum

81 1160 772 59 onus, iacebimus oppreßi, & uidebimus, quod ex noᛘ

82 1209 251 61 bis nihil ſumus·

185 1270 544 64 Scientes quod afflictio.

128 1331 725 51 Gradatio eſt rhetorica, commẽdatur nobis patienᛘ

84 1376 769 61 tia, ſed unde eſſet, niſi affligeremur à Deo· Crux

83 1427 772 56 quam Deus non imponit, non eſt crux: hinc maceraᛘ

84 1476 769 65 tiones & caſtigationes Monachorum, non ſunt cruxᛘ

790 139 49 4 49

865 580 190 89 Chriſti mors

867 689 117 2 vita eſt.

705 1532 43 43 G
