1181 1839
409.0 79.0 626.0 56.0 COMMENT· POMER·

315.0 146.0 779.0 61.0 Dominus ergo nos reliquos eſſe uoluit, non noſtro

318.0 198.0 441.0 59.0 merito, aut carnis ſapientia¬

447.0 254.0 517.0 65.0 Quid igitur dicemus ?

366.0 314.0 733.0 58.0 Id eſt, quæ eſt noſtra ſententia ex his uerbis, quæ

321.0 359.0 777.0 63.0 tractamus, & quæ ſumma? et reſpondet: hæc est

325.0 410.0 450.0 60.0 ſumma eorum quæ tractamus

405.0 466.0 688.0 68.0 Quod gentes quæ non ſecta¬

321.0 528.0 776.0 72.0 bantur iuſticiam, apprehenderunt

324.0 592.0 243.0 65.0 iuſticiam.

371.0 657.0 723.0 57.0 Id eſt, illi, qui omnino erant impij & Idololatræ,

324.0 701.0 774.0 63.0 inimici Dei, qui nihil boni fecerant, ne facere po¬

322.0 753.0 774.0 61.0 tuerant, facti ſunt populus Det, & ſunt iuſtificati per

327.0 806.0 770.0 58.0 ſolam gratiam, eo quod Deus eis ſuum Verbum mi¬

330.0 854.0 699.0 65.0 ſerit, quo credentes ſanatt ſunt, quod exponit

344.0 924.0 753.0 68.0 Iuſticiã aut eam quæ eſt exfide,

373.0 989.0 727.0 55.0 Id eſt, quæ tantum coram Deo ualet, quæ non eſt

327.0 1035.0 771.0 57.0 ex hominibus, ſed ex mera Dei miſericordia, qua tuᛘ

328.0 1085.0 771.0 60.0 ſtificat quos uult, non eos, qui uidentur meruiſſe hãc

325.0 1135.0 163.0 56.0 tuſticiam·

375.0 1199.0 711.0 67.0 Contra Iſrael quæ ſectabatur.

373.0 1266.0 727.0 56.0 Et hoc quoq; ad ſummam præſentis diſputationis

325.0 1312.0 778.0 59.0 pertinet, nempe, quod Iudæi qui uidebantur ſerua¬

326.0 1363.0 773.0 56.0 re legem, facere omnia quæ Dominus mandarat,

322.0 1404.0 782.0 68.0 nihil effecerint ſuis operibus coram Deo, imò ſint abieᛘ

329.0 1458.0 673.0 72.0 eti, & dicantur iam non eſſe populus Dei·
