1199 1837
834 87 31 58 77

152 74 653 60 IN EPIST· AD IROM·

98 138 730 67 glutiteos infernus, & uincit magnitudo peccati·

150 206 708 79 Scimus quod lex ſpiritualis eſt.

146 289 721 63 Cauſſam reddit ſuperiorum, cum dixerat, non

93 348 774 55 conuenire inter legem & homines. Sed interim non

100 392 768 60 prætereunda eſt ineptißima quorundam huius loci in

96 444 771 58 terpretatio· Nam ſic exponebant: Lex eſt ſpiritua¬

97 492 774 61 lis, id eſt, libri Sacri debent intelligi ſpirituali¬

97 542 772 61 ter, id eſt, Allegorice: ſimiliter, cum Moſen expoᛘ

98 594 769 58 nerent: Creauit Deus cœlum, id eſt, bonos, & terᛘ

98 643 768 60 rã, id eſt, malos· Quæ ſunt hæc portenta? nonne

99 697 765 60 κυβιςwν κματαιολόγαν, quibus nõ exponitur,

98 745 773 60 ſed deſtruitur uniuerſa Scriptura. Haud aliud conãtur

99 796 774 63 noſtri quidã noui ſpiritus hodie, quibus quo uolupe

100 843 774 63 eſt, inuertere quiduis in Scrip· Erat ſimplex Gram¬

103 895 774 59 matica, & uis uocabulorum obſeruanda, at quia ilᛘ

101 945 776 60 li tantum ſpiritus, non Grammatici eſſe uolunt, ideo

101 995 773 59 contemnunt & nihilifaciũt huiuſmodi minutias· Por

102 1044 776 63 rò, ſi quis hunc locũ hoc pacto interpretabitur, quid

103 1096 773 58 conſequetur fructus ex toto hoc Capite? Imò, totius

102 1143 774 63 Epiſtolæ lectione fruſtrabitur, quare mirum non eſt

103 1193 772 67 hanc ſemper obſcuram fuiſſe, quippe, cum ipſi qui deᛘ

104 1247 771 59 bebant lucẽ addere, interpretatione aperta, offunde

104 1293 769 64 rint tenebras. Verum hæc eſt ſententia: lex eſt ſpiri¬

107 1344 768 64 tualis, id eſt, requirit ſpiritualia, non carnalia, aut

108 1398 764 60 externa, non impletur, quando opere ipſo abſtines

104 1448 761 76 ab alienare, aut uxore proximi, ſed requirit ſpiritũ,

716 1504 41 61 K5
