1182 1840
390 108 627 55 COMMENT· POMER·

391 168 629 75 Verum illud iudicate magis.

413 231 459 63 Id eſt, diſcernite & obſeruate·

356 291 737 65 Ne offendiculum ponatur fratri.

366 357 728 58 Ne demus infirmiori fratri cauſſam ſcrupuli, aut

317 402 773 62 morſus conſcientiæ, de quo doleat, neue demus ipſi

317 454 772 57 occaſionem ruinæ & deſperationis, ut excidat ab

319 501 767 62 Euangelio, unde tum blaſphemetur bonum noſtrum.

513 564 377 63 Nouiſiquidem.

373 623 714 56 Poſſet quiſpiam dicere: an igitur cibus ſanctiores

325 660 763 72 facit? Reſpondet, minime: ſcio, inquit, & in conſciᛘ

319 719 765 59 entia mea certus ſum, per fidem meam in Chriſtum,

320 804 769 5 ex quo hæc didici, nullum cibum eſſe communem, id

320 815 772 66 eſt, talem, qui immundos faciat, nullus cibus eſt, in

321 876 769 57 quo peccari poßit: quod ſi eo abutor, non cibi, ſed

321 924 769 60 mea eſt culpa: oia eni mũda ſunt mũdis. Hæc uero d,

321 973 766 61 cit propter ludæos, qui ea tantũ mũda dicebant, qui

323 1023 714 59 bus ipſi ueſcebãtur, ea immunda quibus Gentes·

117 765 204 61 Munda et imᛘ

117 811 132 65 munda·

449 1082 483 60 Niſi ei qui exiſtimat.

375 1140 719 59 Huic commune eſt, id eſt, immundũ aliquid, qui

325 1187 769 60 habet conſcientiam, quod non licet ueſci. Tamdiu

324 1237 771 61 igitur talis abſtineat, donec intelligat ſibi liberum eſ¬

328 1290 769 60 ſe-Deus hanc infirmitatem ferre poteſt, cæterũ hoc

327 1337 765 63 quod contra conſcientiam facio, ferre non poteſt,

326 1383 394 69 quia contemptus Det eſt.

406 1449 595 57 Verum ſi propter cibum.

369 1505 727 63 Hæc diligenter uidenda erant, ut nos permouerẽt
