1172 1837
262 76 516 60 EPIST· AD ROM·

155 147 706 70 In eos quo qui non peccaue¬

96 206 765 74 rant ad ſimilitudinem tranſgreſſioᛘ

98 270 259 69 nis Adam.

140 350 727 63 Id eſt, in eos quo, qui non fecerant hoc peccatũ,

93 398 774 62 quod Adam fecit, in arbore uetita· Omnes qui ſumus

98 451 768 61 poſteri Adæ, facti ſumus rei peccati Adæ, erat is

94 506 776 57 corruptus, & nos propagati ſumus ab eo, & illius

93 551 776 60 carne, nihil aliud ſumus, quàm ea caro peccati, quã

95 603 770 57 Adã habuit: aggrauauit nos ille alieno, id eſt ſuo pecᛘ

94 654 769 59 cato, factum́ eſt eius peccatum, noſtrum peccatũ,

94 703 772 62 quia eadem ſumus caro, cum ipſius carne, quæ facta

95 754 767 64 eſt noſtra caro. Hic ſi quis poteſt ſanctulorum, obſtruᛘ

99 804 209 60 at os Paulo·

826 92 25 45 53

879 307 193 103 adæ peccatii

880 394 183 72 noſtrum eſt¬

316 858 295 57 Illius futuri.

139 918 721 60 Id eſt, Chriſti, qui tum expectabatur, cuius ille

95 964 394 69 habuit quandam figuram·

159 1038 702 66 At nonut peccatu, ita & donũ.

138 1103 723 55 Id eſt, Adam habet quidem ſimilitudinem quan¬

92 1148 769 60 dam Chriſti, ſed longißimo interuallo, interpoſita

92 1199 767 58 dißimilitudine, ipſos diſiungente: in hoc quiddam ſiᛘ

87 1249 770 64 mile eſt, quod Adam ſit propagator, & Chriſtus, ueᛘ

88 1299 772 57 rum dißimile eſt in re propagata, ille peccatum, hic

89 1350 771 59 iuſticiã in nos propagauit, peccatum eſt nobis in dã¬

88 1401 765 57 nationem, donum, id eſt, Spirituſſanctus, Gratia,

91 1452 765 76 fauor Dei patris, in iuſticiam: Sicut Adam damnauit

680 1512 63 50 G5
