1181 1850
113 969 194 56 Gratiæ am¬

111.0 1016.0 131.0 63.0 plitudo.

401.0 87.0 614.0 57.0 COMMENT· POMER·

322 155 774 62 ſed pro illis tantum, qui ante ipſum fuerunt: proinde

320.0 205.0 776.0 60.0 illius paßionem, nobis tantum utilem eſſe, ad origt¬

322.0 254.0 771.0 57.0 nalis peccati ablutiomem, cætera uero peccata per

321.0 300.0 774.0 65.0 noſipſos expianda, ſed id quàm impium ſit commen¬

321.0 351.0 770.0 63.0 tum, conſcientiæ noſtræ teſtes ſunt· Eſt autem phraᛘ

323.0 400.0 767.0 63.0 ſis mira quod dicit, Ex multis delictis, quam & ha¬

320.0 455.0 769.0 59.0 bet Eſa·40· Suſcepit duplicia pro omnibus pecca¬

320.0 506.0 773.0 59.0 tis, ergo non pro meritis. Deus omnes inuenit in pecᛘ

320.0 557.0 767.0 56.0 catis, & quod ſupra dixit, pro ratione temporis,

318.0 605.0 776.0 58.0 huc quoq; pertinet· Quod igitur fingemus nobis meᛘ

317.0 654.0 774.0 60.0 ritum, niſi damnationis? Inimici eramus, iram, non

320.0 704.0 397.0 62.0 fauorem Dei merueramus·

378.0 776.0 678.0 68.0 Et enim ſi per unius peccatum.

364.0 855.0 725.0 56.0 Semper eadem repetit, propter infirmas conſcien

318.0 902.0 770.0 59.0 tias, quæ ſemper putant peccatũ eſſe fortius & ma¬

319.0 950.0 768.0 64.0 ius gratia Dei. Reſpondet ergo per Anti heſin, mulᛘ

317.0 1003.0 769.0 56.0 to eſſe uberiorem gratiam peccato, illud eſt ex Deo,

316.0 1049.0 768.0 67.0 hoc in nobis· At quid nos poſſumus, cum ſimus fœ¬

316.0 1104.0 718.0 64.0 num, & ſolus Deus æternus, uere potens omnia·

570.0 1176.0 248.0 71.0 Regnauit.

355.0 1252.0 735.0 61.0 Emphaticum eſt, quod ait, regnauit· Nunquid

317.0 1304.0 774.0 59.0 aliquis potuit ſuis uiribus reſurgere ad uitam? nun¬

318.0 1351.0 773.0 63.0 quid ullus Philoſophorũ, ſuis uirtutibus moralibus, poᛘ

320.0 1407.0 772.0 62.0 tuit huius regni iugum excutere? an & Iudæi uitam

322.0 1456.0 476.0 77.0 per legem conſequi potuerunt?

1021.0 1514.0 53.0 61.0 Qui
