1204 1859
402 104 642 62 COMMENT. POMER.

330 179 785 57 lege· Quia ſic ſcriptum eſt, ubi audierat Abraham

330 218 782 69 Dei promißionem, credidit &c· Promißio uero ea

329 268 780 67 erat de hæreditate, quam tantum per iuſticiam fidei

329 317 777 69 obtinuit, ergo non ex lege, ſed fide factus eſt hæres

327 371 778 62 mundi. Proinde, ut maxime, non ſtatim poſſederit

326 417 781 64 terram Canaan, tamen in Chriſto, ſemine ipſi promiſ

330 467 774 72 ſo, factus eſt eius terræ, imò totius mundi poſſeſſor

328 517 780 71 & dominus. De hoc uide Eſaiæ·40. Paulum ad Ti

327 566 777 68 motheum. Pſalm. Omnia ſubieciſti pedibus eius¬

325 614 784 71 Vbi obſeruandũ, omnia Chriſto & ſuis, id eſt, creden

326 660 784 79 tibus ſubiecta: impiorũ nihil eſt, terram per iniuriã

324 721 782 65 occupant, de qua & perdentur, omni creatura ab¬

323 767 782 68 utuntur, ſunt fures & latrones, in terra hac promiſ¬

325 821 771 65 ſionis, cum ea nulla bona conſcientia utantur·Hor¬

325 867 774 71 rendum itaq; illud eſt audire· Taceant hic & obmu¬

325 919 776 72 teſcant, quicun ſe dominos & imperatores iactant

324 969 775 69 terræ, cũ tamen ne aura uitalis ſit eorum, nam in pec

324 1021 775 67 cato Adæ omnia perdiderunt, ius & poteſtatem in

321 1070 777 67 creaturas amiſerunt, neq quicquàm illius per Chri¬

324 1122 773 66 ſtum recuperarunt, imò ne uolunt quidem recupera¬

323 1170 779 65 re. Hæc cum ſtulti audiunt, iudicant ſe non debere

325 1221 775 68 poteſtati ſæculari ſubeſſe, contra uoluntatem Dei,

323 1267 778 71 adeo non poſſunt intelligere libertatemt, quæ eſt in

324 1318 777 71 Chriſto, ſomniantes ſibi quandam carnalem, in perdi

323 1369 778 71 tionem ipſorum. Certum eſt igitur, quod promißio

324 1419 775 69 Abrahæ facta, ſit ante legem, quæ tandem poſt·Aoo¬

324 1470 774 70 annos eſt lata·O cæcos noſtræ tempeſtatis homines,

325 1530 298 66 qui hoc hon uident·

200 674 108 66 Impij.
