1215 1836
133 96 656 70 IN EPIST· AD ROM·

82 176 782 52 phema : Hoc eſt trabem habere in oculo, & ean

80 221 786 59 non uidere: feſtucam uero in alio ſtatim conſydera¬

80 269 786 62 re ·Seduide in qua damnatione ſint tales·Paulus

83 321 786 61 eis cor durum, & pœnitere neſcium attribuit: Nam

83 370 789 63 difficulter cõuertuntur ad gratiam: facilius craßi pecᛘ

82 422 793 60 catores, qui non ita tument ſuis iuſtitijs: ut in Phariᛘ

89 472 786 59 ſeo apud Lucam uides· Idcirco rectius ſperandum deᛘ

91 520 788 59 ijs, de quibus ſuperiori cap-dixit Paulus, quàm de

90 572 787 63 illis·Nam ij Euangelium audiunt, contra illi, tantum

92 622 782 61 ſua iuſtitia fidunt·Hinc uides diuerſum iudicium Dei

93 671 777 63 & mundi: Nam mundus de iuſtitiarijs ſic iudicat·

93 726 776 56 Eſto, quod ſint peccatores, tamen non tam magni,

96 773 781 66 ut palam impij, id eſt, ſcortatores, homicidæ &c.

100 827 779 58 Contra Deus, maximos eos peccatores iudicat· Ita̃

102 870 780 67 ſolus Spirituſſanctus arguit illos, in ſpeciem probos.

103 925 783 57 Nolunt credere ex uerbo Euangelij eſſe ſalutem,

106 970 783 68 ideoq̃ pereũt iuſto iudicio Dei· Sic igitur ex hoc cap.

107 1025 681 64 clarum fiet, omnes homines eſſe peccatores·

814 110 41 53 13

881 640 197 65 Diuerſum iuᛘ

881 693 204 57 dicium Dei et

884 742 119 71 mundi.

320 1100 311 80 Quapropter.

166 1178 726 57 Hæc non ſolum ad literam de Iudæis accipienda

118 1226 777 63 ſunt, uerum de omnibus hominibus, qui faciles ſunt

120 1279 781 59 ad damnandum & iudicandum alios, tamen præciᛘ

124 1328 773 60 pue hæc de Iudæis dicuntur. Sed hæc quomodo cohæᛘ

125 1375 774 67 rent cum ſuperioribus, cum inferantur ad illa? Optiᛘ

125 1425 768 69 mo ordine· Nam ubi hominum impietatẽ deſcripſit,

122 1479 774 76 mox pœnam eiuſdem ſubiecit: deinde & qui ſeque¬
