1208 1846
143 107 626 60 IN EPIST· AD ROM·

134.0 175.0 720.0 57.0 Eſt Occupatio: quid faciemus? inquient pij, carnis

85.0 220.0 771.0 63.0 imbecillitati adhuc obnoxij, non ſumus Angeli, habeᛘ

81.0 272.0 779.0 58.0 mus tale corpus, cui procliuum eſt, ut tantum pec¬

79.0 323.0 781.0 54.0 cet ·Reſpondet Paulus: Vos quidem portatis morta

79.0 372.0 782.0 55.0 Ie corpus, ſentitis peccatum, & carnis iniurias, id

80.0 418.0 782.0 62.0 non poteſtis effugere, dum in mundo eſtis· Neque

82.0 469.0 780.0 62.0 enim dico, ut non ſit in uobis peccatum, ſed ne reg¬

81.0 517.0 782.0 61.0 net in uobis, non obediatis peccato: Spiritus ſanctus

80.0 570.0 784.0 61.0 repugnet carni, & contundat illius robor, ſed hæc

84.0 622.0 763.0 58.0 ipſe clare exponit· ILLI · Scilicet, corpori·

283.0 706.0 368.0 69.0 Per cupiditates.

145.0 784.0 720.0 56.0 Concupiſcentia in nobis eſt, ergo totum pecca¬

89.0 830.0 777.0 61.0 tum: Verum non imputatur, quia uellemus illud ab

89.0 881.0 774.0 54.0 eſſe· Sic igitur nobis cum Deo conuenit, qui queq;

87.0 928.0 782.0 61.0 uult abolitum eſſe peccatum· Sed hic conſtantißima fiᛘ

89.0 980.0 775.0 62.0 de opus eſt, non opinione carnis, qua noſtri ſomni¬

90.0 1032.0 185.0 62.0 ant fidem·

217.0 1120.0 501.0 64.0 Ne accommodetis.

143.0 1179.0 727.0 56.0 Id eſt, non abutimini membris ueſtris, quæ iam

93.0 1220.0 780.0 69.0 ſunt inſtrumenta ſanctificationis, nam ſunt membra

91.0 1270.0 781.0 66.0 corporis Chriſti· ICor·6· non porro peccandum

92.0 1321.0 610.0 72.0 eſt, quum erepti ſumus é regno peccati·

156.0 1395.0 714.0 100.0 Sed accommodetis uoſmetipſos

102.0 1449.0 135.0 86.0 Deo.

810 104 39 62 62
