1180 1836
384 92 644 57 COMMENT· POMER·

308 160 788 56 contemnite Iudæos, poſſunt & ipſi boni eſſe, ſi in fiᛘ

308 204 790 66 de ſuorum patrũ, quos bonos habuerũt, perſtiterint¬

440 267 397 61 Et ſi radix ſancta.

357 326 738 56 Manet Paulus in ſententia, tamen alijs atq; alijs

309 372 788 57 utens ſimilibus· Radix eſt Abraham & patres, rami

309 421 785 62 ſunt ludæi credentes: uidete quæſo, inquit, ſanctos

310 476 783 56 natura, ſecundum carnem eſſe Iudæos, uos uero imᛘ

312 522 613 62 pios, quia non ex bona radice profecti¬

317 580 775 61 Quod ſi nõnulli rami defracti ſunt.

117 690 185 58 Iudæi eiecti,

101 740 201 62 Gentes inſerᛘ

102 789 71 67 tæ·

360 642 733 54 Fieri potest, ut bona arbor, habeat poma aliqua

315 725 776 5 verminoſa & corrupta, intemperie auræ, tamen ni

315 778 776 2 hilominus arbor bona eſt, et fert quædã poma optima·

307 790 786 58 corrupta igitur abijciuntur, integra ſeruantur·Rami

309 840 776 57 hic quidam malt ſunt, id eſt, Iudæi quidã non credunt,

311 890 780 53 hi defringuntur: inſeruntur aũt alij ramt, tametſi naᛘ

310 944 782 54 tura non ſint bont, in radicem aut arborem natura

311 990 781 60 bonam: quibus ſignificamini uos Gentes, eſtis enim

312 1038 780 60 rami ſylueſtris arboris, id eſt, filij imptetatis: nunc

314 1090 773 58 autem per Dei mifericordiã abiectis ex bona arbore,

315 1138 767 63 id eſt, patribus ſanctis Iudæorum, ludæis incredulis,

314 1192 666 56 uos inſertæ eſtis in locum eorum: Hinc addit

378 1258 645 65 Iu uero cum eſſes oleaſter.

358 1319 738 60 Id eſt, uos Gentes quæ non eratis uera olea·Ne¬

313 1364 778 66 mo enim colebat hanc ſylueſtrem oleam: Oleaſtrim,

313 1410 782 77 id eſt Gentes, errabant ſeductæ carnis iudicio, Iudæi

314 1464 507 75 uero, patres & Moſen habuerunt.

976 1524 117 66 Inſitus
