1185 1840
152 105 655 67 IN EPIST. AD ROM.

214 159 516 126 CAP .XII.

106 372 79 1 H

204 276 641 64 ACTENVS Apoſtolus, quæ difficiliora, leᛘ

207 326 655 61 gem, ſcilicet, peccatum & gratiam, & ad

90 382 777 58 quos pertinait gratia, tractauit: quæ ſequentibus Ca£

89 428 777 61 pitibus docet, faciliora ſunt, format enim in ijs tantũ

92 478 772 61 Chriſtianã uitã, id́ Paræneſibus quibuſdã· Diximus

90 530 769 56 uero & antea, cur Paulus hoc ordine utatur, ne quis

88 578 774 58 tamen anxius ſit, iterũ nonebimus. Paulus ſciens mul

89 631 774 60 tum referre, qua quæ ratione præſcribantur, aut

90 682 778 58 diſputentur, noluit in principio aut prima parte hu¬

90 729 777 60 tus Epiſtolæ ea, quæ ſunt poſteriora in Chriſtiano, nem

94 779 775 59 pe opera tractare, ſiquidẽ ubi ab ijs cœptũ fuerit, ne

92 826 777 61 ceſſe eſt nos in Iudaiſmũ & iuſticias carnis incidere.

95 875 776 60 Voluit primũ deſcribere, quo pacto arbor ipſa bona

94 926 775 61 eſſe debeat, nã mala, nõ poteſt ferre bonos fructus.

94 978 778 60 Ideoq́ primũ purificatos nos eſſe corde, id eſt, in Chri

94 1029 773 57 ſtũ credere oportet, is enim eſt noſtra uita et iuſticia,

90 1080 781 59 tũ faciemus bona opera·Quemadmodũ nullũ corpus

96 1129 775 61 quod mortuũ eſt, operari poteſt, niſi quod peſtiferũ

96 1178 774 60 fœtorẽ quendã emittat: ſic nullus qui Chriſtianus di¬

95 1227 772 53 ci uult, bona faciat opera, niſi antea uiuat in corde.

96 1275 775 60 Opera hæc ſunt uiuẽtiũ, id eſt, credẽtiũ in Chriſtũ, nõ

96 1326 772 61 mortuorũ, id eſt, eorũ qui ignorãt Chriſtũ iuſticiã eſſe,

97 1376 774 61 et ſcuũt tantũ ſuas uires oia facturas, quod aliud nihil

100 1428 768 59 eſt, ꝗ̃ teterrimus corã Deo fœtor et abominatio. Ergo

102 1477 764 74 ubi Chriſtianus factus fucris, id eſt, ubi tibi uita per

822 110 34 52 123

873 504 197 51 Forma incho

872 553 200 68 andi Chriſtia

870 603 96 74 niſmi.

688 1543 85 41 S2
