1192 1838
805 117 39 0 99

165 81 619 57 IN EPIST· AD ROM·

126.0 153.0 719.0 55.0 Dignißimius hic locus eſt de uera oratione, quam

82.0 191.0 767.0 68.0 & Deus exaudit, hæc ſpiritus eſt, non carnis noſtræ,

82.0 239.0 768.0 74.0 fiquidem fit carne ipſam ignorante, tantũ corã Deo¬

83.0 295.0 769.0 66.0 Quid igitur trepidabimus in periculis, aut morte?

81.0 344.0 774.0 67.0 cumn ſpiritus uere inuocet nomen Dei, nunquàm eſt

81.0 394.0 775.0 65.0 audienda caro, quæ omnia crucis declinat, ſiquidem

83.0 446.0 773.0 65.0 nõ intelligit, quid ſub ea lateat, nempe optima in nos

84.0 493.0 775.0 66.0 Dei patris uolũtas, qui ſuos filios ita uult caſtigatos:

84.0 543.0 776.0 66.0 cur deſperabimus, cum non uideamus id nobiſcum geᛘ

85.0 591.0 776.0 71.0 ri, quod nos uelit ſecundum Dei uoluntatem in deſpeᛘ

87.0 643.0 772.0 66.0 rationem conijcere? Alia quidem eſt facies crucis,

88.0 694.0 777.0 65.0 alta paternæ uoluntatis ratio· Hanc caro ubi cernit et

91.0 743.0 774.0 70.0 ſentit, putat ſe perituram, illam uero cum fides, ſpiᛘ

91.0 790.0 773.0 67.0 ritus Det in nobis, cognorit, mirum in modum nos

92.0 840.0 777.0 72.0 confortat, & contemnere facit quicquid eſt portarũ

91.0 890.0 779.0 69.0 inferi· Exhorruit & Dauid mortem, idq́; ex carnis in

94.0 939.0 776.0 73.0 firmitate, ſed quoties uides in Pſalmis, in ſumma tenᛘ

92.0 989.0 777.0 70.0 tatione dici: Exaudiuit Dominus deprecationem me¬

92.0 1040.0 779.0 71.0 am &c· & ſimilia. In ipſa cruce orat ſpiritus, dum

94.0 1091.0 777.0 72.0 interim caro nil aliud uult, q̃ deſperare, non enim

96.0 1142.0 776.0 71.0 uidet crucem nobis prodeſſe ad ſalutem, quod tamen

103.0 1193.0 770.0 70.0 ſpiritus probe nouit· Hinc uocat eam orationem, uel

98.0 1244.0 777.0 67.0 interceßionem ſpiritus pro nobis, gemitus inenarra¬

99.0 1290.0 772.0 72.0 biles, id eſt, talem affectum occultißimum in nobis,

99.0 1341.0 778.0 73.0 quouere dicimus, Abba pater, & qui ſolus probat

99.0 1392.0 777.0 68.0 Dei uoluntatem, ut maxime in cruce & horrore ſit

104.0 1444.0 771.0 83.0 ſepultus: quo fit, ut recte gemitus dixerit, nam tam

859 152 193 63 Oratio uera·

702 1544 63 1 N3
