1183 1853
123.0 914.0 193.0 63.0 Fidei fructus

409.0 116.0 628.0 57.0 COMMENT· POMER·

338.0 186.0 772.0 56.0 ſcientia exultat & in conſpectum Dei, multa ſecuri¬

336.0 231.0 773.0 59.0 tate carmen triumphale canit, hoc ſcilicet: Chriſtus

335.0 278.0 774.0 62.0 eſt mea iuſticia, mea fortitudo, deleuit Chirographũ

337.0 334.0 771.0 60.0 peccati, uicit Sathanam principem inferorum, iam

333.0 381.0 769.0 61.0 nihil eſt quod timeam, omnes hoſtes et aduerſarij mei,

334.0 434.0 771.0 61.0 funt uelut ſtipula, quæ ſtatim abſumatur igni, & ueᛘ

334.0 483.0 770.0 64.0 lut puluis, quem difpergit uentus· Non poteſt quiſ¬

334.0 534.0 777.0 62.0 quàm uerbis conſequi, quanta hæc ſint gaudia, quan

333.0 583.0 776.0 63.0 ta prædicatio hutus pacis in conſcientia, quæ uidit et

335.0 636.0 769.0 56.0 ſenſit remißionem peccatorum· Experiatur aliquis,

332.0 683.0 776.0 60.0 in omnibus alijs, ex quibus ſperat caro ſalutem, numᛘ

334.0 732.0 770.0 59.0 poßit habere pacem hanc & læticiam conſcientiæ,

330.0 783.0 776.0 59.0 ex illis: nunq profecto certus eſſe potuerit, de paterna

331.0 833.0 775.0 59.0 erga ſe Dei uoluntate· Itaq; uides hic deſcribi nobi¬

333.0 886.0 772.0 58.0 lißimos fidei fructus, qui non corrumpi, nec interire

333.0 935.0 770.0 58.0 poſſunt· Primo, quod certus es de gloria Dei, unde

331.0 985.0 776.0 61.0 & pacem habes· Secundo, ut nequeas à ſpe excide¬

329.0 1034.0 774.0 60.0 re in aduerſis, quantumuis ſint horrenda, neq; mors

330.0 1086.0 774.0 56.0 neque peccatum te proſternet· Eris enim petra

332.0 1137.0 773.0 57.0 fortißima· Tertio, ut ne quid dubites de gratia (qua

331.0 1185.0 775.0 59.0 ſt indignus ſis ) nam indignis, non dignis & ſan¬

331.0 1234.0 773.0 57.0 ctis datur, quia Chriſtus nos dilexit, cum eſſemus

328.0 1281.0 779.0 66.0 impij· Quarto, conſcientia noſtra eſt certa, ut di¬

328.0 1337.0 777.0 62.0 cat, maiorem eſſe gratiam per Chriſtum, quàm pecᛘ

328.0 1389.0 778.0 54.0 catum ex Adam in nos propagatum· Si igitur tam

328.0 1432.0 776.0 61.0 magna eſt condemnatio propter Adam, maiorem

333.0 1483.0 768.0 74.0 ſcus eſſe gratiam Dei per Chriſtum· At hæc eſt

991.0 1543.0 105.0 73.0 colla¬
