1172 1846
143 118 617 60 IN EPIST· AD ROM·

121.0 183.0 724.0 62.0 Id eſt, qui damnat ſeipſum, & facit ſibi conſciᛘ

74.0 228.0 770.0 66.0 entiam, uel ſecũ in conſcientia diſceptat, quod man

75.0 279.0 775.0 63.0 ducat carnes, is iam condemnatus eſt, edit enim cum

75.0 330.0 771.0 64.0 contemptu Dei, & credit Deo diſplicere, ideo rur¬

85.0 383.0 300.0 65.0 ſus à Deo abijcitur·

144.0 436.0 703.0 74.0 Porro quicquid ex fide non eſt,

90.0 498.0 318.0 73.0 peccatum eſt.

128.0 563.0 720.0 61.0 Hæc eſt omnium concluſio: omnia quæcunq; per

80 613 770 54 nos geruntur, ſi non credantur placere Deo, pecca¬

78 661 772 65 tum ſunt: ergo quicquid faciunt Iuſticiarij, pecca¬

80 716 770 62 tum eſt, nam ſine fide, ſua opera faciunt, putant́,

85.0 760.0 772.0 66.0 ſe ex illis ſalutem conſecuturos: non uident in gra¬

82.0 812.0 771.0 65.0 tiam, ſed merttũ, quæ neutiquam conueniunt, ita

84.0 861.0 773.0 66.0 fide faciamus omnia, id eſt, bona conſcientia, ſecunᛘ

84.0 912.0 772.0 61.0 dum Verbum Det, tum non errabimus, tametſi ſæpe

85.0 962.0 775.0 61.0 contingat error, ex bona conſcientia, quemadmo¬

88.0 1012.0 772.0 62.0 duin de Paulo legimus, cum adhuc eſſet Iudæus, ta¬

85.0 1064.0 771.0 64.0 men Verbum Dei additum, non ſinit errare, quæ eſt

91.0 1110.0 233.0 68.0 ipſißima fides·

777 106 63 64 160

868 598 190 75 Peccatum eſt

868 659 183 76 quod abſ fiᛘ

868 712 89 80 de fit·

223 1240 477 56 CAP. XV.

101 1332 74 72 C

189 1296 671 51 APITE ſuperiori de ſcandalo, deq́; ijs qui fi¬

186 1339 677 60 de ſunt infirmi, nec dũ libertatẽ Chriſtianã ſunt

93.0 1389.0 770.0 62.0 adſecuti, dixit Apl's·Hic in principio huius Capitis,

94.0 1438.0 770.0 66.0 quod ad ſuperiora pertinet, Chriſti exẽplũ nobis pro

95.0 1485.0 770.0 79.0 ponit, in quo quid Chriſtianã manſuetudinẽ et facilita
