1168 1851
248 68 544 62 EPIST· AD ROM·

90 141 780 55 à Deo: ſed aiunt: habemus poteſtatem ligandi &

92 187 780 60 ſoluendi, Recte: ſed hæc non eſt poteſtas, uerum

87 239 782 63 miniſterium prædicandi Euangelij, quo annunciatur

88 289 783 63 peccatorum remißio, quodq́; ad Chriſtianos, non ad

88 341 781 60 malos pertinet. Proinde, ſi quis dicat non eſſe malis

81 384 787 71 Principibus obediendum, is longe fallitur, ut maxime

83 444 785 52 regna ui inuaſerint, & tyrannide occuparint, Dei

84 492 781 60 uoluntate factum eſt, nihil ad nos, modo nihilconᛘ

83 542 780 62 tra Deum præcipiant· Certum eſt, omnes ferè Prin¬

83 596 778 61 cipes noſtros, à principio primum occupationis ter¬

81 646 778 60 rarum (quemadmodum hodie Turca multa occupat)

83 697 779 60 fraude, tyrannide, ambitione, cupiditate dominandi

82 745 777 65 ſua regna occupaſſe, tamen non ſunt abijciendi, ſed

81 797 777 62 eis obediendum, quia ordinati ſunt à Deo, in hoc, ut

79 847 779 66 nobis præſint & proſint, nam utcun primi occu¬

80 898 775 66 patores non recte ſenſerint, tamen Deus recte ſenſit,

79 949 775 66 qui tales uoluit eſſe contra legum tranſgreſſores: hinc

79 1001 773 64 & Dij ſunt in mundo, ſecundum Scripturam, in loco

78 1051 591 76 Dei, quod ad officium eorum attinet.

136 1134 714 77 Nam principes nõ terrori ſunt.

84 1220 763 64 Sed quia hodie abutuntur ſua potestate, om¬

72 1269 767 65 nia inuertunt, ſunt enim terrori bene agentibus, &

72 1321 774 62 ijs mæxtme qui pietatem Euangelij ſectantur, impune

69 1370 771 65 agunt, quiduis ſub ipſis impij, cogũt expilationibus,

68 1419 773 66 terroribus, & tormentis, ut abnegent boni Chriſtũ,

69 1470 772 77 & eius Euangeliũ: Rurſus Papæ ſcelera, quæ mundus

804 110 60 0 150

876 367 194 84 Obediendum

874 434 190 90 etiam malis.
