1197 1844
117.0 294.0 198.0 73.0 Lapis offen¬

125.0 348.0 107.0 80.0 fionis.

389.0 147.0 693.0 72.0 Et omnis qui creditin eo, non

329.0 204.0 220.0 85.0 pudefiet,

406 78 650 55 COMMENT· POMER·

372.0 276.0 727.0 57.0 Mirus eſt hic lapis: neceße est hunc eſſe Deum,

326.0 323.0 779.0 64.0 quemadmodum & ſæpe in Scriptura petra uocatur

325.0 372.0 778.0 62.0 Deus·Qui ergo crediderit in hunc lapidem, ille non

327.0 421.0 776.0 68.0 pudefiet, non confundetur, conſequetur omnua, quæ

327.0 473.0 775.0 64.0 ſunt promißa ſemini ipſius Abrahæ· Rurſus uero:

327.0 524.0 754.0 73.0 qui alio ſpectarint, illi confundentur, & peribunt·

501 616 472 126 CAP.X.

326 736 35 115 I

380 737 721 57 Dem hoc capite tractat, quod in ſupertore, quod

375 786 718 59 ſcilicet abſ meritis nobis contingat gratia, &

327 832 775 63 quoù electi ſaluantur, ſiue ſint ex Iudæis, ſiue Gen¬

327 888 774 55 tibus·Caro autem nequaquam potest credere, eos ab

328 938 774 58 ijci, qui quærunt iuſticiam in operibus, ut maxime

328 986 775 60 audiat, id conſtantißimis exemplis Scripturam pro¬

328 1033 772 60 dere. Nonne ludæi erant Iuſticiarij, id eſt, fidentes

326 1084 778 60 operibus? Ecce abiecti ſunt· Nonne Gentes ignora

325 1136 771 56 bant omnia bona apera? erant enim Publicani, &

327 1185 778 61 meretrices, ijs contigit tamẽ iuſticia·Quare id ui¬

326 1235 783 59 dens Paulus, uehementer dolet Iudæorum cæcita¬

326 1290 221 59 tem, dicens:

386.0 1338.0 723.0 76.0 Fratres, propenſa quidem uo¬

333.0 1402.0 416.0 68.0 luntas cordis mei.

379.0 1467.0 728.0 65.0 Id eſt, nihil altud magis deſydero, ac obſecro in

999.0 1522.0 104.0 49.0 corde
