1194 1850
424 67 618 70 COMMENT· POMER·

478 140 477 66 Vl ad hoc tempus.

386 202 741 57 Scilicet, noſtrum: nunquàm ceſſat gemere crea¬

340 248 783 61 tura, donec liberetur à ſeruitute, quemadmodum mu

338 297 785 62 lier à partu: debebant profecto conſcientiæ noſtræ me

341 348 776 64 ditatione huius myſterij exerceri, nam quædam uti

339 397 780 66 comprehenderẽt, et uel ipſa experientia cõdiſcerent·

135 550 201 82 Creatiræge¬

134 618 202 60 munt, & ex

136 667 197 62 pectant libe¬

136 720 154 67 rationem·

467 473 523 57 Non ſolum autem illa.

389 536 728 58 Argumentum eſt aliud, quo nos conſolatur, ſupeᛘ

342 576 774 71 riori tamen cohærens: creatura inquit ingemiſcit, et

342 624 773 75 expectat liberationem, ſed non ſola: eſt Spiritus ſan¬

351 673 764 77 ctus in cordibus noſtris, qui ide· facit, hic ingemiſcit,

338 731 775 66 uelit quoq; nos liberos à peccato, & carnis uerſutia,

345 780 773 66 ſed fieri nequit: Suſtinet, quemadmodum creaturæ diᛘ

339 833 778 62 cens: Fiat uoluntas tua. Sunt uere gemitus parturienᛘ

341 882 776 64 tis, quando dicit Paulus: Quis me liberabit à corpo¬

341 931 782 63 re mortis huius? ah infœlix ego· Chriſtus in horto

341 981 781 65 dixit: Transfer à me calicem, quæ omnia ex infirmi¬

339 1033 778 62 tate carnis dicta uides. At ſpiritus, conſtanter hoc

340 1081 780 71 unum dixit: Fiat uoluntas tua, ſed hoc nemo, niſi tenᛘ

340 1131 629 62 tatione & ſpiritu edoctus, ſatis intelligit.

376 1191 706 72 Qui primitias ſpiritus habemus.

383 1256 734 60 His ſeipſum exponit, ne quis id de carnalibus ſpi¬

341 1297 769 70 ritibus noſtris dictum putet, qui non ingemiſcunt,

341 1351 775 63 ſed toti inſaniunt in carne & ſpumant· Non ſunt in¬

349 1398 777 66 firmi, ſed robuſti & audientes omnia: Item aduentũ

340 1450 777 80 domini non expectant, ſed deprecantur: in omnibus

1022 1520 96 51 enin
