1225 1849
836 106 31 52 28

167 98 646 62 IN EPIST· AD ROM·

104.0 162.0 766.0 61.0 ſcere, quaſi nõ ſatis peccarint: & cũ nihil aliud ſint q̃

103.0 209.0 770.0 67.0 peccatum, putant ſe non ſatis peccaſſe, quemadmo¬

102.0 261.0 771.0 61.0 dum illi in Malachia· Tales autem non deſyderant reᛘ

103.0 311.0 772.0 63.0 mißionem peccatorum, quando peccatis gaudent, idᛘ

103.0 360.0 768.0 68.0 circo id conſequuntur, ut pereant iuſto iudicio Dei·

308.0 421.0 298.0 66.0 Quid igitur.

161.0 481.0 716.0 56.0 Hic redit ad inſtitutũ, quia primo Cap· omnes

105.0 522.0 778.0 66.0 Gentes peccatt arguebat, nec in hoc eſſe excuſabiles,

105.0 574.0 776.0 65.0 quod non habuerint legem ſcriptam, oſtendebat· In

106.0 628.0 775.0 61.0 ſecundo, & Iudæos peccatores pronunciarat, ut ¬

106.0 672.0 777.0 69.0 cun ſimulerent iuſticiam. Ideoq́; nec ipſos excuſa¬

106.0 725.0 775.0 63.0 ri poſſe coram Deo· Nam quæ ad literam tantũ fiunt,

107.0 773.0 776.0 66.0 ula nihil ſunt coram Deo, ſed quæ ſunt in ſpiritu· Ex

107.0 823.0 771.0 68.0 ijs ergo duabus propoſitionibus infertur tertia, Ergo

108.0 875.0 774.0 63.0 omnes homines ſunt peccatores: itaq; inquit, Quid

109.0 923.0 768.0 65.0 igitur præcellimus, ſcilicet, nos Iudær (ſiquidem &

108.0 971.0 773.0 65.0 Paulus ſuerat ludæus)· EOS· Scilicet Gentes·

330.0 1033.0 333.0 58.0 Nullo modo.

163.0 1093.0 714.0 60.0 Quõ ergo antea dixerat, Mulltũ per omnẽ &c·

110.0 1136.0 776.0 65.0 Verũ eſt, quod ad promißiones factas attinet, melio¬

110.0 1185.0 773.0 69.0 res ſunt ludei: ſed ſi reſpicias iuſticiã, & Iudæi & Gẽᛘ

108.0 1234.0 770.0 70.0 tes deſtituũtur gloria Dei, id eſt, oẽs ſunt pctõres¬

410.0 1302.0 157.0 53.0 Ante.

160.0 1354.0 721.0 62.0 Id eſt, in primo & ſecundo Capit-ubi non tan¬

108.0 1398.0 772.0 68.0 tũ cauſſas oſtendit, uerũetiã dixit, ipſos excuſationẽ

102.0 1449.0 763.0 73.0 nõ habere, ſic enim ſeipſum interpretatur Paulus·

694 1513 82 84 D4
