1182 1843
141 92 635 66 IN EPIST· AD ROM·

77.0 161.0 784.0 64.0 uni tantum ciuitati, aut communitati præſint, tue anᛘ

77.0 205.0 781.0 75.0 tur́ fundamenta Euangelij, & ſuper ea ædificent·

145.0 266.0 640.0 73.0 Quapropter & præpeditus.

124.0 331.0 732.0 57.0 Familiarta hæc ſunt, ut maxime non indigeatis meᛘ

79.0 370.0 777.0 70.0 is ſcriptis, tamen quia Gentium ſum Apoſtolus, ſæ¬

80.0 422.0 775.0 67.0 pe etiam uenire ad uos uolui, ſed occupatus negocio

78.0 468.0 635.0 68.0 aliarum Eccleſiarum, id facere non licuit·

140.0 534.0 689.0 67.0 Nunc uero cum non amplius.

130.0 595.0 728.0 60.0 Id eſt, cum impleuerim meum miniſterium præ¬

79.0 636.0 781.0 71.0 dicandi, in his regionibus (ſunt enim iam Epiſcopi

77.0 687.0 783.0 68.0 conſtituti in ciuitatibus, qui aduigilent, fuit aũt tum

77.0 735.0 783.0 71.0 in Græcia Apoſtolus, quando hanc ſcripſit epiſtolam)

77.0 787.0 781.0 66.0 curabo ut expleam meum in uos deſyderium, in Hiſpaᛘ

76.0 839.0 776.0 68.0 niam enim per Romam proficiſcar, & non dubito,

77.0 889.0 771.0 67.0 aliquos ex uobis, illuc me conducturos, neq; prius,

77.0 937.0 778.0 68.0 ubi uenero aduos, à uobis diſcedam, q̃ omne meum

76.0 988.0 779.0 68.0 deſyderium, ueſtra ſuauißima conſuetudine expleue¬

76.0 1040.0 780.0 67.0 rim. Sed ignorauit Paulus, qua occaſione Romã eſſet

79.0 1088.0 774.0 65.0 uenturus : hinc recte dicit Solomon: Homo lapillos

79.0 1136.0 777.0 68.0 in urnam proijcit, ſed à Domino temperantur: ueni¬

76.0 1187.0 782.0 68.0 re debebat Romant, ſed occaſione appellationis Cæ¬

81.0 1240.0 645.0 63.0 ſaris, non quemadmodum hic propoſuerat.

794 107 65 69 169

143.0 1314.0 712.0 78.0 Nunc autem proficiſcor Hiero¬

78.0 1370.0 647.0 77.0 ſolymam miniſtrans ſanctis.

125.0 1445.0 733.0 61.0 Per iter quod ageb ant Apoſtoll, ſanctis miniſtra¬

69.0 1489.0 787.0 80.0 bant, erant autem eo tempore multi pauperes Hie¬
