1170 1832
418.0 77.0 629.0 58.0 COMMENT· POMER·

345.0 145.0 771.0 50.0 Deus confeßionem eius coram hominibus, ita enim

346.0 191.0 772.0 62.0 & Chriſtus dixit': Qui me negauerit coram homini¬

345.0 243.0 624.0 58.0 bus, negabo & illum coram patre meo¬

404.0 300.0 713.0 66.0 Dicit ſcriptura. Omnis qui fidit

341.0 353.0 416.0 74.0 illi, non pudefiet.

387.0 428.0 720.0 49.0 Id eſt, ſiue ſit ludæus, ſiue Græcus: ſi crediderit,

340.0 471.0 772.0 61.0 quodcun uoluerit, adſequetur. Pudefiunt autem Iu¬

337.0 522.0 775.0 63.0 ſticiarij, poſtulantes multa à Deo, uerum nihil acci¬

340.0 573.0 767.0 61.0 piunt. Non exaudtuntur qui oſculantur manus ſuas.

398.0 631.0 585.0 62.0 Non enim eſt diſtinctio.

380.0 692.0 727.0 56.0 Id eſt, hæc tuſticia fidet ex æquo ad omnes homiᛘ

335.0 740.0 773.0 59.0 nes pertinet, non tantum ad Iudæos- Vide Cap¬;

393.0 798.0 709.0 62.0 Nam idem Dominus omnium.

332.0 856.0 381.0 72.0 diues in omnes.

379.0 926.0 726.0 54.0 Id eſt, abundans miſericordia & liberalitate ſu¬

330.0 969.0 771.0 59.0 per omnes. INVOCANTES SE. Ideſt,

327.0 1022.0 777.0 57.0 credentes: nihil retulerit, ſiue ſint coram hominibus

329.0 1069.0 437.0 62.0 ſancti, ſiue non, hinc addit·

394.0 1127.0 710.0 68.0 Quiſquis inuocauerit nomẽ Doᛘ

324.0 1186.0 363.0 72.0 mini ſaluus erit.

373.0 1254.0 740.0 63.0 Hic nulla est exceptio, uel ludæi, uel Græci: qui

315.0 1302.0 796.0 64.0 cunq in corde habet Dominum, ille quoq; in corde

316.0 1352.0 799.0 66.0 eum inuocabit. Explicat autem id clarius gradatione

315.0 1401.0 274.0 59.0 pulchra, dicens:

317.0 1462.0 792.0 71.0 Quõ inuocabunt in quẽ nõ credũt.

894.0 1528.0 238.0 65.0 Quaſi diceret
