1205 1839
154 98 623 62 IN EPIST· AD ROM·

309.0 179.0 287.0 54.0 Humanum,

136.0 233.0 724.0 64.0 Hæc ad ſequentia refero, non ad ſuperiora, ut qui

88.0 278.0 772.0 70.0 dam, quaſi non ſatis ſit Chriſtianum, dici regnum

82.0 327.0 773.0 70.0 iuſticiæ ſeruitutem: Quæ quidem ſententia bona eſt,

85.0 380.0 768.0 65.0 ſed malo argumenta eſſe rationis, quæ pia uidentur,

82.0 429.0 778.0 65.0 at ſi quis expendat, non ſatis conſiſtent· Siquidem

82.0 478.0 778.0 65.0 dicit Paulus: Loquor quemadmodum ſoletis uos lo¬

83.0 527.0 777.0 66.0 qui, de ijs rebus, attamen intimius illa ſunt ſcrutan¬

80.0 577.0 779.0 67.0 da- Non ſatis eſt dixiſſe: Si potuiſtis in regno mortis

85.0 627.0 773.0 68.0 facere malum, poteſtis & iam in regno iuſticiæ faceᛘ

80.0 679.0 776.0 64.0 re bonum & iuſtum. Paulus enim hoc interim con¬

80.0 728.0 775.0 71.0 temnit, quod hodie noſtri Theologi ſe in Scrip· inue

83.0 783.0 771.0 58.0 niſſe gloriantur· Nam & ex hoc loco Liberũ Arb·

87.0 826.0 770.0 63.0 ſtatuunt miſeri, non uidentes, quod Paulus dicat ſe loᛘ

84.0 879.0 772.0 62.0 qui humano more, id eſt, uti rationibus & argumenᛘ

81.0 928.0 437.0 60.0 tis rationis·Nam ſubiungit.

115.0 987.0 709.0 68.0 Propter infirmitatem ueſtram.

128.0 1051.0 727.0 60.0 Id eſt, forte aliter non poteſtis capere, utar arguᛘ

77.0 1091.0 772.0 65.0 mẽto rationi ueſtræ obuio. q.d-olim feciſtis malũ,

80.0 1144.0 774.0 64.0 tà benefacite, humana ſunt hæc & inſufficiẽtia ad faᛘ

77.0 1195.0 775.0 64.0 ciendã legẽ, ideoq́; hoc diligenter ſpectandũ eſt inteᛘ

77.0 1242.0 771.0 67.0 rim, Paulũ hic præſupponere: Nos eſſe iã ſub gratia,

78.0 1292.0 772.0 67.0 nõ ſub lege, ſub qua nõ aliud q̃ bonũ facere poſſumus,

81.0 1344.0 773.0 66.0 aliãs fruſtra hæc diceret, quia id nõ eſt in noſtra poteᛘ

80.0 1392.0 770.0 68.0 ſtate, uerũ in Spiritus, qui in nobis eſt, omnia faciens

76 1439 748 98 quæ bona ſunt· SERVA· Id eſt, ſerurentia·

288 1497 219 75 Immundi.

806 102 50 72 66

735 1560 47 0 I 2
