1179 1840
387 94 629 55 COMMENT·  POMER·

322 160 774 56 obſecro, non autem eſt ſimplex obſecratio, ſed talis

322 207 776 62 quam Chriſtiani negligere nequeant : eſtq́; potius ad

322 257 774 62 iuratio, q̃ obſecratio, quam non uident leuiores ſpiᛘ

321 308 771 62 ritus, qui omnia & diuina & humana contemnunt¬

373 380 672 64 Vt præbeatis corpora ueſtra.

367 444 727 54 In quibus adhuc eſt peccatum, id eſt, ueſtrum car

319 489 777 60 nem & ſanguinem, uel ut uno uerbo dicam, ueſtrũ

319 538 775 67 totum Adamum, non dico de pede aut manu, ſed deᛘ

320 589 642 67 omni quod uos eſtis, illud inquam præbete¬

477 657 450 59 Hoſtiam uiuentem.

363 719 728 58 Per appoſitionẽ hæc dicuntur, eſtq́; ſentẽtia Apoᛘ

322 758 769 63 ſtoli. Si uero cultu Deum colere uolueritis, declina¬

319 811 773 64 bitis oblationes Iudaicas, in quibus tantum erant irraᛘ

319 861 768 67 tionales pecudes, offeretis autem uoſmetipſos totos,

319 914 2 47 id eſt, rationem veſtram, viresiveſtras, in hanc enim

321 999 770 10 unicam hoſtiam reſpexeũt legis illæ victimæ : quod

321 1048 769 12 ſi alium extra hunc cultum ſtatvere volueritis, Mona

316 1060 776 66 chatum, ſcilicet, aut alia carnalia, erit quoq; irratioᛘ

316 1111 773 67 nalis, id eſt, abſ Verbo Dei. Siquidem cum iam per

319 1161 772 64 fidem in eorde, toti ſitis conſecrati Deo, abſurdum

318 1210 774 66 fuerit in externa reſpicere, quibus nihil ſalutis compaᛘ

315 1261 771 65 ratur. Ergo, ueſtra corpora, quæ uos impediunt,

316 1311 779 64 ſolicitant́ ad peccatum, offerte Deo, curate ut moᛘ

316 1359 779 69 riantur, pereant́ in uobis omnes adfectus, qui conᛘ

314 1409 781 70 tra Deum pugnant, uiuum totum corpus non poteſt

314 1458 779 78 Deo offerri, quare mortificandũ eſt per totam uitam,

115 952 190 65 Victima Chriᛘ

119 1007 182 59 ſtianorum·

1000 1526 94 71 ut fic
