1170 1836
361.0 91.0 632.0 56.0 COMMENT· POMER·

298.0 158.0 780.0 60.0 quemadmodum & nos, ſenio confectas mulieres, maᛘ

295.0 207.0 780.0 70.0 tres dicimus, & ita placet quo Paulo, prima Ti¬

297.0 258.0 239.0 63.0 moth· quinto·

494.0 329.0 373.0 67.0 Omnes ſanctos.

350.0 402.0 725.0 63.0 Qui ſunt in terris adhuc: Papiſtæ habent alios

302.0 450.0 776.0 68.0 ſanctos, quoſdam fictos in cœlo, alios pictos inta¬

298.0 503.0 102.0 65.0 bulis·

462.0 559.0 447.0 69.0 Cum oſculo ſancto,

348.0 635.0 730.0 62.0 Mos erat eius regionis, ut ſalutantes, ſe inuicem

300.0 687.0 779.0 54.0 exoſcularentur, ne tamen hoc præcipere Paulũ pu¬

302.0 736.0 775.0 57.0 tato, quemadmodum nec præſcindi crines præcepit·

304.0 787.0 775.0 57.0 2· Corin. u· Quod contra communẽ eſt uitam, quæ

304.0 836.0 778.0 59.0 non inhoneſta dici poßit, id quoq eſt contra charitaᛘ

303.0 885.0 778.0 60.0 tem, hinc Chriſtus dicit Phariſæo: Oſculum mihi non

306.0 933.0 773.0 66.0 dediſti, id eſt, palàmme contempſiſti, utcun uelis

306.0 984.0 282.0 66.0 iuſtus haberi uir·

371.0 1055.0 628.0 64.0 Obſecro autem uos fratres.

354.0 1130.0 731.0 57.0 Apoſtolico more admonet, nõ mandat, ut à Pſeud

309.0 1179.0 773.0 59.0 apoſtolis ſibi caueant, fruſtra enim tam præclaram

309.0 1228.0 771.0 63.0 hanc ſcripſiſſet de iuſticia diuina Epiſtolam, niſi admo

309.0 1282.0 776.0 59.0 nuiſſet, ne alios audirent, qui aliam quandam con¬

308.0 1329.0 775.0 54.0 tra Chriſtum prædicaturi erant iuſticiam: ſi nos hanc

310.0 1380.0 772.0 56.0 monitionem aduertiſſemus, non in tantos errores in¬

311.0 1424.0 774.0 80.0 ducti faiſſemus: ſed eſt & hodie neceſſariũ ut obſerueᛘ

955.0 1489.0 131.0 51.0 tur, nã
