1197 1870
449 100 608 54 O MMENT· POMER·

354 166 766 62 de, quia timebat eos feductos per fiduciam operum,

352 212 524 59 ut eos ſic in ueram uiam reuocaret·

546 273 342 60 Propoſueram.

393 331 731 61 Propoſitum noſtrum nihil eſt, niſi uelit Deus, in

347 382 776 59 cuius manu ſunt omnia· Qua uero occaſione tandem

347 429 773 63 peruenerit Rhomam Paulus, Acta Apoſtolorum de

347 477 601 65 clarant· Sed ita agit Deus, non Paulus·

599 537 237 60 Fructum.

392 595 720 65 Scilicet Euangelij, idipſum prædicando inter uos.

534 652 355 63 Debitor ſum.

391 714 720 59 Quia omnium Gentium ſum Apoſtolus, ideo &

338 759 775 65 in uos ius prædicandi habeo· Græci dicebantur ſapiẽᛘ

328 804 783 73 tes & Philoſophi, inter quos erãt & Romani · Barᛘ

328 857 786 68 bari, ettam Iudæt erant, & aliæ nationes· Hæc declaᛘ

328 908 783 69 rat, cum dicit: Eruditis, per quos Græcos: rudi¬

336 963 776 61 bus, per quos Barbaros, intelligit· Non minus ruſtici

335 1010 772 64 ad Euangeliũ pertinent, quàm ſapientes· Nõ minus

334 1059 776 68 abiecti, quàm qui magni habentur· Siquidem donum

336 1107 497 65 fidei non literarum eſt, ſed Dei·

130 797 202 70 Ad omnes naᛘ

129 853 202 66 tiones fuit miſᛘ

134 903 188 74 ſus Paulus.

468 1172 458 67 Quantum in me eſt.

386 1231 725 62 Id eſt, non quod uires meæ poſſunt, ſed quantũᛘ

336 1276 771 65 mea permiſerit uocatio, ut ſupra dixit: Volẽte Deo

524 1341 378 63 Non me pudet.

395 1399 718 58 Quãdo hactenus prædicaui alijs Gentibus, & uoᛘ

335 1441 775 68 bis prædicabo, ſcio enim, quàm inſignis res ſit &

335 1492 784 69 præcioſa Euangelium, tametſi carni periculoſa uideaᛘ

1023 1562 82 42 tur.
