1182 1857
399 87 629 57 COMMENT. POMER.

467 153 491 71 Quem. Scilicet, Chriſtum.

322 231 778 75 Propoſuit Deus reconciliatorem.

111 393 195 85 Solus Chri¬

109 462 197 67 ſtus mediatos

109 521 197 62 inter Deũ e

116 570 169 56 homines.

326 315 770 58 Id eſt, mediatorem inter Deum & homines. Ecce

321 364 772 61 quid opera faciunt? Solus Chriſtus eſt reconciliator,

322 410 776 66 ut maxime ſexcenties ſis Chartuſianus, ſine hoc Chri

322 461 771 65 ſto, non eris Deo acceptus. Rectius tamen legeris,

322 509 777 71 propiciatorium, & erit eadem ſententia, niſi quod

322 560 777 69 per hoc in ſanctißimam illam figuram reſpicere licet,

320 614 781 64 nempe in propiciatoriũ arcæ, ſuper quod promiſe¬

320 665 603 63 rat ſe Deus ſeſſurum, & exauditurum·

576 731 263 63 Per fidem.

368 792 726 58 Id eſt, dum credimus in illum. Iſta eſt ſolutio eius,

323 843 774 60 quod impij opponunt. Si Chriſtus eſt mediator & re

327 933 769 0 Sanguis Chriſti (inquit) in ſe non eſtinefficax, ve¬

327 981 771 4 rum pro amnium peccatis ſatisfecut, ſed quod non omᛘ

321 993 776 59 rum pro omnium peccatis ſatisfecit, fed quod non om

319 1038 777 65 nes ſaluentur, in cauſſa eſt impietas: nemini enim eſt

321 1091 774 60 utilis & ſalutaris ſanguis Chriſti, niſi credentibus:

322 1143 775 58 qui bibunt hunc ſanguinem Chriſti, id eſt, credunt

323 1192 778 63 pro ipſorum peccatis fuſum, illi ſalui ſunt. Sed Tur¬

323 1245 771 57 cæ cum id negligunt, perduntur. Vbi non eſt fides,

323 1296 774 60 ibi neceſſario eſt, omnis maledictio, damnatio & pec

321 1349 136 53 catum ·

141 893 169 56 Cur Turca

116 943 194 64 nõ ſaluentur.

369 1402 670 66 Interueniente iplius ſanguine.

372 1467 729 62 Hoc eſt, illud precium redemptionis, hic ſanguis

984 1524 114 59 uerus,
