1179 1847
421 80 647 58 COMMENT·  POMER·

164 238 176 69 Prædeſtina

143 293 197 79 tionis uſus·

353 150 780 61 es adſecutus, nihil profuerit tibi ꝗ multa de prædeſti

351 193 782 63 natione diſputes·Certe aliquid eſt gratiæ, anxiũ eſſe

351 240 781 72 te de prædeſtinatione, quia curæ tibi eſt ſalus, ſed eate

351 290 781 73 nus tamen, ut omnia committas Deo, ſi hoc potueris

353 345 777 66 facere, non anxium te reddet prædeſtinatio: at ubi

348 396 783 67 ab ea ſalutis tuæ rationem ordiri uolueris, in deſpera¬

348 453 782 61 tionem cades, nam negligis ea, quæ te primum Deus

347 500 779 63 ſcire uoluit· Ergo terret hac exclamatione ſuperbos,

347 548 783 70 qui præſumunt ea ſcire quæ Dei ſunt, metiriq́; diui¬

348 600 782 69 na, humana ratione·q· d. Quid eſt q multa inquiri¬

346 649 783 64 tis, non potest horum reddi racio, in Det ſunt manu

345 698 781 65 & uoluntate, pudeat uos ſtultos ueſtræ curioſitatis,

347 751 783 66 quin potius in uos prinum reſpicite, qui ipſi ſitis·Cõ

348 801 781 65 ſolatur etiam interim adflictos. q. d.ut maxime Dei

345 855 782 59 arcana ignoretis, tamen certi ſitis Deum uos non

344 904 785 63 deſerturum, etiam ſi totum regnũ Sathanæ uos op¬

346 953 780 67 primat: uidetis hic abyſſum ipſam, quam nondum pe

350 1003 780 64 netrare poteſtis, ſed confidite tantum, ipſe, quia pa

350 1053 776 71 terfamiliãs eſt, omnia ſecundum miſericordiam ſuam.

350 1109 274 53 de uobis curabit.

479 1163 294 63 Diuitiarum.

398 1225 701 57 Id eſt abundantiæ·  ET SAPIENTIAE·

402 1270 726 65 Quia Deus ſolus ſapiens eſt, & cognoſcit omnia,

353 1321 781 68 præuidet & præſcit omnia priuſq fiant· Ad hanc ſaᛘ

351 1373 784 66 pientiam nullus mortalium adſurgere poteſt, quare

352 1423 785 63 ipſi gloria relinquenda eſt, & nos pace cõtenti ſimus

348 1471 794 81 iuxta Angelorũ carmẽ, quod cecinerũt Chriſto nato

1025 1530 117 59 Quam
