1200 1843
138 86 639 64 IN EPIST· AD ROM·

71.0 156.0 779.0 64.0 eilitate, ad illud perducti· Tertio, conſequimur, ut

74.0 204.0 771.0 67.0 peccatum quod reliquum eſt in nobis, & quod ſoli¬

71.0 256.0 780.0 64.0 citat nos, non imputetur· Siquidem Spiritus ſanctus

71.0 307.0 776.0 64.0 nobis donatus eſt, ſumus́ filij, & Deus pater eſt·

71.0 353.0 776.0 66.0 Hic nihil habet turis lex, non poteſt nos: damnare,

70.0 406.0 779.0 69.0 quia in nobis abrogata eſt, Deus eſt ſupra legẽ, qua¬

70.0 458.0 779.0 62.0 re poteſt efficere, ut non imputetur ipſum peccatum:

73.0 507.0 775.0 66.0 & hoc eſt quod Paulus dicit: Vbi Spiritus domini,

73.0 559.0 779.0 61.0 ibt libertas, quam qui habent, non ea abutuntur: at

72.0 606.0 780.0 64.0 qui eam ſibi fingunt, abutuntur· Et in hanc ſententiã

74.0 656.0 775.0 66.0 bic Paulus loquitur: Non eſtis ſub lege, id eſt, non

74.0 704.0 775.0 66.0 habet lex ius uos damnandi, tametſi uerũ ſit, ubi in

73.0 756.0 778.0 66.0 uos reſpieitis, peccatum habetis, ubi uero in gra¬

73.0 809.0 772.0 62.0 tiam, non habetis, nam remiſſa ſunt omnia peccata,

73.0 860.0 772.0 60.0 & ea tantum facitis, quæ ſunt uoluntatis diuinæ·

70.0 959.0 778.0 60.0 lectionem· Dilectionem Dei non poſſunt non habere,

74.0 1005.0 772.0 67.0 qui Chriſtiant ſunt, ideo́ de illa non præcipitur,

73.0 1059.0 775.0 60.0 ſed tantum ea quæ eſt in proximum· Exijs omnibus

73.0 1107.0 775.0 62.0 ſtulticiam eorum uides, qui inferunt: ergo peccabi¬

72.0 1155.0 775.0 65.0 mus: quæ eſſet illa liberatto à lege, ſi adhuc captiui

75.0 1209.0 775.0 59.0 per eam teneremur? A morte, à lege, à peccato ſuᛘ

73.0 1259.0 774.0 59.0 mus liberati, quare minime eſt peccandum: ſtultus is

76.0 1308.0 772.0 64.0 fuerit, qui dixerit, é carcere ſum liberatus, ergo in

78.0 1360.0 289.0 62.0 grediar carcerem·

73 906 779 64 Quare nemini quicquàm debemus, quàm proximo diᛘ

259.0 1415.0 297.0 61.0 An neſcitis.

119.0 1475.0 729.0 76.0 Hie reſpondet carnalibus, qui inferebant: ergo

799 102 45 48 65

711 1572 19 1 I
