1210 1841
150 99 646 59 IN EPIST· AD ROM·

81.0 166.0 767.0 71.0 Nulla igitur nunc eſt cõdemnatio.

124.0 237.0 725.0 54.0 Quamuis peccatum eſt reliquum, quod non con¬

78.0 280.0 614.0 57.0 demnat nos, nam ut hoſtem odimus illud ·

146.0 348.0 611.0 66.0 His qui inſiti ſunt Chriſto.

127.0 416.0 726.0 53.0 Id eſt, qui ſunt facti uiuum corpus per fidem, nã

78.0 459.0 772.0 58.0 ipſe caput eſt, nos membra, cui inſiti ſumus, ut uxor

76.0 510.0 773.0 56.0 marito, ubi ex duobus corporibus una fit caro, om¬

76.0 559.0 777.0 58.0 nia item fiunt communia, quæ mariti ſunt, ad uxo¬

76.0 611.0 774.0 59.0 rem quo pertinent, & quæ ſunt uxoris, & in ma¬

75.0 659.0 773.0 63.0 ritum transferuntur· Ita illam noſtri cum Chriſto

75.0 711.0 774.0 58.0 unionem, uix rectius capies, quàm ex contugij ratioᛘ

77.0 760.0 770.0 59.0 ne: cum Chriſto per fidem coniungor, iam iuſticia,

78.0 807.0 775.0 61.0 fortitudo, gloria, uictoria, & quæcũq; ſunt in Chriᛘ

78.0 857.0 776.0 60.0 ſto, mea ſunt, & quæ mea, ſunt illius, peccatũ meũ

78.0 907.0 775.0 58.0 in ſe transfert, abſorbet & conſumit omnia mea maᛘ

77.0 956.0 779.0 61.0 la, ſuo bono, nempe meam iniuſticiam, ſua iuſticia

77.0 1008.0 773.0 57.0 tollit, mortem meam, ſua uita ſuperat: In ſumma,

78.0 1056.0 775.0 60.0 qui Spiritũ Chriſti habent, illi ſunt eius, quemadmodũ

77.0 1109.0 773.0 60.0 inter contuges, unus ſpiritus & fides, facit unam car

77.0 1156.0 773.0 60.0 nem: Sic qui Domino adhærent, unum ſunt cum eo

78.0 1207.0 567.0 59.0 corpus, ſed hoc declarat ſequentibus·

119.0 1266.0 730.0 58.0 Qui non iuxta carnem ambulant,

149.0 1325.0 704.0 52.0 Non dico, qui non habent peccatum, aut illud

79.0 1370.0 773.0 59.0 non ſentiunt, ſed qui id habent & uere ſentiunt, at

78.0 1421.0 771.0 58.0 non obſequuntur, imò pugnant contra illud, odiunt

77.0 1471.0 775.0 69.0 maxime, iuxta illud quod ſupra dixit: Non quod uo¬

713.0 1530.0 20.0 44.0 L

864.0 591.0 193.0 51.0 Vnum ſumus

861.0 637.0 194.0 67.0 cum Chriſto·

810 95 36 55 81
