1199 1857
424 94 634 57 COMMENT· POMER·

143 208 185 63 Gratiæ com

144 255 166 66 mendatio.

348 158 777 59 inſederit, quid faciet peccatum? nihil te moueat car

357 198 770 75 nis cogitatio, quæ tibi dicit, hanc gratiam ſancti qui¬

353 255 768 59 dem adſecuti ſunt, uerum non fuerunt peccatores,

348 304 777 69 ut ego· Et eſto, peccatores eos fiuſſe, tamen nõ tam

348 355 774 69 magni, quantus ego ſum. Reſpondeo: Tum primum

348 405 774 69 te huiuſmodi ſentire, quãdo cœperis agnoſcere te pec

348 459 776 63 catorem, hæc Sathanas excitat in corde tuo, qui¬

348 505 774 66 bus magnifaciat tibi peccatum, ut gratiam illam non

346 556 777 64 agnoſcas, nititur te impedire, quo minus dicas, Ma

346 602 777 67 ior eſt gratia, quàm peccatum meum. Ergo non in¬

346 660 438 58 dignos nos putemus ad hanc¬

411 719 712 71 Quia Chriſtus, cum eſſemus ad

346 779 293 82 huc infirmi.

369 853 735 56 Id eſt, quando eramus natura impij & indigni,

347 901 761 57 ad hanc gratiam, redemit nos· Hic æſtimare potes,

348 951 766 69 quid ſit Liberum Arbitrium, quæ uox contraria eſt

348 1019 130 55 gratiæ·

133 981 186 70 Liberũ Arb·

438 1062 578 60 luxta temporis rationem.

387 1120 730 54 Nos in tempore ſumus, Deus extra tempus, er¬

346 1163 770 63 go ſecundum prædeſtinationem ſumus ſancti & bea¬

341 1216 778 60 ti, quia dilexit nos ante cõſtitutionem mundi in Chriᛘ

341 1264 777 61 ſto Epheſ·I·Verum dum ſumus in carne, ſumus in

341 1314 777 64 tempore, ideoq́; in ipſa impietate, non agnoſcimus

340 1370 778 55 Deum & gratiam eius· Errantes oues ſumus, & ex

338 1413 779 64 eo errore non eripimur, niſi ipſe tractus ea dilectione

340 1464 773 77 qua ab æterno nos dilexit, nos eripiat· Hic iterũ uiᛘ

1031 1523 88 51 dere
