1187 1856
404 74 632 62 COMMENT· POMER·

327 140 779 57 His Paulus reſpondet ſeptem argumentis, quæ & in

330 185 775 62 plura diſcerpi poſſent, in quibus uidebis clarius pro¬

328 235 771 71 prietatẽ & circũſtãtias fidet et operũ per collationẽ.

499 307 431 64 Nam ſi Abraham.

375 371 728 56 Primum eſt argumentum, Abraham ex fide iu¬

328 414 772 66 ſtificatus eſt, non ex operibus, ergo & nos ex fi¬

330 467 775 64 de iuſtificamur, non ex operibus, nam eſt omnino

330 553 773 10 par ratio, nemo aliter iuſtificatur · Hoc erat neceſſe

330 603 657 11 Iudæis probare, qui de lege digladiabantur.

151 524 165 61 Argument,

128 576 188 65 iuſtificationi

459 630 518 59 Fſabet quod glorietur.

380 684 731 60 Quaſi aliquid meruerit, ueluti mercenarius quiſ

333 730 776 66 piam gloriatur de ſuo præmio. Ita ſi ex operibus eſt

331 777 779 66 tuſtificatus, certum eſt illam iuſticiam tantũ humanã

334 832 772 64 fuiſſe, quia opera erant humana, gloriabitur igitur

333 879 773 64 de ea iuſtitia tantũ corã hominibus, non coram Deo·

486 951 465 67 Credidit Abraham.

381 1015 727 57 Fuit homo peccator ut nos, & iuſtificatus eſt, nõ

337 1062 769 63 quia non peccauerit, aut quod ſatisfecerit pro pecca¬

337 1111 608 68 tis, ſed quod crediderit promittenti Deo·

544 1185 333 64 Qui operatur,

389 1248 723 53 Qui opus aliquod facit, mercedem à me accipit,

343 1290 772 65 Non dici poteſt, quod illi à me gratia contingat, ſed

343 1344 610 62 quia operatus eſt, do mercedem debitam·

566 1402 331 64 Qui iuſtificat.

399 1462 729 71 Periphraſis eſt Dei, id eſt, propterea is eſt iuſtus,

1047 1508 83 64 quia
