1198 1843
413 83 631 55 COMMENT· POMER·

141 287 199 75 Prædeſtinatic

147 350 193 72 nis utilitas.

352 151 779 55 diſputare tantum de prædeſtinatione, cum tamẽ nunq

352 199 780 57 didicerint, quando cogitanda & meditanda ſit præ ¬

353 247 776 61 deſtinatio, quare prorſus eſt talibus & tam curioſis

356 293 775 61 hominibus inutilis. Eſt autem hoc caput prædeſtinaᛘ

356 342 772 68 tionis, ut ſciamus nos mortificandos, quemadmodũ

354 398 775 59 filius Dei mortificatus eſt: glorificandos item, quem

351 448 777 61 admodum filius glorificatus eſt, hoc qui non iudet et

351 498 775 62 credit, prædeſtinationis ſolerti cogitatu, ſeipſum ſe

351 549 777 57 ducit & perdit, id quod ex ipſo textu hic clarũ eſt, nã

351 601 775 58 dicit: Quos præſciuerat, ſcilicet ab æterno, uel ſuo

349 650 776 59 conſilio elegerat (ut in Epheſ- eſt: Dilecti ſumus in

350 701 776 55 Chriſto, ante mundi conſtitutionem) hos & præfi¬

347 752 779 55 niuit, id eſt, ordinauit ad ea omnia, quæ erant futuᛘ

352 799 775 61 ra in Chriſto filio ſuo, ut & cruce & glorificatione

352 854 774 61 ſimiles Chriſto fierent, & filij Dei eſſent, ſed per priᛘ

353 906 773 54 mogenitum Chriſtum. Hoc qui credunt, gaudent, nec

354 953 772 58 quid ſentiunt aduerſi in ſua conſcientia. Nam quid

353 999 776 59 eſt dulcius & iucundius, quàm ſcire, nos diuina eleᛘ

351 1049 777 59 ctione ſaluandos, non noſtro merito, ſiquidem dixit:

353 1099 776 60 Vos non me elegiſtis, ſed ego elegi uos·In hoc ubi reᛘ

353 1150 775 61 ſpicimus, excidimus ab omni fiducia humana, ſci¬

352 1207 774 54 mus enim nos eſſe in manu Dei, ex qua nemo nos poᛘ

350 1249 777 64 teſt rapere, ergo perire non poſſumus· Perijſſemus

352 1302 775 59 uero iam dudum, ſi in noſtra manu ſalus collocata diᛘ

350 1352 774 57 ceretur. Caueamus igitur nobis, ne in ſolicitudinem

352 1400 773 62 prædeſtinationis incidamus cum carnalibus, qui per

348 1452 779 66 totam uitam turbãtur prædeſtinatione, quæ, quia Dri

1014 1512 100 51 eſt &
