1178 1841
320.0 158.0 780.0 59.0 Ecce propter rem tam uilem charitas perijt: ubi autẽ

320.0 201.0 778.0 64.0 hæc nõ eſt, ibi nec fides tandem eſſe poteſt. Talia et in

320.0 254.0 778.0 63.0 numera ſemina impietatis, Iuſticiarij quoq; noſtri, Iu¬

321.0 301.0 777.0 65.0 dæis ſtultiores fouerunt, hi eni huic ſuperſtitioni alli¬

324.0 352.0 771.0 66.0 gati fuerũt, alij rurſus iudicabant eos· Nonne Fran¬

322.0 402.0 773.0 64.0 ciſcanus in ſua regula tumebat, & præ ſe contemne

322.0 454.0 775.0 62.0 bat Dominicaſtrum, & ille ex aduerſo ſecundum ſuã

323.0 504.0 611.0 62.0 ſtulticiam hunc iudicabat: ſed de ijs ſatis·

395.0 93.0 646.0 58.0 COMMENT· POMER·

358.0 565.0 709.0 68.0 Porro eum qui infirmatur fide.

363.0 626.0 728.0 58.0 Id eſt, qui nondum ſatis robuſtus eſt in fide, nec

324.0 670.0 768.0 62.0 libertatẽ Chriſtianam intelligere poteſt- Vides ergo

324.0 723.0 765.0 60.0 talem fratrem, Chriſtianum & ſeruum Dei uocari,

325.0 773.0 769.0 58.0 & eum non eſſe abijciendum, docet Paulus, ut maxiᛘ

327.0 823.0 766.0 65.0 me adhuc aliquid iuſticiæ tribuat externis, ab illo au¬

326.0 872.0 425.0 68.0 tem exigit, ne alios iudicet·

370.0 993.0 729.0 57.0 Porrigite ei dexteram, ut filio & fratri, non abijci

326.0 1038.0 234.0 58.0 te, ſed erigite·

619.0 929.0 248.0 63.0 Aſſumite.

328.0 1092.0 768.0 65.0 Nõ ad dijudicatiões diſceptationũ.

376.0 1159.0 723.0 47.0 Id eſt, non ut perturbetis, aut confundatis alter àl

327.0 1201.0 767.0 62.0 terius conſcientiã, quod tum fit, quando multũ diſcep

326.0 1253.0 771.0 63.0 tamus & diſputamus, defendentes noſtra, ut cogãtur

326.0 1304.0 772.0 61.0 dicere, neſcio quid ſpectem aut eligam, & exponit¬

118.0 1146.0 200.0 58.0 Diſceptatio¬

120.0 1195.0 198.0 63.0 nes uitandæ·

385.0 1367.0 716.0 62.0 Alius enim credit uelcendum eſᛘ

325.0 1421.0 368.0 71.0 ſe quibuslibet.

369.0 1487.0 730.0 65.0 Scilicet, cibis ·QVI INFIRMVS EST·

961.0 1540.0 131.0 56.0 Scilicet,
