1202 1844
402 96 611 57 COMMENT· POMER·

116 244 199 64 Iudicium illo¬

115 307 200 61 rum, qui di¬

118 356 197 65 cunt, nullos

115 407 200 60 meliores rec

117 462 200 64 di Euangelio.

322 161 774 58 quæ ſunt in abſcondito: ſunt eius tudicia inſcrutabilia,

324 212 775 56 quos uult, ſeruat mirabiliter, ignorantibus etiam ip¬

328 262 769 62 ſis ſanctis. Stulte ita faciunt hodie, qui temere pro

327 315 762 46 nunciant de Euangello, dicentes: neminem uideo,

328 356 764 68 qui melior fiat, quare non poſſum perſuaderi, eſſe

330 444 768 4 verum Evangelium · Non videbis o miſer, quæ Do¬

330 495 767 4 minus operetur in ſuis, putas ne tibi hoc mandatum à

323 511 772 55 Deo, ut tantum numeres eius electos? Pudeat te tuæ

327 559 319 61 ſtulticiæ & ignauiæ.

382 618 641 69 bic igitur & in hoctempore.

368 676 729 59 Accommodat hiſtoriam: & hodie, inquit, eadẽ

325 726 769 55 manet ratio electionis, non omnes abijciuntur, ſi ¬

325 774 770 58 quidem & Petrus duabus contionibus, ferè octo milᛘ

325 825 773 59 lia hominum Iudæorum ad Chriſtum conuertit. Sal¬

326 875 772 62 ui fiunt omnes, quicun eliguntur à Deo, quod fa¬

326 928 770 60 cit tantum per gratiam: ſi per gratiam, ubi ſunt me¬

328 978 691 60 rita & opera noſtra quæ iactamus? Ideo addit

329 1046 768 68 Quod ſi per gratiã, nõ iã ex opibus

360 1122 741 57 Si reliquiæ populi Dei ſaluantur tantum per gra¬

327 1168 774 63 tiam, nihil eſt  gloriemur de noſtra iuſticia & ſan¬

327 1224 772 57 ctttate: uerum tam ſumus iniqui & impij, ut maxi¬

327 1273 772 53 me hanc argumentationem, etiam rationis bumanæ

328 1322 772 53 iudicio admittamus, tamen tantum honoris fidet ha¬

327 1372 773 55 bere non poſſumus, ut palàm & conſtanter dicamus:

327 1419 770 58 ex ſola Dei gratia eſt ſalus, non ex meritis noſtris.

329 1473 773 75 Sratiam quidem multi prædicant, quod ad nomen et

999 1530 95 57 tinet,
