1198 1843
387.0 79.0 646.0 67.0 CO'M'MENT· POMER·

371.0 154.0 723.0 68.0 Eſaias dicit. Erit radix Chriſti,

361.0 223.0 736.0 50.0 Quaſi diceret, non peribit. Videbatur quidẽtem

314.0 264.0 784.0 67.0 pore Chriſti perijſſe, & nunq aliquid productura: He

307.0 317.0 789.0 64.0 rodes & alij alienigenæ regnum occupabant, non

314.0 367.0 782.0 63.0 erat rex ſecundum legem, attamen, nemine cogi¬

314.0 415.0 785.0 66.0 tante, produxit nobis Gentibus Chriſtum, in quo

315.0 465.0 780.0 65.0 omnis ſpes noſtræ ſalutis eſt collocata· Quare hæc

317.0 518.0 778.0 61.0 omnia citat Paulus, quaſi tantum de Gentibus dican¬

315.0 567.0 777.0 65.0 tur? Reſpondeo: Paulum multo accurattus introſpi¬

314.0 619.0 775.0 64.0 cere ſcripturas q̃ nos, nam ſimul hic, & Iudæorum,

314.0 668.0 778.0 66.0 & Gentium ſalutem probat, tamen ſalus ex ludæis

317.0 717.0 771.0 69.0 eſt, natus eſt ipſe Chriſtus ex Ieſſe, Iudæorum ſtrrpe

445.0 781.0 415.0 59.0 Deus autem ſpei,

326.0 839.0 762.0 60.0 Id eſt, qui autor eſt ſpei, & ſine quo nulla eſt ſpes,

320.0 886.0 576.0 61.0 utcun facias bona opera in ſpeciem·

321.0 941.0 771.0 72.0 Impleatuos omni gaudio & pace.

363.0 1007.0 726.0 51.0 Id eſt, ſerenitate conſcientiæ· Nam gaudium &

320.0 1047.0 775.0 74.0 pax conſequuntur fidem, ut in·5· dictum: Iuſtificati

322.0 1101.0 196.0 65.0 ex fide &c·

469.0 1162.0 476.0 62.0 Vt exuberetis in ſpe.

114.0 1238.0 206.0 60.0 Fidendũ Chriᛘ

116.0 1287.0 199.0 64.0 ſtiano, etiã ſi

117.0 1342.0 190.0 76.0 nihil habeat·

370.0 1218.0 719.0 57.0 Id eſt, abundetis omnibus, nulla ſit uobis penu¬

328.0 1266.0 763.0 60.0 ria, tum ſecundum corpus, tum ſecundum ſpiritum.

332.0 1317.0 763.0 59.0 Mirabiles hæ (tamen Chriſtianæ ſunt) imprecatio¬

325.0 1367.0 769.0 60.0 nes carni tuidentur: Chriſtianus cum non habeat peᛘ

324.0 1419.0 770.0 56.0 vunias, unde uiuat & alatur, iubetur ut ſperet in

323.0 1465.0 776.0 70.0 Deum. Item cum nihil aliud uideat ã peccatum, nihil

996.0 1521.0 101.0 73.0 ſalutis
