1196 1842
130 89 639 66 IN EPIST· AD ROM·

84 168 760 59 Eſt uero litera, quicquid à nobis dici, prædicari, fieri

81 210 764 66 poteſt operibus externis· Sic circunciſionem uocat liᛘ

84 265 767 61 teram, quod niſi de externis operibus intelligas, ab¬

88 315 768 58 ſurdum erit· Quæ enim litera eſt in præpucio, aut

87 363 770 62 quid ibi legitur? Spiritus eſt, corSpiritu ſancto innoᛘ

87 415 769 59 uatum Iohan·4·In ſpiritu, id eſt, non in externis

87 464 769 58 adoratio fit, & in ueritate, id eſt, non hypocriſi¬

86 511 774 63 Præterea & uetuſtas ipſa, eſt litera, id eſt, quicquid

89 563 772 60 uiribus noſtris facimus: uetuſtatem uocamus, & li¬

88 615 772 61 teram, namut ſi Chriſtus non ueniſſet, potuiſſem

89 667 768 56 aut radi, aut non, ieiunare, ire Romam·Cur igitur

90 712 770 63 ueniſſet Chriſtus, ſi hæc tuſtificaſſent me, meis, ut ilᛘ

88 763 770 59 li dicunt, uiribus facta? Sed quia hæc erant opera tanᛘ

89 813 767 59 tum mortis, non uitæ, peccati, non iuſticiæ: Ideo́

88 860 773 61 neceſſe erat, aliam iuſticiam, id eſt, Chriſtum exhi¬

89 913 771 57 beri, qui non per uetuſtatem literæ, id eſt, tantum

89 961 773 58 hypocritice impleret, ſed ſprritu, id eſt, uere·Nã

90 1011 765 60 cũ lex diceret: Nõ furaberis, nos quidẽ legebamus &

89 1062 769 59 audiebamus, ſed nõ implebamus, deerat eni cor purũ,

90 1111 767 60 quod habere, nõ erat noſtræ poteſtatis, ſimulabamus

91 1164 766 58 igitur, nos nõ furari opere externo, cũ tamẽ in corde,

90 1211 770 57 cogeremur ſemper furari: uerũ Chriſtus, nõ tantũ au¬

93 1260 763 59 diuit & legit: Nõ furaberis, ſed ipſo corde impleuit,

89 1308 768 62 id eſt, adfectui furti nõ fuit obnoxius, quẽadmodũ nos:

90 1363 767 62 uicit illũ, per hoc quod diligebat proximũ, quod nos

89 1414 772 55 natura non poteramus, necdũ poſſumus· Sic opponen

87 1461 768 70 da ſunt uetuſtas literæ et nouitas ſpiritus· Quid igitur

90 1514 446 70 inferemus : Ergo peccabimus?

802 99 48 62 70

861 158 193 95 Litera & ſpiᛘ

862 230 86 53 ritus·
