1203 1839
144 113 621 61 IN EPIST· AD ROM·

233 184 506 67 Vt aboleretur corpus.

137 246 731 58 Id eſt, ut non maneret in peccato, quod contra ilᛘ

87 286 784 71 lud eſt quod dicunt: Ergo peccabimus· His oſtendit

84 340 787 69 carnem non ſignificare corpus tantum, uerum quid¬

90 397 780 56 quid uirium eſt in homine, nempe, anima, intellectus

87 444 784 61 &c. Siquidem non poteſt concupiſcere corpus ſine

90 495 782 60 anima· Hoc totum, ait, per Chriſti mortẽ eſt abolenᛘ

91 544 786 66 dum, reformandum́ iuſticia Dei· Spiritus baptiſat

95 597 778 54 nos toto tempore uitæ noſtræ, donec totum illud corᛘ

96 644 779 61 pus moriatur: utcun adhuc ſentiamus illud pecca¬

94 695 779 62 tum, tamen crucifixum eſt, non regnat, ſed ſubigi¬

94 745 778 63 tur ſpiritui, ergo corpus peceati, nihil aliud eſt, quàm

100 804 212 52 quod peccat.

828 124 37 53 61

166 864 709 69 Etenim qui mortuus eſt, iuſtifi

100 926 232 67 catus eſt.

885 271 133 86 Mori pecᛘ

885 337 74 61 cato·

152 992 725 59 Non poteſt accuſari peccati, uel quod peccet, is

100 1040 777 62 qui mortuus eſt· Et ut ſimili declarem, ſi quiſpiam

96 1093 781 59 accuſaret me adulterij heri perpetrati, conuincerem

101 1142 772 58 autẽ illum teſtibus, eo tempore me fuiſſe mortuũ,

99 1193 767 56 nonne accuſator mendax repudiaretur per iudicem?

103 1241 772 59 Quàmprimum ergo totum corpus peccati aboletur

103 1288 769 68 & moritur, mortuũ eſt omne peccatũ, & uis eius·

380 1372 246 55 Viuemus.

153 1427 722 60 Scilicet, ipſare, & uere cum illo in reſurrectio¬

111 1478 283 70 ne eius·

706 1531 69 63 H5
