1208 1852
435 94 617 53 COMMENT· POMER·

159 321 173 61 Chriſtianiſ¬

163 374 169 61 mus quid.

342 149 782 90 cato eſſet tribuenda ſalus, malti, imò omnes impij

347 201 200 63 ſaluarentur.

509 265 447 71 Qui mortui ſumus.

400 319 716 68 Id eſt, è regno Sathanæ, translatt in Chriſti reg¬

342 370 776 68 num. Hic diſce quàm breuiter doceat Apoſtolus, in

346 422 774 66 quo conſiſtat Chriſtianiſmus· Eſt is nihil aliud, quàm

344 477 778 56 mori peccato, & uiuere iuſticiæ: mortui autem ſu¬

343 523 777 69 mus illi, per mortem Chriſti, reſuſcitati per illius re¬

344 573 221 62 ſurrectionem·

602 629 218 56 Peccato.

391 691 729 59 Scilicet, per Chriſtum. Mortui ſunt peccato, qui

341 738 773 57 non habent de eo conſcientiam, ut maxime illud ſen¬

342 788 774 58 tiant, tamen et non conſentiunt, ſciunt ſe nomen deᛘ

341 834 769 67 diſſe iuſticiæ: Item ipſorum nomina ſcripta in cœlis,

340 888 769 63 item ſe pertinere ad iuſticiæ, non peccati regnum,

339 940 774 63 ideo & ipſis non imputatur peccatum, ut alijs im¬

341 991 776 62 pijs, qui peccato obſequuntur, grauantur quidem

342 1040 774 61 peccato, ſed quàmprimum uident in uultum benigni

340 1089 295 64 patris, euaneſcit·

479 1151 483 57 Quomodo uiuemus.

386 1207 722 59 Abſurdum eſſet dicere: Viuendum eſt peccato,

337 1251 775 69 cum mortui ſimus peccato, quod probat per ſymbo¬

339 1302 310 63 lum baptiſmi noſtri·

373 1366 681 66 An ignoratis, quod qui cum.

386 1428 730 57 Nunquid tam ſtupidi eſtis, ut ignoretis, nos unũ

337 1470 770 77 iam eſſe cum Chriſto, item nos pertinere ad illius,

1042 1543 72 53 non
