1176 1845
421.0 110.0 610.0 57.0 COMMENT. POMER.

189 325 139 60 Modeſtia

182 377 146 61 Apoſtoli.

376.0 174.0 749.0 58.0 Libenter plura ſcripſiſſet Paulus, ſed quia uidet ſe

336.0 223.0 785.0 61.0 oïa quæ erant hutus negotij tractaſſe, breutter eis in

336.0 273.0 789.0 63.0 memoriam reuocat, Euangelij & miniſterij ſui ratio

337 321 786 67 nem, ut declaret erga illos ſuum adfectum, interim

337 373 786 63 & ſummam modeſtiam ſpiritus in Apoſtolo, ex hoc

329.0 424.0 793.0 60.0 loco obſerua: nihil ſibi arrogat, non audet dicere, ſe

336.0 475.0 787.0 63.0 quicquam eſſe poſſe ſine Chriſto, imò ait, hunc omnia

334.0 527.0 786.0 60.0 operari in omnibus, nullum eſſe mortalium, qui ſibr

337.0 576.0 784.0 63.0 ipſi reuelare poßit, quæ Dei ſunt, niſi qui ipſe nouit

337.0 628.0 783.0 59.0 omnia, reuelet, ei inquit, qui potens eſt, qui in ſua

337.0 676.0 782.0 61.0 tantum habet poteſtate omnia, ſit gloria. Eſt uero

335.0 724.0 264.0 64.0 Dei Periphraſis,

399.0 782.0 635.0 65.0 Et præconium leſu Chriſti.

386.0 846.0 733.0 55.0 Id eſt, quod prædicatur per me & alios in Chriſti

341.0 892.0 777.0 60.0 gloriam: non hic accuſabis Paulum arrogantiæ, quod

337.0 942.0 782.0 59.0 dicat meum Euangelium, ſuum id uocat, propter miᛘ

338.0 992.0 777.0 61.0 niſterium & fidem, non quod ex ipſo excogitatũ ſit¬

491.0 1055.0 458.0 54.0 Iuxta reuelationem.

385.0 1108.0 734.0 56.0 Id eſt, ſecundum Euangelium, quod reuelatum eſt

340.0 1155.0 775.0 63.0 bis temporibus, cum antea ignoraretur, ut uides in

344.0 1203.0 213.0 66.0 primo Epheſ.

557.0 1263.0 297.0 59.0 Manifeſtati.

442 1321 449 57 Scilicet, per prædicationem.

444.0 1383.0 547.0 61.0 Patefactiper Scripturas.

392.0 1443.0 723.0 54.0 Tum quando Prophetæ prædicabant, non uidebaᛘ

339.0 1487.0 774.0 65.0 tur hæc gratia, erant adhuc tenebræ in ſancto ſancto

1018.0 1551.0 95.0 59.0 rum,
