1203 1846
396.0 145.0 716.0 74.0 Nunc autem non iam ego per¬

342 214 272 63 petro illud.

415.0 78.0 610.0 63.0 COMMENT· POMER·

384.0 276.0 724.0 56.0 Id eſt, quia ego non conſentio peccato, uelim ilᛘ

335.0 320.0 767.0 65.0 lud abeſſe: mordet enim peccatum illud naturæ me,

337.0 373.0 697.0 59.0 uelut pediculus quidam, quem inuitus ſuſtineo·

367.0 433.0 728.0 61.0 Sed inhabitans in me peccatum.

386.0 494.0 723.0 57.0 Id eſt, morbus ille naturæ, ſeu quod peccatum uoᛘ

338.0 540.0 237.0 59.0 cant originale·

388.0 654.0 724.0 61.0 Id eſt, ego, qui ſpiritum Dei habeo, & cuius iã

338.0 703.0 564.0 57.0 beneficio mihi lex reuelauit peccatum·

407.0 760.0 701.0 66.0 Quod non habitet in me, hoc

342.0 820.0 292.0 67.0 eſt, in carne.

620.0 594.0 170.0 65.0 Noui.

392.0 890.0 716.0 56.0 Video me, quantus quantus ſum, eſſe nihil aliud,

341.0 934.0 767.0 60.0 quàm peccatum· Ecce hic totum hominem damnat,

342.0 985.0 771.0 60.0 ubi iam inuenies Lib· Arb· & præparationẽ ad graᛘ

341.0 1034.0 773.0 60.0 tiam? nunquid ex turbido fonte, puram aquam hau¬

342.0 1081.0 771.0 63.0 ries, num ex mala arbore, fructum bonum petes?

467.0 1141.0 518.0 64.0 Nam uelle adeſt mihi.

390.0 1200.0 730.0 65.0 Id eſt, per gratiam quidem id habeo, ut quæ bona

345.0 1245.0 294.0 60.0 ſunt, uelim facere·

403.0 1305.0 720.0 69.0 At ut faciã bonum non reperio.

398.0 1372.0 726.0 54.0 Id eſt, in meis uiribus non eſt : itaq; non loqui¬

347.0 1414.0 780.0 62.0 tur hic de manu, ſed ipſo corde, quod non uult ex naᛘ

346.0 1464.0 780.0 72.0 tura bonum faccre, ergo bonum in hac uita eſt, ut¬

1030.0 1527.0 94.0 53.0 uere
