1195 1859
131 102 662 62 IN EPIST· AD ROM·

91 169 773 59 eos, qui libertatem carnis ſomniant, & putant tum

90 218 776 58 licere ut peccent impune, quando gratia prædicatur·

93 266 769 61 Verum, ex iſta reſponſione offenduntur piæ mentes,

90 318 778 62 ut tandem dicant, O Paule, quam nobis libertatem

92 368 772 61 prædicas, cum peccatum adhuc ſemper adſit: hos

91 419 398 61 in ſequenti capite ſolatur·

152 473 716 54 In octauo conſolatur pios, adhuc iniurijs carnis

93 517 775 59 & mundi adflictos, dicens, ut maxime adhuc ad ¬

92 566 773 63 ſit peccatum, tamen non poteſt damnare· Sæuiunt

92 616 775 62 etiam quantumuis propter ſpiritum Chriſti in uobis:

93 668 776 63 eſtis filij Dei, à qua ſpe, nulla creatura poteſt nos ſeᛘ

95 717 775 65 parare· At hæc hactenus· Quid potuit commodi¬

95 768 774 63 us & dilucidius de iuſtificatione dici, quàm quod pri¬

97 818 771 60 mo morbum, ſecundo remedium indicarit? Tertio

96 867 769 66 uero, nequaquàm eſſe diffidendum, ſed firmiter in

96 919 448 61 Chriſto hærendum, docuerit·

832 103 35 61 8

894 472 76 67 VIII

177 1001 593 60 SVMMA TRIVM SEQVENᛘ

306 1052 357 56 tium· IX· X·XI·

108 1186 93 57 Q

213 1118 654 59 Vi prædicta recte intelligunt, obuijs ulnis, ut

212 1164 657 70 dicitur, amplectuntur ea quæ de prædeſtinaᛘ

305 1222 562 59 tione dicuntur in ſequentibus cap·Præ

93 1268 776 63 ſcire igitur oportet iſta quæ in prioribus cap· do¬

92 1319 776 61 cuit Paulus· Nam cum ipſe gratiam commendare uoᛘ

93 1368 776 62 luit, non potuit omittere locũ prædeſtinationis: hic

93 1421 775 60 is maxime ad gratiam pertinet: magnum quiddam

92 1470 772 71 eſt, quod certus ſim ſalutem meam nõ in mea manu,

874 1115 193 76 IX·X·XI

652 1529 62 61 A 3
