1206 1841
258 87 546 57 EPIST· AD ROM·

84.0 155.0 772.0 63.0 cit, id eſt, ut nos ſimus filij eius, ipſe uero pater

82.0 210.0 127.0 51.0 uoſter.

139.0 273.0 718.0 74.0 Non enim accepiſtis ſpiritum

82.0 338.0 253.0 68.0 ſeruitutis.

121 416 740 60 Vide, alius ſpiritus eſt in ſeruis, alius in filijs, Eynᛘ

73 467 788 61 ander mut und ſynn: filij ſciunt ſe liberos, non timent

75.0 515.0 789.0 61.0 eiectionemn ſui è domo patris, ſunt ſecuri de hæreditaᛘ

75.0 568.0 789.0 59.0 te, certo ſeiunt ſe habere patrem, & omnia quæ paᛘ

77.0 617.0 786.0 62.0 tris ſunt, ad ſe quo pertinere: Sciũt præterea ſe nõ

77.0 665.0 786.0 62.0 meruiſſe, ullo in patrem officio, quod hæc ſimul cũ

78.0 719.0 785.0 62.0 eo poßideant, uerum, ex hoc tantum quod filij ſint·

77.0 771.0 785.0 54.0 Sed huius hæreditatis & libertatis ius, nemo carna¬

78.0 817.0 782.0 62.0 lis exprimet, niſi qui ipſe ſe filium Dei eſſe norit·

76.0 865.0 788.0 61.0 Contra, ſerui nihil habent libertatis, neſciunt qua hoᛘ

77.0 915.0 788.0 63.0 ra è domo eijciantur. Nõ ſunt enim filij, nihilq́; quod

77.0 966.0 789.0 61.0 in domo eſt, ad eos pertinet, faciunt omnia coacti

80.0 1017.0 774.0 62.0 & territi, premũtur́ tyrannide moleſtißima legis,

78.0 1066.0 781.0 64.0 quæ ſemper dicit, fac fac, dilige dilige, ac nequeunt,

78.0 1118.0 783.0 61.0 cum hoc ipſum filij non audiant, nam per ſe faciunt

79.0 1170.0 781.0 58.0 omnia & diligunt Deum: quomodo enim non diligeᛘ

77.0 1218.0 787.0 61.0 rent patrem? Proinde, hic aduerte quàm rotundus ſit

78.0 1270.0 782.0 60.0 Paulus in argumentis breuißimis, ſeq́ mutuo com¬

78.0 1316.0 786.0 63.0 plectentibus· Primum: Non eſt peccandũ, quia nõ

75.0 1365.0 790.0 63.0 eſtis debitores carnis. Secundo, Si ſecuti carnem fue¬

74.0 1417.0 789.0 60.0 ritis, moriemini. Tertio, Si ſpiritu ambulaueritis, uiᛘ

72.0 1466.0 786.0 78.0 uetis· Quarto, Hoc ſpiritu eſtis filij Dei, non ſerui,

703.0 1528.0 48.0 61.0 M

820 95 33 53 89

871 411 160 69 Eilij ſumus

871 469 152 77 non ſervi.
