1203 1843
151 96 644 62 IN EPIST· AD ROM·

91 165 772 65 peccemus. Sed quia hæc nihil quod Dei eſt intelli¬

92 211 770 70 git, non poteſt aliud, quàm Dei gratiam & miſeri¬

83 261 780 74 cordiam blaſphemare, id quod hodie in multis cum

83 311 301 76 dolore eſt cernere·

84 387 777 95 Peccatum uobis non dominabitur.

138 477 728 71 Et hic locus probat non porro peccandum: eſt ueᛘ

82 511 784 92 ro inſignis, quia legis abrogationem tractat, in quam

82 574 784 80 caro craſſo iudicio trruit, & nihil non audet· Eſt au

82 625 784 78 tem argumentum à facili·q·d· Antea quando ad¬

82 669 782 88 huc eratis ſine fide, iuſticia Dei, ducebamint quaſi uinᛘ

87 721 779 83 cti ad peccandum, nam tum uobis dominabatur pec¬

86 770 778 88 catũ, nunc uero quando eſtis ſub gratia, habetis Deᛘ

86 821 778 86 um patrem, non iudicem, non poteſtis peccare: nõ

89 870 777 85 potuiſtis olim non peccare, imò neceſſario ad id fere

86 924 782 77 bamini, nunc quia reſtituti eſtis, per Dei gratiam, nõ

89 972 771 84 peccatis· Hic quæ de Libero Arb· dicunt illi, ſunt

87 1021 788 89 reſpuenda, damnamus ea & execramur, Dei uero

87 1076 779 83 prædicamus potentiam, quæ in nobis quiduis poteſt

86 1121 775 90 efficere· Eramus autem uſqueadeo obnoxij legi olim,

86 1174 778 86 ut ſimul omnes morti uorandos obijceret, quemadmo

90 1228 777 81 dum is, qui hominem occiderit, ad mortem, per legem

89 1277 777 85 de homicidis latam urgetur, ſic nos quia peccaueraᛘ

89 1334 775 74 mus omnes, morti adiudicabamur per legem, iuxta

89 1374 772 83 illud: In quacun die comederis &c. Hæc erat ty¬

87 1431 776 79 rannis, hoc intolerabilißimum dominium legis, quo

89 1481 771 88 uexabamur, nunc tandem Dei fauore ſumus liberatt,

828 119 30 53 63

891 993 179 79 Contra Libe¬

892 1053 132 66 rum Arb·
