1192 1839
167 96 621 64 IN EPIST· AD ROM·

145 169 715 54 Id eſt, tantum aberat, ut me quærerent, ut neᛘ

95 214 764 61 fama quidem illis cognitus eſſem: ergo hic locus

90 265 767 66 uel ſolus indicat nos ſaluatos, præter omnem meritũ¬

152 335 641 65 Aduerſus Iſrael autem dicit.

136 398 724 63 Id eſt, contra eos, qui uidebantur eſſe Dei popu¬

92 439 77 71 lus·

255 500 418 66 Toto die expandi.

142 566 716 54 Hunc locum multi de Chriſto cruci ſuffixum ex¬

93 611 767 59 ponunt, ſed inepte: uox Det eſt in Propheta, di¬

87 657 772 58 centis: Ecce, ego tanquã pater filijs, porrexi popuᛘ

87 711 772 59 lo meo manus, ille uero auxilium meum, & mea beᛘ

85 762 774 55 neficia non agnouit. Commendat uero in primis hic

89 816 765 51 locus nobis gratiam Dei: expandit ad nos manus,

92 858 766 63 ſponte offert beneficia, ipſe ſolus dat nobis, nos illi

87 907 319 62 uihil dare poſſumus·

802 88 52 75 124

254 968 435 62 Et contradicentem.

145 1029 709 57 Nam quemadmodum hic populus, corde non

85 1077 768 59 credit, ſic ne poteſt confiteri Deum, nam par ra¬

86 1125 766 63 tio eſt impietatis, quæ fidei: ubi fides eſt, ibi neceſſe

86 1177 764 61 confeßionem quoq; oris eſſe: ubi impietas in corde,

89 1224 764 65 ibi nihil aliud, quàm blaſphemiæ nominis Dei· Sa¬

134 1277 674 60 than enim agit corda, ut non prædicent graᛘ

182 1326 567 62 tiam, quæ aliãs ſuis uiribus nituntur,

248 1374 450 65 & impoßibile eſt arborem maᛘ

302 1426 335 67 lam, bonos ferre fru¬

875 643 186 72 Gratiæ com¬

875 704 148 69 nendatio·

427 1482 91 65 ctus·

665 1534 67 70 Q4
