1192 1849
434.0 85.0 622.0 53.0 COMMENT· POMER·

352.0 151.0 778.0 59.0 manu patris, nam noſtra dilectio ſæpenumero fluctu

353.0 199.0 502.0 58.0 at, uti Dauidis & Petri Apoſtoli.

490.0 256.0 347.0 58.0 Num adflictio.

402.0 318.0 673.0 55.0 Scilicet, ſeparabit, aut aliqua crux: Minime.

354 370 534 52 NVM FAMES? Nequaquam

479.0 423.0 339.0 64.0 Num gladius?

402.0 485.0 723.0 54.0 Nullo pacto. Siquidem hæc omnia ſunt talia, quæ

353.0 532.0 772.0 55.0 ad uitam Chriſtianorum pertineant, ideoq; ex Pſalmo

353.0 581.0 773.0 58.0 uerſiculum adſcripſit, quo ſanctorum animus & conᛘ

355.0 631.0 769.0 60.0 ſtantia in omnibus his declaratur. Dicunt igitur, quo

356.0 682.0 769.0 59.0 modo non mortem, famem &c-toleraremus, ſiqui¬

355.0 731.0 764.0 59.0 dem in hoc nati ſumus, ut per totam uitam patiamur,

355.0 783.0 605.0 58.0 & ueluti oues in lanienam pertrahamur.

586.0 843.0 265.0 64.0 Propter te,

402.0 902.0 723.0 55.0 Scilicet, O Deus, propter tuum nomen, quia tan

354.0 950.0 773.0 59.0 topere nos diligis & conſeruas, quod nos agnoſcen¬

356.0 1002.0 763.0 58.0 tes profitemur coram toto mundo, tuam uirtutem &

358.0 1049.0 772.0 60.0 miſericordiam: hoc quàmprimũ facimus TRA¬

359.0 1100.0 770.0 57.0 DIMVR MORTI· Ideſt, mundus nos per¬

361.0 1149.0 718.0 63.0 ſequitur. TOTA DIE. Id eſt, iugiter·

422.0 1216.0 709.0 65.0 Habiti ſumus uelut oues deſti ¬

351.0 1284.0 406.0 68.0 natæ mactationi.

411.0 1365.0 721.0 58.0 Quæ, ſcilicet, ab hominibus in id tantum ſeruan

354.0 1416.0 781.0 57.0 tur, ut mactentur. Aeſtimamur & nos pari ratione

351.0 1462.0 787.0 65.0 à mundo, indigni hac uita: Sunt autem omnia nobis

1023.0 1522.0 113.0 57.0 dulcia
