1226 1852
115 111 655 64 IN EPIST·  AD ROM·

800 122 48 54 4

68 184 767 59 quod homines exequuntur·  Per hoc enim inuitantur

66 227 771 66 cætert, qui uocantur ad Chriſtum, ad cœnam illam

65 277 776 66 magnam, id eſt, Verbum Dei·  Ex ijs facile intelli¬

69 328 778 68 ges, quomodo illud Chriſti intelligendum ſit, Multi

66 382 781 63 ſunt uocati &c· Deinde & illud Pauli, Quos uocaᛘ

64 432 781 62 uit, illos & iuſtificauit· Vocaticij itaq; ſumus, non

65 479 784 62 operarij:in uocatione, nõ in opere, eſt noſtra ſalus, cũ

65 530 780 69 dicat Chriſtus, Ego uos elegi, uos non elegiſtis me·

208 591 474 52 SVPERSCRIPTIO· .

329 642 246 58 Omnibus

117 698 727 66 Scilicet ſcribo dilectis· Hoc dicit, ne quis ſibi meᛘ

72 751 227 62 ritum fingat·

273 809 370 60 Vocatis ſanctis.

125 868 718 61 Quaſi dicat·  Nõ operãtibus, qui ſe nõ fecerunt

74 907 770 83 ſanctos ſuis operibus, uerũ ſancti facti ſunt per Deũ

237 976 470 60 Gratia uobis & pax.

129 1034 733 57 Hæc duo ubiq imprecatur·  Nam non alijs indigeᛘ

77 1077 784 69 mus præter hæc·  Nam gratia fauor eſt, quo nobis beᛘ

78 1128 783 63 ne uult Deus·  Pax autem eſt tranquillitas cõſcientiæ

82 1181 779 60 noſtræ erga Deũ: hæc in Deo, illa in nobis eſt: habeᛘ

82 1230 779 66 mus aũt iſta à Deo patre, non iudice, qui factus eſt noᛘ

85 1284 375 59 bis per Chriſtum pater·

866 848 191 93 Sãcti ueri qui

318 1339 282 62 Et domino.

138 1404 726 59 Hic uides quantum errarint, qui gratiam Dei ſuis

83 1443 781 72 meritis uoluerunt impetrare· Nam ſi gratia eſſet ex

81 1493 783 78 nscritis, non eſſet gratia, ut patet Cap·4·A Deo

869 1081 196 56 Gratie et paᛘ

869 1134 196 66 cis diſcrimen·

1107 1100 102 94 p

877 1389 194 78 Nulla gratia

877 1456 193 53 ex meritis no

878 1500 80 72 ſtris.
