1177 1839
124 82 640 66 IN EPIST·  AD ROM·

146 158 579 56 Vt omnium milereretur.

118 216 725 58 Ecce in ira uides miſericordiam concludi: iræ eſt,

77 266 769 60  in peccato concluſit, gratiæ eſt ꝗ miſereatur, ergo

75 307 777 68 qui concluſit, hic quo ſolus miſeretur noſtri: non ſaᛘ

76 365 775 56 mus in uinculis aut damnatione alicuius hominis iudiᛘ

79 410 775 66 cis, ſed Dei, quare nemo nos extraxerit niſi ipſe ſolus·

81 467 776 59 Qui ingemiſcunt, & clamãt, uidentes hanc damna

78 515 778 61 tionem ſui, illi exaudiuntur, & eripiuntur: qui uero

79 567 778 60 non uident, quales ſunt omnes Iuſticiarij, ij in æterno

79 619 778 57 carcere detinebuntur: pater uult agnoſct, non tyran¬

81 665 775 61 nus, ſi tantum in hoc intenderis animum, ꝗ conclu¬

82 716 772 62 ſus ſis ſub peccatũ, tyrannũ habiturus eras perpetuũ¬

83 769 773 58 Vbi autem hoc paternum cor quoq; agnoueris, ut omᛘ

80 818 774 58 nium miſeretur, patrem cernes ultro ſe tibi offerentẽ,

83 865 775 60 ſi ſitis miſericordiam, miſericors eſt, ſi iratum conciᛘ

86 916 771 63 pis, iratus eſt, ita & Iudæi, & Gentes, hanc miſeᛘ

82 968 778 57 ricordiam inuocantes ſaluantur. Ne uero etiã hic

84 1017 776 60 nos moretur prædeſtinationis quæſtio, certa & rata

82 1066 773 63 hæc ſit ſententia: quicun inuocauerit nomen Doᛘ

84 1117 779 60 mini ſaluus erit, non terreant peccata: & Paulus blaſᛘ

87 1170 775 59 phemus fuit, nũc tamen electum Dei organũ habetur¬

784 65 58 72 136

862 341 196 3 Liber ãtur quiᛘ

866 353 191 58 ſe damnatos

862 441 169 6 agnoſcunt

152 1229 431 57 O profunditatem.

137 1288 729 53 Nolumus ut quiſpiam plura de prædeſtinatione à

90 1330 778 61 nobis expectet, q̃ Paulus dixit, breui enim ſenten¬

92 1382 774 59 tia, omnia carnis mirabiliter excogitata problemata,

96 1431 776 64 ſoluit: ſi gratiam adſecutus es, fide, poſtq̃ peccatum

90 1483 783 69 tuum agnouiſti, Deus non te deſeret, ſiuero hãc non
