1178 1840
366 81 633 61 COMMENT· POMER·

452 149 427 58 Sanctam hoſtiam.

355 211 735 59 Id eſt, talem quæ non ſit prophana, ſed ſegregata

310 260 779 58 per Verbum, ab ijs quæ ſunt mundi· Hoc conuenit cũ

309 307 780 58 Veteri Teſtamento, animantia enim omnia, quæ de¬

307 355 779 64 bebant immolari, erant prophana, ubt uero ad ſacer

307 406 775 65 dotes fuiſſent adducta, ſancta habebantur, ſcilicet,

306 459 782 62 Deo Sic item noſtra ſaonficia, non debent pertinere

304 508 608 62 ad mundum, ſed ſolum Deum. Et addit

99 677 196 56 Carni durum

96 732 202 55 eſt ſe Deo re¬

95 775 132 67 ſignare·

546 584 268 67 Acceptam.

345 641 732 68 Niſi hoc addidiſſet, nihil eſſet conſolationis in ijs

305 694 773 60 uerbis, nam uehementer terretur & dolet caro, ubi

309 773 767 12 audit quod debeat ſe totum reſignare Deo, & abne¬

302 795 776 64 gare ſuas uires, ut́ cogatur dicere: Fiat uolũtas tua:

300 843 773 63 adueniat regnum tuum. Sed turſum conſolatur nos,

301 892 778 67 cum dicit: Iſta ueſtra hoſtia uiuens & ſancta, placet

299 944 779 63 Deo, uoluntatis eſt paternæ, ut ſic patiamini & morᛘ

297 992 785 67 tificemini, in hoc eſtis eius filij. Talem igitur hoſtiam

298 1042 784 66 ubi feceritis ueſtra corpora, inſtituetis cultum Dei

297 1092 783 66 rationalem, id eſt, talem, in quo omnes ueſtræ uires

297 1141 777 67 illi offerantur ſecundum eius uoluntatem, quæ ex ip¬

299 1193 778 69 ſius Verbo cognoſcitur. Quomodo autẽ gratius quid

298 1242 256 62 quam offerretis?

389 1303 571 62 Et ne accommodetis uos.

342 1363 739 57 Exponit ſe Paulus. Ad hoc, inquit, mortifica¬

294 1403 787 67 mur, ut uiuificemur, quod lex in ſuis ſacrificijs non

295 1454 787 77 præſtabat· offerri iubebat mortua, & mancbant morᛘ

999 1524 76 47 tua·
