1197 1834
813 65 36 72 92

142 80 652 63 IN EPIST· AD ROM·

81.0 146.0 768.0 61.0 tum noſtrum. Duplicem hic audis ſpiritum, noſtrum

80.0 188.0 769.0 71.0 & Dei, cum tamen idẽ ſit ſpiritus, ubi illuminati ſu¬

81.0 240.0 772.0 71.0 mus, nam ante ſumus uere abſq ſpiritu, & carnales

81.0 291.0 774.0 70.0 dicimur, inde noſter dicitur, quia nobis datus: antea

82.0 341.0 774.0 68.0 mens noſtra & intellectus non capiebat Deum, iam

83.0 389.0 770.0 76.0 uero per Spiritũ ſanctũ, tranſijt in ſpiritum à ſua carᛘ

83.0 441.0 782.0 73.0 nalitate, & factus eſt cum Deo unus ſpiritus, tra¬

82.0 489.0 781.0 74.0 hens paulatim poſt ſe totum hominem, de quo dicit:

86.0 537.0 776.0 80.0 Qui ſpiritu Dei aguntur &c· Quid agit ille? nihil

84.0 591.0 773.0 74.0 aliud, quàm quod firmißime nobis perſuadeat &

84.0 638.0 777.0 74.0 inculcet Deum eſſe patrem noſtrum, nosq́; illius fili¬

84.0 689.0 778.0 75.0 os, afficit nos dulcibus erga illum adfectibus, ne quid

84.0 741.0 772.0 77.0 aut dubitemus, aut deſyderemus, non ſunt ergo ig¬

83.0 788.0 783.0 79.0 nari Chriſtiani de uoluntate Dei patris erga ſe, ſcũt

83.0 841.0 780.0 72.0 uere ſe eſſe filios: Sunt obſignati hoc charactere æter

85.0 887.0 778.0 77.0 no & inuiolabilt, quem intuentes, ſecuri ſunt de il¬

83.0 936.0 783.0 81.0 lius dilectione, id quod dicunt in Pſalm. Signatum eſt

84.0 990.0 782.0 73.0 lumen uultus tui Domine &c·Tametſi Papiſtæ alium

88.0 1041.0 778.0 74.0 quendam characterem beſtiæ, de qua in Apoc· inue¬

88.0 1089.0 780.0 76.0 nerunt·Non ſuntitaq; hæc ſimplicia uerba, cum di¬

88.0 1140.0 776.0 76.0 cit: Spiritus, certos nos facit, nos eſſe Det filios, è

88.0 1192.0 776.0 72.0 cœlo datus eſt ille in corda noſtra, quæ obſignauit:

88.0 1242.0 779.0 76.0 ſumus conſortes Chriſti: ergo inuncti hoc ſpiritu quo

87.0 1290.0 777.0 79.0 ille, quamuis ille plus inunctus fuerit, cum eſſet ca¬

89.0 1341.0 780.0 76.0 put noſtrum. Nemo eſt ergo Chriſtianus, niſi credat

85.0 1392.0 783.0 69.0 in Deum per Chriſtum, ſi credit, iam ſpiritum ha¬

80.0 1444.0 782.0 94.0 bet per quem credit, qui regnans in corde, dat ilud

858.0 151.0 205.0 71.0 Duplex ſpi¬

860.0 205.0 92.0 58.0 ritus·

677.0 1509.0 73.0 52.0 M3
