1178 1851
117 89 639 68 IN EPIST· AD ROM·

112.0 162.0 664.0 68.0 Hoſpitalitatem ſectantes.

108.0 227.0 729.0 58.0 Id eſt, ſitis paratt ad ſuſcipiendum eos in hoſpitiũ

65.0 271.0 774.0 65.0 quicun ueniunt aduos Chriſtiani· Olim enim curſiᛘ

64.0 320.0 774.0 65.0 tabant Apoſtoli, & alij Prædicatores de ciuitate in

64.0 372.0 770.0 65.0 ciuitatem prædicantes, tales ſuſcipiebantur à pijs,

65.0 420.0 312.0 68.0 & ſanctis hoſpitio.

64.0 480.0 776.0 74.0 Bene loquamini de ijs, qui uos &c.

102.0 547.0 740.0 56.0 Hoc eſt Chriſtianorum, ut inquit Petrus, non ſoᛘ

65.0 588.0 777.0 63.0 lum de amicis, uerum & inimicis bene loqui, namᛘ

64.0 638.0 779.0 66.0 ſi tantum de amicis bene loquamini, non pertinebit ad

64.0 691.0 609.0 63.0 uos benedictio hæreditatis, pri·Petri,

91 754 676 61 Gaudete cum gaudentibus.

770 74 55 75 140

94.0 813.0 746.0 60.0 Cum ijs quibus læta contingunt Hæc ex ſimilitu¬

64.0 856.0 784.0 67.0 dine membrorum corporis, ut habet Paulus in Co¬

65.0 906.0 782.0 66.0 rinth. intelliguntur, ſi unum membrum gaudet uel

67.0 956.0 781.0 68.0 dolet, tum cætera omnia ſic adficiuntur: ita cõmoda

65.0 1007.0 784.0 69.0 & incommoda fratrum ad nos quo pertinere creda¬

65.0 1061.0 780.0 66.0 mus: ſi igitur quiſ perſonam alterius indueret, non

66.0 1111.0 757.0 66.0 eſſet opus toties, ac tanta de charitate precipere.

118.0 1169.0 474.0 59.0 Flete cumflentibus.

112 1220 516 62 Id eſt, quibus aduerſa acciderunt·

101.0 1279.0 742.0 66.0 Eodem animo alii in alios adfecti.

105.0 1344.0 742.0 56.0 Id eſt, inuicem ſitis concordes, etiamſi frater quij

74.0 1387.0 773.0 63.0 piam uos lædat: non commoueamini, tametſi tu ma¬

75.0 1438.0 767.0 66.0 ior uel doctior ſis, noli cum altero contendere, &

76.0 1491.0 283.0 70.0 ipſum afperneri·

675 1592 60 0 T2
