1190 1845
404.0 87.0 645.0 59.0 COMMENT· POMER·

457.0 162.0 576.0 59.0 Veluti commonefaciens.

366.0 220.0 732.0 59.0 Non docens, propter mandatum docendi, quod

319.0 265.0 372.0 58.0 habeo à Deo in Gentes·

448.0 325.0 348.0 57.0 Adminiſtrans.

373.0 387.0 719.0 54.0 Græce legitur, ſacrificans Euangelium Dei, &

321.0 434.0 776.0 61.0 rectius. Sacrificat enim Euangelium Deo, quia præᛘ

322.0 480.0 776.0 63.0 dicat id in corda Gentium, qui tandem ſe Deo offerũt

321.0 531.0 772.0 61.0 ubi crediderint, & ad illũ accedunt: ideo ait· VT

323.0 581.0 774.0 61.0 FIAT OBLATIO GENTIVM ACCEᛘ

321.0 629.0 774.0 65.0 PTABILIS. Id eſt, ut ipſæGentes fiant Deo ho¬

325.0 683.0 532.0 62.0 ſtia, per Euangelij prædicationem·

381.0 747.0 587.0 61.0 Sanctificata per ſpiritum.

371.0 805.0 723.0 58.0 Id eſt, per fidem, quæ est opus ſpiritusſancti, opeᛘ

323.0 850.0 453.0 63.0 rantis in cordibus credentium.

384.0 910.0 624.0 67.0 Habeo igitur quod glorier.

373.0 972.0 727.0 56.0 Non in alio, quam in Chriſto gloriart poſſum, cuᛘ

326.0 1019.0 777.0 57.0 ius ego Euangelium inter Gentes, diuino mãdato, præᛘ

327.0 1067.0 774.0 57.0 dico: res illa non ad me, ſed ad Deũ pertinet, nõ eſt

326.0 1115.0 771.0 58.0 ex hominibus, ſed Deo meũ Euangeliũ. In his uides, q̃

328.0 1167.0 772.0 59.0 certus ſit Paulus de ſua prædicatione, q ſibi à Deo ſit

326.0 1217.0 777.0 63.0 cõmiſſa, ergo damnandi, quicũq; putant Pauli ſcripta

327.0 1268.0 776.0 59.0 eſſe abijcienda, id quod multi hodie uellent, quæ non

327.0 1317.0 778.0 62.0 ſolum ſcripturis Prophetarũ & legis ſunt cõproba¬

328.0 1370.0 773.0 58.0 ta, ſed etiam miraculis confirmata. Recte itaq; adiecit·

446.0 1427.0 563.0 59.0 Non enim auſim loqui.

377.0 1489.0 731.0 52.0 Hoc cõtra Pſeudapoſtolos dictum eſt, que audẽt

331.0 1536.0 785.0 66.0 contra conſcientiam docere, quæ non credũt, & quæ

123.0 1403.0 204.0 53.0 Docẽtes conᛘ

121.0 1449.0 209.0 63.0 tra conſcienᛘ

121.0 1505.0 95.0 56.0 tiam·
