1190 1845
808 83 51 66 ne

157 89 635 61 IN EPIST· AD ROM·

141.0 159.0 719.0 62.0 Ad iuſtificationẽ omni credenti.

134.0 225.0 724.0 53.0 Vt ſcilicet, Omnis qui credit in eum iuſtificetur:

80.0 267.0 778.0 63.0 poſtea explicabit quid uelit, cum dicit: Omni cre¬

78.0 319.0 779.0 63.0 dẽti, ne Iuſticiarij putent id quoq; de ſe dictum: nam

81.0 370.0 774.0 60.0 ſæpe ac multum iactant ſe credere in Deum, cum ta¬

78.0 422.0 433.0 60.0 men ne ſciant quidem Deum.

148.0 486.0 677.0 76.0 Moſes enim ſcribit de iuſticia.

134.0 553.0 397.0 56.0 In Leuitico, & Deutero.

147.0 617.0 707.0 69.0 Quæ eſt ex lege, ꝙ qui fecerit

85.0 681.0 566.0 66.0 ea homo, uiuet per illa.

131.0 747.0 724.0 57.0 Qui illa, quæ in Lege ſunt expreſſa fecerit, non

82.0 795.0 774.0 55.0 punietur, non occidetur, aut lapidabitur: uel, quẽ

81.0 839.0 775.0 61.0 admodum iuſticia illa eſt carnalis, ſic tantum uitam

81.0 891.0 775.0 60.0 obtinebit carnalem, nam Lex ubiq; habet ſuãs pœnas

82.0 944.0 774.0 59.0 annexas, quas nemo euitare potuit, niſi qui faceret in

81.0 994.0 772.0 57.0 hominumconſpeclu, ea quæ in ea præcipiebantur:

82.0 1042.0 770.0 60.0 habrbat & promißiones ſuas, ſi ſeruarent, ꝗ bene

86.0 1093.0 767.0 59.0 facturus eſſet eis benedictione, uberis agri, cella¬

81.0 1144.0 763.0 66.0 rij. Emphaſis eſt ergo, non in uerbo uiuet, ſed in,

82.0 1194.0 130.0 62.0 fecerit·

140.0 1253.0 568.0 62.0 Cæterum ea quæ exfide.

124.0 1316.0 727.0 56.0 Ecce hic aliam iuſticiam deſcribit, quæ eſt per fi¬

81.0 1362.0 764.0 61.0 dem: eſt́ iuſticia Euangelij, qua tãtum corã Deo,

83.0 1412.0 758.0 59.0 & non coram hominibus, per fidem iuſtificatus es,

83.0 1462.0 759.0 75.0 ut ſupra dictũ, ex qua iuſticia produ iſte fructus, 
