1211 1870
410 107 612 60 COMMENT· POMER·

492 225 449 57 CAP .II.

333 341 62 56 S

393 282 725 55 Icut ſuperiori capite oſtendit, omnes Gentes eſ¬

402 322 713 70 ſe peccatores, & craßißimos quidem, ita & hoc

332 380 786 57 capite Iudæos peccatores declarat. Et ne quid hærea¬

341 425 768 68 mus in nominibus, ſiantq obſcuriora omnia, diligenᛘ

331 476 781 64 ter obſeruandu, eſt, quid uocabulo Gentium & Iu¬

331 525 781 65 dæorum ſibi Paulus uelit, ne quis ita ſentiat, & di¬

341 578 768 67 cat: Non ſum Iudæus, neq Gentilis, ergo quæ hic

331 629 778 66 ſcribũtur, ad me non pertinent. Itaq Gentes ſunt maᛘ

330 677 776 71 nifeſti peccatores in Scrip.ut qui ſciũt ſe ſcortatores,

333 732 773 65 publicanos, meretrices, alijſq; obnoxios peccatis:

333 784 780 58 quemadmodum in Euangelio publicanos & meretri¬

332 833 789 62 ces legimus: hi non poſſunt negare ſe eſſe peccato¬

331 883 770 66 res, ne negant unquàm· Nomine uero Iudæorum,

333 935 770 61 ueniunt ij, quos Iuſtitiarios uocamus, à iuſtitijs carnis,

333 986 777 61 qui olim ludæi & hypocritæ uocabantur: ij inquam

330 1031 782 67 nolunt eſſe, aut dici peccatores, quanquàm omnibus

333 1083 779 65 peccatis ſint obnoxij· Et quemadmodum Iudæi om¬

333 1137 780 58 nia contra impios in Scripturis dicta, in Gentes transᛘ

335 1185 766 64 ferebant, ſic noſtri hodie in ſpeciem probi & ſancti,

335 1235 780 62 in alios torquent ſcripturas. Et talium in primis eſt iuᛘ

332 1289 780 59 dicare alios: Nam hic fructus ex eo prodit, quod puᛘ

332 1342 780 55 tant ſe tuſtos· Hi audent dicere coram Deo & homi¬

333 1388 781 61 nibus: Non ſum ſicut cæteri hominum, id eſt, non

336 1438 778 62 ſum ſcortator, non fur, non homicida: cum interimᛘ

333 1489 786 66 cor ipſorum plenum ſit infidelitate, & lingua blaſ¬

126 481 193 62 Quid uocabu

125 532 194 61 lo Gentuũ &

125 582 194 62 Iudæorũ ſib

127 635 192 62 uelit Paulus

126 1200 198 65 Noſtri Iudæi

130 1252 137 73 qui ſint·

973 1553 135 59 phema:
