1171 1844
150 115 639 60 IN EPIST·  AD ROM·

132.0 254.0 724.0 54.0 Multa Deus fecit, quæ ratio noſtra non poteſt cõ

84 297 771 60 cipere, tamen auſi ſunt ſtulti ea tentare, ſed oppreſᛘ

86 349 769 61 ſi ſunt à gloria, quemadmodum uidemus Philoſophis

84 397 771 66 accidiſſe: & quotus quiſ eſt noſtrum, qui intelligat

79 450 776 63 quæ ſit ſubſtantia animæ, cum tamen ex ea pendeat

88.0 497.0 766.0 62.0 omnis noſtra uita animalis: circunferimus eam, eſtq́

88.0 549.0 774.0 60.0 ubiq; nobiſcum, & ignoramus quid ſit· Quàm ſtulᛘ

88.0 600.0 772.0 56.0 tum igitur & ridiculum eſt, nos uelle diuina intellige

89.0 647.0 772.0 60.0 re, cum hæc uulgaria non capiamus: ſi in ijs quæ

86.0 697.0 772.0 62.0 ſunt naturæ pugnant ſapientum mundi ſententiæ,

87.0 749.0 776.0 59.0 quanto magis pugnabunt in diuinarum rerum inda¬

89.0 798.0 775.0 59.0 gatione? Ergo conſilia & iudicia ſua, Deo relinqua

90.0 847.0 773.0 69.0 mus, non ſumamus in ijs nobis quod ſupra captum

81.0 899.0 214.0 72.0 noſtrum eſt·

224.0 187.0 474.0 66.0 Quam inſcrutabilia.

808 110 41 65 u7

869 298 192 66 Non inucſti¬

868 348 193 65 ganda, quæ

868 396 178 66 ſupra captũ

868 448 137 71 noſtrum·

127.0 956.0 668.0 66.0 Et inperueſtigabiles uiæ eius.

141.0 1018.0 722.0 56.0 Viæ Det dicuntur ea, quæcun Deus agit, quo¬

88.0 1067.0 769.0 57.0 rum omnium nos nullam rationẽ reddere poſſumus,

90.0 1116.0 587.0 64.0 nam ſolus qui hæc agit, rationem nouit·

94 1163 765 70 Quis enim cognouit mentẽ Dñi?

139 1225 719 60 Id eſt, quis ſententiam eius, aut quid ipſe uelit,

90 1270 674 66 tenet? Hæc in Eſaia & alibi ſcripta legimus.

157.0 1332.0 621.0 67.0 Aut quis illi fuit a conſilijs ?

139.0 1394.0 720.0 55.0 Scilicet, ut faceret ſic uel ſic, quis ipſum edocuit?

93.0 1444.0 761.0 55.0 Qu'indo igitur fecerit omnia, antequà naſceremur,

91.0 1488.0 764.0 65.0 ut uoluit, cur illius iudiciũ & uoluntatẽ accuſamus?

719 1552 20 46 S
