1200 1872
438 106 587 57 LOMMENT. POMER.

389.0 172.0 739.0 56.0 Hic uides Idololatriã ſtatim eſſe comitem excæca¬

341.0 220.0 783.0 59.0 tionis: quomodo uarijs imaginibus coluerint Gen¬

341.0 267.0 670.0 66.0 tes Deos, declarant hiſtoriæ, item Prophetæ.

560.0 344.0 316.0 66.0 Quapropter.

390.0 404.0 729.0 58.0 Deus iuſtus eſt iudex, ut ipſe ſtatim ubi effinxeri

341.0 447.0 776.0 66.0 mus nobis in corde noſtro Idolum, cui placeant no¬

340.0 499.0 769.0 63.0 ſtra ſtercoria opera, (ſicut Monachi cum Blattis &

339.0 548.0 769.0 66.0 Cappis, Gentes cũ ſuis talpis & anſeribus fecerũt,)

341.0 601.0 771.0 62.0 puniat peceatum peccato, iuſto iudicio. Nam cum in

339.0 650.0 767.0 66.0 peccatum aliquod manifeſtum & craſſum incidimus,

339.0 698.0 774.0 66.0 nihil certius eſſe nobis debet, quàm hoc peccatũ fie¬

338.0 752.0 773.0 65.0 ri propter ſecretius aliud peccatum, quod non uides·

345.0 797.0 768.0 70.0 Terreat igitur nos noſtra uita, in qua nihil aliud cer¬

342.0 849.0 769.0 68.0 nimus, quàm craßißima flagitia: hæc ſint nobis indi

336.0 901.0 773.0 65.0 cia aliorũ maiorum peccatorum, quæ non poſſumus

335.0 951.0 776.0 70.0 uidere. Si igitur etiam peccatum illud manifeſte craſ¬

336.0 1005.0 773.0 63.0 ſum non agnouerimus, Væ nobis, certe actum eſt

334.0 1057.0 776.0 64.0 de nobis. St autem agnouerimus, & pœnitentia fue¬

333.0 1104.0 776.0 72.0 rimus ducti, ſalua ſunt omnia, ſiquidem potens eſt

332.0 1156.0 467.0 56.0 Deus ex ſtercore aurum facere¬

132.0 816.0 192.0 57.0 Noſtra uita,

131.0 864.0 197.0 67.0 nil niſi pecca

130.0 927.0 91.0 50.0 tum.

483.0 1217.0 431.0 55.0 Cordiumſuorum.

381.0 1275.0 730.0 58.0 Horrendum illud eſt, non dicit per Sathanã tra¬

329.0 1317.0 782.0 70.0 didit, ſed per illud quod iam in corde habẽt, quod gra

328.0 1370.0 782.0 73.0 uißimum eſt periculum. Contra quod et oramus: Et

327.0 1422.0 458.0 58.0 ne nos inducas in tentationem·

490 1470 400 75 In immunditiam.

377 1537 405 73 Hanc poſt exponit quæſit·
