1193 1820
159 56 642 65 IN EPIST· AD ROM·

96.0 127.0 774.0 58.0 iam in nobis præſentiſcere. In tentatione, in qua

94.0 172.0 779.0 62.0 omnes creaturæ nobis contrariæ uidentur, etiam ſol

93.0 224.0 778.0 63.0 ipſe qui clarißimus eſt, nobis tenebraſcit, ſecundũ ea,

97.0 275.0 777.0 62.0 quæ in Prophetis legimus: Omnia quæ iucunda fue¬

94.0 326.0 779.0 62.0 runt & dulcia, in amarorem nobis uerſa ſentimus,

94.0 374.0 784.0 65.0 imò & ad ſtrepitum decidentis folij ex arbore trepiᛘ

95.0 425.0 786.0 60.0 damus· At ubi ſpem aliquam in Deum in ea tentatioᛘ

99.0 474.0 785.0 62.0 ne rurſus conceperimus, nihil eſt quod non ſtet à no¬

99.0 528.0 784.0 58.0 bis, nihil terret nos, arrident omnes creaturæ, & no

99.0 575.0 786.0 60.0 biſcum gaudere uidentur, ſiquidem Deus pater arri¬

102.0 626.0 779.0 61.0 det· Ecce hic guſtus eſt, primitiarum gloriæ huius,

102.0 674.0 783.0 63.0 hic experimur illud quod dicit Paulus: Diligentibus

102.0 728.0 784.0 58.0 Deum, omnia cooperantur in bonum, id eſt, omnes

102.0 779.0 783.0 58.0 creaturæ & quicquid eſt rerum, etiam aduerſarum,

105.0 826.0 786.0 61.0 ſalutem noſtram promouent, id quod in reſurrectione

106.0 875.0 733.0 61.0 uidebimus, cum omnis impietas extirpata fuerit

818 60 45 58 99

108.0 942.0 784.0 57.0 Scimus eni, quod omnis creatura,

160.0 999.0 738.0 54.0 Nemo hæc uerba, niſi ſpiritualis ſit, dicere po¬

109.0 1042.0 788.0 64.0 teſt, caro enim ignorat, quod creaturæ etiam peßi¬

111.0 1094.0 782.0 62.0 mæ, itẽ peccatũ & mors, pijs cooperentur in bonũ¬

318.0 1155.0 325.0 63.0 Congemiſcit.

166.0 1212.0 700.0 57.0 Gemit nobiſcum, & cupit liberari à ſeruitute·

184.0 1282.0 640.0 65.0 Dimul nobiſcum parturit.

166.0 1343.0 735.0 57.0 Id eſt, in anguſtia eſt ut mulier parturiens, que

115.0 1389.0 786.0 63.0 uihil aliud ob oculos habet, quàm mortem, ut inte¬

115.0 1441.0 496.0 77.0 rim dolorem taccam, lohan ·16·
