1174 1836
124 99 638 58 IN EPIST· AD ROM·

116.0 170.0 719.0 57.0 Scilicet, eorum qui perdunt animas· Videntur

65.0 218.0 772.0 58.0 optima docere, cum interim ſeducant: optima pro¬

66.0 267.0 764.0 62.0 raittunt, ſed uenenum immittunt, non lac & mel·

277.0 338.0 303.0 60.0 Execratione.

181 410 431 67 Id eſt, in rebus quæ Dei ſunt·

264.0 484.0 331.0 64.0 Amarulentia.

122.0 557.0 717.0 63.0 Id eſt, in rebus quæ ad proximum attinent· Hæc

65.0 609.0 771.0 58.0 omnia eſt uidere in regno Papæ, ubt regnat Excom¬

65.0 660.0 774.0 58.0 municatio, Aggrauatio, Reaggrauatio· Illa enim

64.0 709.0 774.0 58.0 imperioſißime ſemper intonant & clamant Nul¬

66.0 758.0 766.0 65.0 la hic eſt Verbi Dei contio, præterea male loquuntur

69.0 808.0 207.0 67.0 de proximo.

799 150 41 0 30

332.0 878.0 155.0 64.0 Pedes

119.0 957.0 716.0 63.0 Sunt adfectus, id eſt, ad hoc-nituntur & cur¬

61.0 1008.0 776.0 63.0 runt, ut effundant ſanguinem, nulla prorſus in eis eſt

63.0 1058.0 776.0 62.0 commiſeratio & miſericordia, ad perdendum ſunt

64.0 1108.0 776.0 62.0 efficaces, non ſanandum. Videamus id in noſtris ſanᛘ

64.0 1156.0 774.0 65.0 ctis Papiſtis hodie, an non uelint Euangelij Prædi¬

64.0 1213.0 775.0 55.0 catores, occidi, cremari, & perdi? hanc impieta¬

62.0 1260.0 768.0 60.0 tem hodie Deus per Euangelium reuelat: uerum,

65.0 1307.0 768.0 62.0 quia traditi ſunt in reprobum ſenſum, id non uident,

62.0 1360.0 775.0 55.0 uellent illi nos perditos uno momento. Exemplũ habes

61.0 1406.0 777.0 62.0 de Iſaac & iſmaele in Galatis: non uocat hic Scri¬

65.0 1459.0 769.0 67.0 ptura, uiros ſanguinum, homicidus & latrones:

847.0 971.0 196.0 68.0 Pedes ſunt afᛘ

850.0 1021.0 98.0 62.0 fectus·
