1192 1857
426.0 83.0 626.0 59.0 COMMENT· POMER·

350.0 148.0 781.0 68.0 auſi prodire, & hoc uerum eſſe ſcimus & credimus.

350.0 196.0 464.0 67.0 Itaq; non eſt iudex, ſed pater.

629.0 258.0 185.0 59.0 In qua.

397.0 314.0 736.0 60.0 Scilicet, Dei gratia & fauore, ſcimus quod De¬

350.0 362.0 301.0 63.0 us nobis bene uelit·

640.0 436.0 214.0 58.0 Stamus.

392.0 494.0 737.0 63.0 Id eſt, nunc regnamus, & ſumus reges, quibus

349 543 779 65 omnia ſubiecta ſunt, cum antea iaceremus proſtrati

348 589 782 68 in terram, non audentes adſpicere in cœlum, imò de

346.0 643.0 783.0 74.0 tenti eramus in carcere, ubi perpetua erat ſeruitus

348 696 217 70 & calamitas·

585.0 765.0 287.0 62.0 Gloriamur.

396.0 827.0 729.0 57.0 Verbum eſt certitudinis, nam nemo gloriatur, niᛘ

345.0 869.0 439.0 71.0 ſi de eare, de qua certus eſt·

534.0 953.0 379.0 66.0 Sub ſpe gloriæ.

411 1010 711 67 Quomodo inquit gloriamur? ſub ſpe? id eſt,

346 1053 782 72 quicquid iam habemus uitæ æternæ, aut gloriæ, id haᛘ

345 1104 783 65 bemus in ſpe·Certi ſumus, quod Deus nos glorificaᛘ

345 1154 783 68 bit· Sumus enim ſancti & filij Dei· Huc refer quæ in

328 1208 800 65 Octauo dicuntur de expectatione creaturarũ· Item· I

343 1258 783 69 Iohan·3· Nunc ſumus filij Det, inquit, & nondum

346 1309 782 66 apparuit, quod futuri ſumus &c· Iam contempti ſuᛘ

332 1355 793 71 mus apud omnes, item apud noſmetipſos, quia uideᛘ

343 1408 782 69 mus peccata noſtra·Sed interim tamen ſalui ſumus

349 1456 781 96 perſpem-1-d. Res quidem, id eſt, uita eternaiã

1015.0 1521.0 101.0 54.0 adeſt,
