1201 1838
826 132 37 0 59

151 95 659 60 IN EPIST· AD ROM·

91 165 772 60 nõ peccati eorpus, mẽbra ſumus Chriſti, nõ Sathanæ·

292 225 374 54 In mortem eius.

139 278 724 63 Id eſt, ita mortuus eſt Chriſtus pro nobis, ut cum

89 323 779 67 ipſo ſimus quoq mortut omnes. Omnes eramus obnoᛘ

89 376 785 63 xij morti propter peccatum, mori debebamus, ſed

90 423 783 64 Chriſtus hoc debitum pro nobis ſoluit. Infirmiores

93 474 782 64 eramus, quàm ut mortem uinceremus, abſorpſiſſet

93 522 780 66 hæc nos, ac peſſundediſſet: Verum Chriſtus, fortior

97 572 779 68 morte, abſorpſit eam, non ſibi, ſed nobis: non era¬

95 624 777 65 mus ſoluendo, ille diluit debitum tam efficaciter, ut,

92 672 785 68 tametſi nos non ſatisfecerimus, iam morti ſatisfactũ

97 726 778 66 ſit· Mortut ergo ſumus illius morte, ſicut qui pro me

98 782 776 59 ſoluit debitum, ut maxime ego non numerauerim peᛘ

95 828 779 60 cuntas, tamen tam ſum liber à debito, quia is pro me

98 877 776 69 ſatisfecerit: ita iam perinde mortuus ſum, atque

100 931 161 82 Chriſtus·

876 251 205 61 Chriſti ſatisfaᛘ

880 303 191 72 ctio noſtra·

298 990 341 63 Sepulti igitur.

155 1047 718 61 Id eſt, ſicut ipſe ſepultus eſt, Vuyr ſeyn inſey¬

100 1095 457 72 nen todt getrochen· Quare?

167 1180 708 70 Vt quemadmodũ excitatus Chriᛘ

101 1249 651 77 ſtus ex mortuis per gloriam.

140 1322 736 58 Id eſt, quemadmodum Deus pater ex ignominio¬

101 1367 776 67 ſa morte, traxit ſuum Chriſtum, & in gloriam colloᛘ

98 1418 780 65 cauit, iuxta illud Iohan·17· Pater glorifica filium

93 1467 783 74 tuum, dedit́ illi nouam uitam, quam & nobis cum

694 1531 63 55 H3
