1197 1845
155 99 634 60 IN· EPST· AD ROM·

804 110 40 52 69

76 169 781 58 cere, ſi uetus Adam totus eſſet mortuus in cruce, at

75 212 783 67 quia mortuus nõ eſt, cuſtodiendus eſt diligẽter, ne deᛘ

77 260 777 68 cruce deſcendat, ſiquidẽ nihil magis optat· Eſt nobis

80 311 774 68 aßidua cum illo pugna per totam uitam: non ſolum

78 360 784 70 ad Chriſtum, ſed ad nos quoq; dicunt Phariſei: ſifi¬

80 414 784 64 lius Deies, deſcende de cruce. Nos dicemus, quia fiᛘ

77 463 783 65 lij Dei ſumus, manebimus in cruce, quàmdiu caro noᛘ

77 512 782 65 ſtra uixerit. Hic certandum eſt, hoc opus, hic labor:

80 561 782 67 uult libera eſſe caro, non ſuffigi in crucem, hocra¬

80 611 781 66 tio, hoc doctrina Sathanæ clamat, ſed non eſt au¬

84 666 776 62 ſcultandum illis, in finem perdurandum eſt, donec to

83 715 776 63 tus moriatur Adam, tum licebit, ut de cruce tollatur:

82 765 779 66 non tamẽ tunc deſcendet, quia mortuùs eſt, ſed quia

83 813 775 68 donata eſt nobis uita æterna: non per nos, ſed per

83 865 777 65 Deum, quare non quæ nobis, ſed Deo placent, face

86 913 774 65 re debemus-Videbis igitur ex hoc loco, totam illam

90 968 771 60 pugnam carnis & ſpiritus, quæ durat per totam ui¬

87 1015 775 62 tam·Habesq́ eam & in Gal·5· multa enim uolu¬

87 1064 774 64 mus ſecundum carnem, quæ non ſunt facienda, uo¬

86 1116 774 65 lumus & quædam ſecundum ſpiritum, quæ ſunt fa¬

86 1166 773 61 cienda, ex quibus & ſuperior, item, præſens locus

88 1214 775 66 intelligi poteſt, nam inferebant prumum, quiduis fa¬

87 1267 774 62 ciendum eſt, quia ſumus ſub gratia, Recte: quæcun

92 1317 769 61 que ex ſpiritu & gratia Dei uolumus, ſunt facien¬

91 1367 769 61 da, quæ uero inde non fluunt, minime ſunt facienda·

91 1416 769 64 Similiter & hic ex oppoſito gratiæ inferunt, quia à

88 1465 770 78 lege ſumus liberi, ergo quiduis faciendum·Reſpond

863 307 195 0 Spiritus pugᛘ

863 354 194 3 na cũ carne·
