<?xml version='1.0' encoding='UTF-8'?>
<alto xmlns:xsi="http://www.w3.org/2001/XMLSchema-instance" xmlns="http://www.loc.gov/standards/alto/ns-v4#" xsi:schemaLocation="http://www.loc.gov/standards/alto/ns-v4# http://www.loc.gov/standards/alto/v4/alto-4-2.xsd">
  <Description>
    <MeasurementUnit>pixel</MeasurementUnit>
    <sourceImageInformation>
      <fileName>10AC1F79_uk4nGb4pqFMsrzZf_00245.jpg</fileName>
    </sourceImageInformation>
  </Description>
  <Tags>
    <OtherTag ID="BT7" LABEL="CustomZone" DESCRIPTION="block type CustomZone"/><OtherTag ID="BT8" LABEL="DamageZone" DESCRIPTION="block type DamageZone"/><OtherTag ID="BT9" LABEL="DigitizationArtefactZone" DESCRIPTION="block type DigitizationArtefactZone"/><OtherTag ID="BT10" LABEL="DropCapitalZone" DESCRIPTION="block type DropCapitalZone"/><OtherTag ID="BT11" LABEL="GraphicZone" DESCRIPTION="block type GraphicZone"/><OtherTag ID="BT12" LABEL="MainZone" DESCRIPTION="block type MainZone"/><OtherTag ID="BT13" LABEL="MarginTextZone" DESCRIPTION="block type MarginTextZone"/><OtherTag ID="BT14" LABEL="MusicZone" DESCRIPTION="block type MusicZone"/><OtherTag ID="BT15" LABEL="NumberingZone" DESCRIPTION="block type NumberingZone"/><OtherTag ID="BT17" LABEL="QuireMarksZone" DESCRIPTION="block type QuireMarksZone"/><OtherTag ID="BT18" LABEL="RunningTitleZone" DESCRIPTION="block type RunningTitleZone"/><OtherTag ID="BT19" LABEL="SealZone" DESCRIPTION="block type SealZone"/><OtherTag ID="BT20" LABEL="StampZone" DESCRIPTION="block type StampZone"/><OtherTag ID="BT21" LABEL="TableZone" DESCRIPTION="block type TableZone"/><OtherTag ID="BT22" LABEL="TitlePageZone" DESCRIPTION="block type TitlePageZone"/><OtherTag ID="BT3824" LABEL="MainZone-Continued" DESCRIPTION="block type MainZone-Continued"/><OtherTag ID="BT3825" LABEL="MarginTextZone-Notes" DESCRIPTION="block type MarginTextZone-Notes"/><OtherTag ID="BT3826" LABEL="MainZone-Head" DESCRIPTION="block type MainZone-Head"/><OtherTag ID="BT3827" LABEL="MainZone-P" DESCRIPTION="block type MainZone-P"/>
    <OtherTag ID="LT7" LABEL="CustomLine" DESCRIPTION="line type CustomLine"/><OtherTag ID="LT8" LABEL="DefaultLine" DESCRIPTION="line type DefaultLine"/><OtherTag ID="LT9" LABEL="DropCapitalLine" DESCRIPTION="line type DropCapitalLine"/><OtherTag ID="LT10" LABEL="HeadingLine" DESCRIPTION="line type HeadingLine"/><OtherTag ID="LT11" LABEL="InterlinearLine" DESCRIPTION="line type InterlinearLine"/><OtherTag ID="LT12" LABEL="MusicLine" DESCRIPTION="line type MusicLine"/>
  </Tags>
  <Layout>
    <Page WIDTH="1195" HEIGHT="1836" PHYSICAL_IMG_NR="46" ID="eSc_dummypage_">
      <PrintSpace HPOS="0" VPOS="0" WIDTH="1195" HEIGHT="1836">
        <TextBlock HPOS="140" VPOS="74" WIDTH="655" HEIGHT="57" ID="block_1" TAGREFS="BT10">
          <Shape><Polygon POINTS="795 74 795 131 140 131 140 74"/></Shape>
          <TextLine ID="line_1" TAGREFS="LT8" BASELINE="155 114 521 113 799 118" HPOS="153" VPOS="74" WIDTH="644" HEIGHT="66">
            <Shape><Polygon POINTS="719 74 154 74 153 126 182 137 266 130 292 140 345 140 358 130 394 139 417 130 520 140 797 134 797 78 728 78 719 74"/></Shape>
            <String CONTENT="IN BPIST· AD ROM·" HPOS="153" VPOS="74" WIDTH="644" HEIGHT="66"/>
          </TextLine>
        </TextBlock>
        <TextBlock HPOS="85" VPOS="147" WIDTH="794" HEIGHT="901" ID="block_2" TAGREFS="BT3824">
          <Shape><Polygon POINTS="879 147 879 1048 85 1048 85 147"/></Shape>
          <TextLine ID="line_2" TAGREFS="LT8" BASELINE="98 180 415 178 871 183" HPOS="98" VPOS="146" WIDTH="773" HEIGHT="56">
            <Shape><Polygon POINTS="781 146 771 146 761 146 751 146 740 146 731 146 712 149 698 146 689 146 679 146 669 146 661 146 646 148 624 146 618 146 608 146 598 146 587 146 583 146 577 149 499 149 493 146 485 146 475 146 465 146 455 146 450 146 441 147 436 146 434 146 424 146 414 146 404 146 393 146 383 146 382 146 374 147 366 146 363 146 353 146 342 146 332 146 322 146 312 146 302 146 291 146 281 146 271 146 261 146 251 146 240 146 230 146 220 146 210 146 200 146 189 146 179 146 169 146 159 146 148 146 138 146 128 146 118 146 108 146 98 146 98 180 98 196 126 192 158 199 159 199 160 199 187 192 207 198 208 198 209 198 252 192 321 200 322 200 323 200 336 193 363 198 364 198 365 198 366 198 373 193 423 198 424 198 476 193 508 201 509 201 510 201 556 194 567 201 568 201 569 201 570 202 609 202 609 201 673 194 686 201 687 201 688 201 741 197 788 202 789 202 790 202 809 195 869 202 871 183 870 150 786 146 781 146"/></Shape>
            <String CONTENT="Perpetuo bellum contra illum, ut quondam Gigantes" HPOS="98" VPOS="146" WIDTH="773" HEIGHT="56" WC="0.9890561687703036"/>
          </TextLine>
          <TextLine ID="line_3" TAGREFS="LT8" BASELINE="92 227 871 232" HPOS="92" VPOS="190" WIDTH="779" HEIGHT="65">
            <Shape><Polygon POINTS="92 227 92 242 155 242 163 247 164 247 165 247 166 247 238 241 263 250 264 250 265 250 266 250 278 245 363 250 364 250 404 242 443 242 462 251 463 251 464 252 536 252 536 251 537 251 560 243 596 252 598 252 599 253 650 253 650 252 651 252 665 246 677 251 678 251 679 251 680 251 681 251 690 244 713 244 724 253 725 253 726 253 727 255 784 255 784 253 785 253 786 253 795 247 803 252 804 252 805 252 806 252 807 252 835 245 852 253 853 253 854 253 870 251 871 232 870 204 832 195 831 195 830 195 815 204 782 198 781 198 731 204 665 193 664 193 663 193 646 201 637 194 636 194 635 194 611 193 610 193 609 193 574 202 551 202 536 192 535 192 534 192 533 192 532 192 512 199 492 192 491 192 490 192 489 192 488 192 475 201 403 191 349 191 347 191 346 191 324 200 235 198 221 190 220 190 219 190 168 199 156 193 155 193 154 193 129 197 121 191 120 191 119 191 118 191 92 196 92 227"/></Shape>
            <String CONTENT="contra iouem, ut fabulæ aiunt. Eſt igitur omnino in" HPOS="92" VPOS="190" WIDTH="779" HEIGHT="65" WC="0.983590238234576"/>
          </TextLine>
          <TextLine ID="line_4" TAGREFS="LT8" BASELINE="92 277 723 282 869 286" HPOS="90" VPOS="235" WIDTH="777" HEIGHT="72">
            <Shape><Polygon POINTS="91 276 90 298 165 292 179 301 185 301 223 292 414 302 448 293 457 302 489 295 506 306 575 306 598 295 607 304 685 306 705 296 720 307 791 307 803 296 840 304 866 295 867 284 866 250 711 250 702 240 605 247 595 238 485 247 457 237 434 246 312 246 258 235 91 235 91 276"/></Shape>
            <String CONTENT="ſolubile hoc argumentum, ut Paulus in fine Cap·n·" HPOS="90" VPOS="235" WIDTH="777" HEIGHT="72" WC="0.993288097332935"/>
          </TextLine>
          <TextLine ID="line_5" TAGREFS="LT8" BASELINE="89 326 668 332 869 337" HPOS="87" VPOS="284" WIDTH="780" HEIGHT="75">
            <Shape><Polygon POINTS="88 325 87 339 183 348 185 348 238 342 273 353 275 353 276 354 387 354 387 353 388 353 422 344 457 354 459 354 460 354 596 347 639 356 641 356 642 356 644 356 656 347 716 347 754 358 755 358 757 359 866 359 867 336 866 298 439 298 425 287 423 287 422 287 420 287 163 293 130 284 128 284 126 284 88 290 88 325"/></Shape>
            <String CONTENT="indicat: ne aliud habemus, quod dicamus, quàm ò" HPOS="87" VPOS="284" WIDTH="780" HEIGHT="75"/>
          </TextLine>
          <TextLine ID="line_6" TAGREFS="LT8" BASELINE="90 379 870 384" HPOS="90" VPOS="341" WIDTH="780" HEIGHT="59">
            <Shape><Polygon POINTS="90 379 90 395 128 390 136 396 137 396 138 396 139 397 180 397 180 396 227 389 236 396 237 396 238 396 239 396 240 396 261 391 273 397 274 397 275 398 299 398 299 397 300 397 301 397 310 390 320 395 321 395 322 395 416 391 434 398 435 398 436 399 467 399 467 398 468 398 484 391 514 391 522 398 523 398 524 398 525 398 526 398 541 391 568 398 569 398 570 398 571 398 572 398 582 392 664 398 665 398 701 392 724 400 725 400 726 400 869 396 870 384 869 355 820 345 819 345 818 345 817 345 801 355 782 355 755 345 754 345 753 345 678 353 665 345 664 345 663 345 662 345 661 345 649 350 641 344 640 344 639 344 587 344 586 344 585 344 562 353 534 353 513 343 512 343 511 343 510 343 474 352 427 344 426 344 425 344 402 352 355 347 354 347 317 351 310 346 309 346 308 346 307 346 278 351 269 345 268 345 267 345 266 345 265 345 246 351 229 341 228 341 227 341 226 341 225 341 202 348 185 341 184 341 143 341 142 341 141 341 122 348 113 341 112 341 111 341 110 341 90 341 90 379"/></Shape>
            <String CONTENT="profunditatem &amp;c· Creat uero ob duas caußas, im¬" HPOS="90" VPOS="341" WIDTH="780" HEIGHT="59" WC="0.9949544283250967"/>
          </TextLine>
          <TextLine ID="line_7" TAGREFS="LT8" BASELINE="89 428 870 434" HPOS="89" VPOS="390" WIDTH="781" HEIGHT="61">
            <Shape><Polygon POINTS="89 428 90 442 110 437 307 437 437 447 438 447 439 447 460 439 479 448 480 448 481 448 515 442 525 448 526 448 527 448 528 449 588 449 588 448 589 448 590 448 596 443 663 449 664 449 665 449 666 449 677 442 725 442 744 450 745 450 747 451 786 451 786 450 787 450 805 443 814 450 815 450 816 450 817 451 869 451 870 434 869 401 828 395 827 395 792 402 766 395 765 395 764 395 763 395 741 401 732 395 731 395 730 395 729 395 728 395 727 395 719 402 692 402 665 394 664 394 663 394 662 394 661 394 650 401 628 396 627 396 626 396 625 396 610 401 579 393 578 393 528 393 527 393 526 393 509 400 401 395 400 395 351 399 321 391 320 391 319 391 232 398 194 390 193 390 154 397 139 391 138 391 137 391 89 396 89 428"/></Shape>
            <String CONTENT="pios Deus · Primum, propter ſe, ut oſtendat in illis" HPOS="89" VPOS="390" WIDTH="781" HEIGHT="61" WC="0.9867805173763862"/>
          </TextLine>
          <TextLine ID="line_8" TAGREFS="LT8" BASELINE="89 478 871 484" HPOS="89" VPOS="442" WIDTH="782" HEIGHT="58">
            <Shape><Polygon POINTS="89 478 89 491 261 491 267 496 268 496 269 496 270 496 341 491 350 497 351 497 352 497 353 497 479 492 496 498 498 498 499 498 679 494 687 499 688 499 689 499 690 499 738 494 748 500 749 500 750 500 751 500 870 495 871 484 871 453 845 446 844 446 843 446 842 446 841 446 831 452 816 448 815 448 814 448 751 454 721 445 720 445 719 445 619 453 611 448 610 448 609 448 608 448 558 452 523 445 522 445 521 445 520 445 511 453 487 453 478 445 478 444 477 444 476 444 475 444 449 449 426 443 425 443 424 443 423 443 396 451 387 443 386 443 385 443 384 443 317 449 307 442 306 442 305 442 304 442 263 449 89 449 89 478"/></Shape>
            <String CONTENT="ſuam potentiam. Secundo, propter electos, ut ui¬" HPOS="89" VPOS="442" WIDTH="782" HEIGHT="58" WC="0.9920154002805551"/>
          </TextLine>
          <TextLine ID="line_9" TAGREFS="LT8" BASELINE="90 526 870 533" HPOS="89" VPOS="487" WIDTH="781" HEIGHT="65">
            <Shape><Polygon POINTS="90 526 89 537 175 538 202 547 203 547 204 548 235 548 235 547 236 547 237 547 247 540 276 547 277 547 278 547 279 547 304 540 321 548 322 548 323 549 361 549 361 548 362 548 363 548 372 541 414 547 415 547 416 547 437 542 468 547 469 547 470 547 483 542 567 542 582 550 583 550 584 551 611 551 611 550 612 550 613 550 620 544 628 550 629 550 630 550 631 550 632 550 655 545 724 551 725 551 726 551 753 544 790 552 791 552 869 548 870 533 869 501 696 494 695 494 694 494 683 499 648 491 603 491 602 491 601 491 583 498 424 489 367 489 366 489 365 489 345 496 296 488 295 488 264 495 117 487 116 487 115 487 90 493 90 526"/></Shape>
            <String CONTENT="deant quantum gratiæ ab illo acceperint, &amp; ut per" HPOS="89" VPOS="487" WIDTH="781" HEIGHT="65"/>
          </TextLine>
          <TextLine ID="line_10" TAGREFS="LT8" BASELINE="89 577 870 583" HPOS="88" VPOS="539" WIDTH="782" HEIGHT="64">
            <Shape><Polygon POINTS="89 577 88 590 121 597 122 597 218 592 239 598 240 598 241 599 337 599 337 598 338 598 350 593 362 599 363 599 364 599 470 594 501 600 502 600 634 596 677 601 678 601 715 596 723 601 724 601 725 601 726 601 804 597 810 602 811 602 812 602 813 603 857 603 857 602 858 602 869 596 870 583 869 554 803 553 792 544 791 544 790 544 789 544 788 544 765 553 740 543 739 543 738 543 737 543 716 548 675 543 674 543 673 543 653 552 623 546 622 546 621 546 620 546 612 552 598 544 596 544 595 544 508 551 480 541 479 541 412 541 411 541 410 541 381 551 354 551 345 544 344 544 343 544 342 544 341 544 340 544 332 549 209 549 191 540 190 540 189 540 188 540 187 540 174 549 146 549 135 539 134 539 133 539 102 539 101 539 100 539 98 539 89 545 89 577"/></Shape>
            <String CONTENT="illos exerceantur, &amp; ſaluentur: nam plurimum exᛘ" HPOS="88" VPOS="539" WIDTH="782" HEIGHT="64"/>
          </TextLine>
          <TextLine ID="line_11" TAGREFS="LT8" BASELINE="87 628 869 632" HPOS="86" VPOS="591" WIDTH="783" HEIGHT="60">
            <Shape><Polygon POINTS="87 628 86 641 138 647 139 647 213 641 260 647 261 647 262 647 263 647 272 641 303 648 304 648 328 643 340 648 341 648 342 648 343 648 344 648 355 642 367 647 368 647 369 647 370 647 381 642 432 642 441 647 442 647 443 647 444 647 445 647 467 642 476 649 477 649 478 649 479 649 520 644 533 649 534 649 535 650 621 650 621 649 622 649 641 643 674 650 675 651 745 651 745 650 747 650 772 644 867 648 869 632 869 604 831 594 830 594 829 594 745 603 730 594 729 594 728 594 727 594 689 599 660 593 616 593 615 593 614 593 596 600 584 596 583 596 582 596 581 596 580 596 572 602 495 594 494 594 493 594 492 594 479 602 439 597 438 597 366 601 345 592 344 592 343 592 342 592 325 600 277 595 276 595 246 600 233 591 232 591 231 591 230 591 87 599 87 628"/></Shape>
            <String CONTENT="empla illorum nos exercent, ne ſcilicet ignari iu¬" HPOS="86" VPOS="591" WIDTH="783" HEIGHT="60" WC="0.9798043560981751"/>
          </TextLine>
          <TextLine ID="line_12" TAGREFS="LT8" BASELINE="87 677 869 684" HPOS="86" VPOS="640" WIDTH="783" HEIGHT="62">
            <Shape><Polygon POINTS="87 677 86 689 115 696 116 696 117 696 135 690 249 697 250 697 306 691 315 698 316 698 317 698 318 698 478 693 494 699 495 699 496 699 531 693 546 700 548 700 549 700 550 700 563 694 599 694 645 701 646 701 719 695 758 702 759 702 814 696 867 702 869 684 869 654 849 646 848 646 847 646 708 652 694 646 693 646 692 646 651 652 611 645 610 645 609 645 589 652 561 652 549 644 548 644 546 644 545 644 510 650 501 643 500 643 499 643 498 643 424 650 345 642 344 642 315 648 305 641 304 641 303 641 302 641 265 648 250 641 249 641 247 641 246 641 220 648 196 643 195 643 165 647 152 640 151 640 150 640 148 640 147 640 137 647 124 640 123 640 122 640 87 646 87 677"/></Shape>
            <String CONTENT="diciorum Dei impingamus in illa· Ergo non frustraᛘ" HPOS="86" VPOS="640" WIDTH="783" HEIGHT="62"/>
          </TextLine>
          <TextLine ID="line_13" TAGREFS="LT8" BASELINE="85 728 867 734" HPOS="84" VPOS="690" WIDTH="783" HEIGHT="61">
            <Shape><Polygon POINTS="85 728 84 737 123 746 124 746 160 739 216 746 217 746 260 740 273 747 274 747 275 747 436 741 452 746 453 746 454 746 455 746 475 741 512 746 513 746 556 743 568 749 569 749 570 749 571 749 588 743 595 749 596 749 598 749 599 749 657 743 737 751 738 751 767 746 820 751 821 751 866 743 867 734 866 705 794 705 786 698 785 698 784 698 783 698 782 698 770 704 726 704 715 694 714 694 713 694 712 694 651 695 650 695 649 695 637 702 545 697 544 697 543 697 529 702 508 696 507 696 506 696 505 696 487 700 471 692 470 692 469 692 394 701 353 692 352 692 351 692 331 700 320 691 319 691 318 691 317 691 276 698 257 693 256 693 255 693 210 697 193 690 192 690 191 690 190 690 172 698 141 690 140 690 139 690 138 690 137 690 128 698 90 699 85 728"/></Shape>
            <String CONTENT="naſcuntur impij, Deus illis utitur, &amp; Sathanæ regno" HPOS="84" VPOS="690" WIDTH="783" HEIGHT="61" WC="0.9924123707939597"/>
          </TextLine>
          <TextLine ID="line_14" TAGREFS="LT8" BASELINE="84 778 861 786" HPOS="83" VPOS="737" WIDTH="778" HEIGHT="66">
            <Shape><Polygon POINTS="84 778 83 790 181 797 182 797 275 791 302 798 303 798 376 799 377 799 472 793 491 800 492 800 493 800 523 794 603 800 604 800 640 795 649 801 650 801 651 801 652 801 711 796 719 802 720 802 721 802 722 802 762 796 859 803 861 786 861 754 841 744 840 744 839 744 799 751 774 745 773 745 772 745 771 745 760 750 742 743 741 743 740 743 711 748 667 743 666 743 665 743 664 743 653 751 630 747 629 747 599 752 584 743 583 743 582 743 581 743 580 743 564 751 539 745 538 745 537 745 536 745 521 752 475 752 458 740 457 740 456 740 455 740 279 749 258 749 244 739 243 739 242 739 241 739 240 739 222 748 186 748 165 737 164 737 140 737 139 737 138 737 137 737 122 747 103 737 102 737 101 737 84 738 84 778"/></Shape>
            <String CONTENT="in ſuam gloriã manifeſtãdam. Multus eſt in his Hiob," HPOS="83" VPOS="737" WIDTH="778" HEIGHT="66" WC="0.9832199900238602"/>
          </TextLine>
          <TextLine ID="line_15" TAGREFS="LT8" BASELINE="85 828 867 834" HPOS="84" VPOS="792" WIDTH="783" HEIGHT="59">
            <Shape><Polygon POINTS="85 828 84 846 115 847 116 847 117 847 136 839 144 844 145 844 146 844 147 844 148 844 150 844 158 839 226 839 243 848 244 848 245 849 293 849 293 848 294 848 295 848 308 840 361 848 362 848 454 841 464 849 465 849 466 849 467 849 491 845 498 850 499 850 500 850 501 850 502 850 526 842 552 849 553 849 554 849 588 843 606 851 607 851 608 851 645 843 685 843 696 851 698 851 699 851 700 851 747 844 865 845 867 834 867 805 848 796 847 796 845 796 795 801 776 796 775 796 774 796 740 803 724 795 723 795 722 795 662 800 606 794 569 794 568 794 567 794 566 794 555 803 506 803 498 797 496 797 495 797 494 797 493 797 475 802 438 793 437 793 436 793 381 801 278 801 269 794 268 794 267 794 266 794 265 794 241 800 211 792 210 792 209 792 208 792 207 792 194 800 90 800 85 828"/></Shape>
            <String CONTENT="quem uiderl potes, ubi cum amicis ſuis uarie de his" HPOS="84" VPOS="792" WIDTH="783" HEIGHT="59" WC="0.9949580863410351"/>
          </TextLine>
          <TextLine ID="line_16" TAGREFS="LT8" BASELINE="84 878 869 884" HPOS="83" VPOS="839" WIDTH="786" HEIGHT="64">
            <Shape><Polygon POINTS="84 878 83 892 129 897 130 897 131 897 164 889 175 897 176 897 177 897 178 897 179 897 190 893 244 898 245 898 246 898 262 890 372 899 373 899 374 899 375 899 387 891 514 897 515 897 548 892 564 900 565 900 566 900 651 893 661 901 662 901 663 901 664 901 665 901 678 896 700 901 701 901 702 901 703 901 725 893 737 902 738 902 739 902 740 903 764 903 764 902 765 902 766 902 780 894 827 894 854 902 855 902 856 902 857 902 858 902 868 894 869 884 869 853 841 844 840 844 817 844 816 844 815 844 814 844 801 853 765 844 764 844 763 844 762 844 739 853 714 843 713 843 712 843 603 851 542 842 541 842 540 842 524 851 441 851 418 841 417 841 416 841 415 841 414 841 400 850 256 850 217 839 216 839 196 839 195 839 194 839 193 839 180 848 147 848 139 841 138 841 137 841 136 841 135 841 121 848 84 848 84 878"/></Shape>
            <String CONTENT="rebus diſputat, quare Deus neutiquam eſt accuſandus" HPOS="83" VPOS="839" WIDTH="786" HEIGHT="64" WC="0.9950008742949542"/>
          </TextLine>
          <TextLine ID="line_17" TAGREFS="LT8" BASELINE="84 927 868 933" HPOS="84" VPOS="889" WIDTH="784" HEIGHT="63">
            <Shape><Polygon POINTS="84 927 84 946 201 938 224 945 225 945 226 946 286 946 286 945 287 945 309 939 344 949 345 949 346 949 387 940 423 940 432 946 433 946 434 946 435 946 593 941 617 951 618 951 619 951 671 942 698 950 699 950 700 950 757 944 772 952 773 952 774 952 867 945 868 933 867 897 837 902 813 897 812 897 779 902 771 896 770 896 769 896 768 896 767 896 748 902 675 902 662 893 661 893 660 893 602 892 601 892 600 892 572 900 521 892 520 892 481 896 384 891 383 891 345 899 314 899 299 891 297 891 296 891 295 891 271 898 237 893 236 893 235 893 218 898 202 891 201 891 139 889 138 889 137 889 112 897 84 897 84 927"/></Shape>
            <String CONTENT="qui illos crearit, qui etus Verbum abijciunt, nam pariᛘ" HPOS="84" VPOS="889" WIDTH="784" HEIGHT="63"/>
          </TextLine>
          <TextLine ID="line_18" TAGREFS="LT8" BASELINE="83 978 867 982" HPOS="83" VPOS="940" WIDTH="784" HEIGHT="61">
            <Shape><Polygon POINTS="83 978 84 996 106 989 118 998 119 998 120 998 121 999 169 999 169 998 170 998 171 998 181 991 197 998 198 998 200 999 256 999 256 998 257 998 275 989 329 999 330 999 331 999 350 990 373 990 389 999 390 999 391 999 392 999 393 999 394 999 409 990 445 990 465 999 466 999 506 1000 507 1000 508 1000 509 1000 522 991 563 998 564 998 565 998 577 992 589 996 590 996 591 996 628 991 655 999 656 999 657 999 727 992 747 1001 748 1001 749 1001 750 1001 770 993 839 993 848 999 849 999 850 999 851 999 852 999 866 992 867 982 866 954 794 954 776 943 775 943 774 943 773 943 737 950 728 943 727 943 726 943 705 943 704 943 703 943 702 943 686 953 670 945 669 945 668 945 667 945 655 951 600 947 599 947 571 952 546 945 545 945 544 945 543 945 542 945 532 953 482 953 451 941 450 941 449 941 384 950 352 942 351 942 278 940 245 940 244 940 243 940 224 950 160 950 147 942 146 942 145 942 144 942 143 942 123 951 88 951 83 978"/></Shape>
            <String CONTENT="ratione poſſet obſtrepi Deo, cur uenenatas beſtias creᛘ" HPOS="83" VPOS="940" WIDTH="784" HEIGHT="61"/>
          </TextLine>
          <TextLine ID="line_19" TAGREFS="LT8" BASELINE="83 1030 864 1030" HPOS="83" VPOS="994" WIDTH="781" HEIGHT="57">
            <Shape><Polygon POINTS="83 1030 83 1041 141 1050 142 1050 143 1050 166 1042 178 1048 179 1048 180 1048 181 1048 194 1043 271 1043 282 1048 283 1048 284 1048 285 1048 299 1042 335 1042 357 1050 358 1050 359 1050 360 1050 382 1042 420 1042 432 1050 433 1050 434 1050 435 1051 591 1051 591 1050 592 1050 611 1045 683 1050 684 1050 685 1050 686 1050 694 1043 702 1048 703 1048 704 1048 705 1048 706 1048 722 1042 749 1042 759 1050 760 1050 761 1050 762 1050 799 1042 831 1050 832 1050 833 1050 834 1050 864 1041 864 1030 864 1001 847 994 845 994 844 994 843 994 819 1002 750 1002 739 994 738 994 737 994 736 994 688 995 687 995 675 1001 664 994 663 994 662 994 661 994 660 994 634 1001 536 994 535 994 534 994 533 994 526 1001 482 1001 459 994 458 994 457 994 456 994 433 1002 388 1002 380 996 379 996 378 996 377 996 344 1000 299 994 297 994 263 1001 254 994 253 994 252 994 251 994 250 994 234 1000 203 994 202 994 201 994 183 1001 166 994 165 994 164 994 163 994 162 994 153 1001 110 996 109 996 108 996 88 1000 83 1030"/></Shape>
            <String CONTENT="auerit. Sed audi impietatis uocẽ, quæ nõ uult reprimi¬" HPOS="83" VPOS="994" WIDTH="781" HEIGHT="57" WC="0.98487439006567"/>
          </TextLine>
        </TextBlock>
        <TextBlock HPOS="825" VPOS="88" WIDTH="61" HEIGHT="46" ID="block_3" TAGREFS="BT15">
          <Shape><Polygon POINTS="886 88 886 134 825 134 825 88"/></Shape>
          <TextLine ID="line_20" TAGREFS="LT8" BASELINE="824 118 873 119" HPOS="823" VPOS="62" WIDTH="49" HEIGHT="84">
            <Shape><Polygon POINTS="823 137 840 134 869 146 872 117 872 78 824 62 823 117 823 137"/></Shape>
            <String CONTENT="113" HPOS="823" VPOS="62" WIDTH="49" HEIGHT="84"/>
          </TextLine>
        </TextBlock>
        <TextBlock HPOS="875" VPOS="247" WIDTH="210" HEIGHT="115" ID="block_4" TAGREFS="BT3825">
          <Shape><Polygon POINTS="1085 247 1085 362 875 362 875 247"/></Shape>
          <TextLine ID="line_21" TAGREFS="LT8" BASELINE="881 286 1080 291" HPOS="878" VPOS="243" WIDTH="200" HEIGHT="78">
            <Shape><Polygon POINTS="879 284 878 310 905 307 985 318 986 318 988 318 1012 310 1075 321 1078 290 1078 247 879 243 879 284"/></Shape>
            <String CONTENT="impijcur cre¬" HPOS="878" VPOS="243" WIDTH="200" HEIGHT="78" WC="0.9959242252203134"/>
          </TextLine>
          <TextLine ID="line_22" TAGREFS="LT8" BASELINE="881 338 977 340" HPOS="878" VPOS="306" WIDTH="98" HEIGHT="67">
            <Shape><Polygon POINTS="879 336 878 364 919 373 921 373 922 373 924 373 924 371 939 359 974 359 976 339 976 309 879 306 879 336"/></Shape>
            <String CONTENT="entur·" HPOS="878" VPOS="306" WIDTH="98" HEIGHT="67"/>
          </TextLine>
        </TextBlock>
        <TextBlock HPOS="131" VPOS="1051" WIDTH="734" HEIGHT="59" ID="block_5" TAGREFS="BT3826">
          <Shape><Polygon POINTS="865 1051 865 1110 131 1110 131 1051"/></Shape>
          <TextLine ID="line_23" TAGREFS="LT8" BASELINE="145 1091 863 1096" HPOS="145" VPOS="1051" WIDTH="718" HEIGHT="62">
            <Shape><Polygon POINTS="788 1051 778 1051 749 1059 705 1053 704 1053 703 1053 702 1053 691 1061 677 1051 676 1051 666 1051 656 1051 633 1056 626 1051 625 1051 615 1051 605 1051 594 1051 584 1051 573 1057 560 1051 554 1051 543 1051 533 1051 523 1051 513 1051 508 1051 477 1061 455 1051 454 1051 453 1051 452 1051 451 1051 440 1059 429 1051 428 1051 427 1051 426 1051 425 1051 424 1051 413 1059 366 1051 360 1051 350 1051 339 1051 334 1051 332 1053 321 1051 319 1051 309 1051 299 1051 288 1051 278 1051 277 1051 225 1061 179 1061 166 1051 166 1051 156 1051 145 1051 145 1091 145 1106 193 1100 214 1109 215 1109 216 1109 217 1109 218 1109 232 1100 287 1100 339 1108 340 1108 341 1108 369 1101 384 1110 385 1110 386 1110 387 1110 388 1110 409 1103 431 1109 432 1109 433 1109 505 1103 538 1111 539 1111 637 1112 638 1112 699 1103 732 1112 733 1112 734 1112 735 1112 736 1112 742 1108 749 1113 750 1113 751 1113 752 1113 815 1104 861 1111 863 1096 860 1065 818 1065 792 1051 788 1051"/></Shape>
            <String CONTENT="Nam uoluntati eius, quis reſiſtit?" HPOS="145" VPOS="1051" WIDTH="718" HEIGHT="62" WC="0.9974826626917895"/>
          </TextLine>
        </TextBlock>
        <TextBlock HPOS="79" VPOS="1112" WIDTH="788" HEIGHT="150" ID="block_6" TAGREFS="BT3827">
          <Shape><Polygon POINTS="867 1112 867 1262 79 1262 79 1112"/></Shape>
          <TextLine ID="line_24" TAGREFS="LT8" BASELINE="130 1144 866 1148" HPOS="129" VPOS="1112" WIDTH="737" HEIGHT="54">
            <Shape><Polygon POINTS="865 1145 857 1119 820 1119 812 1112 804 1112 793 1112 784 1112 777 1119 711 1119 690 1112 681 1112 671 1112 661 1112 651 1112 640 1112 630 1112 625 1112 617 1118 575 1118 555 1112 549 1112 538 1112 528 1112 518 1112 513 1112 482 1115 477 1112 477 1112 467 1112 457 1112 446 1116 424 1116 419 1112 416 1112 406 1112 400 1112 389 1116 279 1116 274 1112 273 1112 263 1112 253 1112 242 1112 233 1112 215 1115 190 1112 181 1112 171 1112 161 1112 151 1112 141 1112 130 1114 130 1144 129 1152 180 1163 181 1164 263 1164 263 1163 264 1163 282 1154 312 1154 324 1164 325 1164 326 1164 327 1165 364 1165 364 1164 365 1164 385 1155 461 1155 488 1163 489 1163 490 1163 491 1163 515 1157 524 1164 524 1165 525 1165 526 1165 527 1165 613 1156 665 1165 666 1165 667 1165 686 1157 718 1157 732 1166 733 1166 734 1166 735 1166 736 1166 755 1157 810 1163 811 1163 865 1156 866 1148 865 1131 865 1145"/></Shape>
            <String CONTENT="Cogor facere quod uult: ſi igitur nõ ſaluor ex bens" HPOS="129" VPOS="1112" WIDTH="737" HEIGHT="54" WC="0.9933380266794791"/>
          </TextLine>
          <TextLine ID="line_25" TAGREFS="LT8" BASELINE="84 1194 863 1197" HPOS="84" VPOS="1153" WIDTH="779" HEIGHT="62">
            <Shape><Polygon POINTS="84 1194 84 1211 104 1207 112 1212 113 1212 114 1212 115 1212 116 1212 129 1205 166 1212 167 1212 200 1205 318 1205 380 1213 381 1213 382 1213 383 1213 393 1206 464 1213 465 1213 466 1213 479 1206 502 1213 503 1213 504 1213 582 1206 603 1214 604 1214 605 1214 606 1214 632 1207 645 1212 646 1212 648 1212 699 1207 721 1214 722 1214 723 1215 756 1215 756 1214 757 1214 758 1214 766 1208 778 1214 779 1214 780 1214 862 1208 863 1197 860 1156 828 1168 758 1168 737 1157 736 1157 735 1157 734 1157 713 1166 689 1161 688 1161 687 1161 686 1161 678 1168 604 1168 575 1155 574 1155 573 1155 516 1160 468 1155 467 1155 466 1155 446 1162 438 1155 437 1155 436 1155 435 1155 395 1163 364 1158 363 1158 313 1165 264 1155 263 1155 262 1155 261 1155 247 1166 174 1166 152 1154 151 1154 84 1153 84 1194"/></Shape>
            <String CONTENT="factis, cur damnabor ex malefactis, nã non ego quod" HPOS="84" VPOS="1153" WIDTH="779" HEIGHT="62" WC="0.9960949191680322"/>
          </TextLine>
          <TextLine ID="line_26" TAGREFS="LT8" BASELINE="84 1244 858 1247" HPOS="83" VPOS="1203" WIDTH="775" HEIGHT="62">
            <Shape><Polygon POINTS="84 1244 83 1253 146 1255 161 1262 162 1262 163 1262 282 1255 297 1262 299 1262 300 1262 346 1256 450 1262 451 1262 485 1256 533 1263 534 1263 535 1263 555 1256 605 1264 606 1265 656 1265 656 1264 657 1264 658 1264 670 1257 717 1257 725 1264 726 1264 727 1264 728 1264 762 1257 790 1264 791 1264 792 1264 830 1258 855 1264 858 1247 857 1214 820 1205 819 1205 818 1205 800 1215 743 1215 715 1206 714 1206 713 1206 712 1206 711 1206 700 1215 670 1215 649 1205 648 1205 646 1205 606 1214 593 1206 592 1206 591 1206 590 1206 589 1206 588 1206 578 1214 519 1214 504 1204 503 1204 502 1204 425 1204 424 1204 423 1204 422 1204 410 1212 341 1203 315 1203 314 1203 313 1203 312 1203 295 1213 177 1213 165 1203 164 1203 163 1203 162 1203 84 1209 84 1244"/></Shape>
            <String CONTENT="inalũ perpetro, facio, ſed ille-Sed reſpondet Paulus" HPOS="83" VPOS="1203" WIDTH="775" HEIGHT="62" WC="0.9963573172407331"/>
          </TextLine>
        </TextBlock>
        <TextBlock HPOS="215" VPOS="1266" WIDTH="376" HEIGHT="49" ID="block_7" TAGREFS="BT3826">
          <Shape><Polygon POINTS="591 1266 591 1315 215 1315 215 1266"/></Shape>
          <TextLine ID="line_27" TAGREFS="LT8" BASELINE="220 1305 588 1305" HPOS="220" VPOS="1266" WIDTH="368" HEIGHT="60">
            <Shape><Polygon POINTS="546 1266 542 1266 538 1270 532 1266 526 1266 516 1266 515 1266 499 1269 494 1266 485 1266 475 1266 465 1266 455 1266 444 1266 434 1266 424 1266 414 1266 410 1266 370 1277 355 1266 353 1266 344 1266 340 1269 323 1266 322 1266 313 1266 302 1271 282 1268 281 1268 280 1268 264 1278 220 1278 220 1305 220 1317 279 1324 280 1326 331 1326 331 1324 332 1324 333 1324 333 1323 340 1317 417 1317 451 1324 452 1324 453 1324 467 1318 492 1324 493 1324 494 1326 523 1326 523 1324 524 1324 525 1324 531 1318 546 1324 548 1324 549 1326 549 1324 550 1324 566 1318 587 1320 588 1305 588 1278 568 1277 553 1266 546 1266"/></Shape>
            <String CONTENT="Atqui ohomo." HPOS="220" VPOS="1266" WIDTH="368" HEIGHT="60" WC="0.9998540828625361"/>
          </TextLine>
        </TextBlock>
        <TextBlock HPOS="78" VPOS="1325" WIDTH="787" HEIGHT="205" ID="block_8" TAGREFS="BT3827">
          <Shape><Polygon POINTS="865 1325 865 1530 78 1530 78 1325"/></Shape>
          <TextLine ID="line_28" TAGREFS="LT8" BASELINE="117 1359 860 1360" HPOS="116" VPOS="1324" WIDTH="744" HEIGHT="54">
            <Shape><Polygon POINTS="852 1324 841 1324 831 1324 821 1324 811 1324 801 1324 790 1324 780 1324 770 1324 760 1324 750 1324 739 1324 729 1324 719 1324 709 1324 699 1324 692 1324 611 1327 570 1324 566 1324 556 1324 545 1324 535 1324 525 1324 515 1324 505 1324 494 1324 484 1324 481 1324 479 1327 474 1324 474 1324 464 1324 454 1324 443 1324 438 1324 421 1327 418 1324 413 1324 403 1324 392 1324 384 1324 373 1327 358 1324 352 1324 341 1324 331 1324 322 1324 319 1328 273 1328 267 1324 260 1324 250 1324 245 1324 240 1327 237 1324 229 1324 219 1324 209 1324 198 1324 191 1324 182 1326 172 1324 168 1324 158 1324 147 1324 137 1324 127 1324 120 1324 117 1326 117 1359 116 1367 202 1377 203 1378 259 1378 259 1377 260 1377 277 1369 293 1377 294 1377 295 1378 366 1378 366 1377 367 1377 368 1377 375 1370 433 1377 434 1377 435 1377 450 1369 464 1377 465 1377 466 1378 555 1378 555 1377 556 1377 584 1369 610 1374 611 1374 673 1369 699 1375 700 1375 701 1375 702 1375 724 1369 733 1377 734 1377 735 1377 736 1377 809 1369 842 1375 843 1375 844 1375 859 1369 860 1360 858 1324 852 1324"/></Shape>
            <String CONTENT="O miſer, tu figmentum es, &amp; creatura, uis illi" HPOS="116" VPOS="1324" WIDTH="744" HEIGHT="54" WC="0.9790103876072428"/>
          </TextLine>
          <TextLine ID="line_29" TAGREFS="LT8" BASELINE="81 1410 644 1408 856 1412" HPOS="80" VPOS="1367" WIDTH="776" HEIGHT="63">
            <Shape><Polygon POINTS="81 1410 82 1429 112 1420 140 1429 141 1429 142 1429 187 1420 283 1420 294 1429 295 1429 296 1429 297 1430 324 1430 324 1429 325 1429 326 1429 334 1422 389 1429 390 1429 391 1429 392 1429 402 1421 449 1429 450 1429 451 1429 466 1420 498 1429 499 1429 500 1429 545 1420 627 1420 638 1429 639 1429 640 1429 641 1429 642 1429 668 1422 721 1429 722 1429 723 1429 724 1429 737 1420 778 1426 779 1426 809 1421 854 1429 856 1412 855 1378 809 1378 792 1369 791 1369 790 1369 789 1369 764 1377 748 1368 747 1368 745 1368 744 1368 734 1373 692 1367 638 1367 637 1367 593 1378 524 1378 516 1371 515 1371 514 1371 513 1371 480 1377 466 1367 465 1367 464 1367 369 1367 368 1367 367 1367 366 1367 352 1378 296 1378 284 1367 283 1367 282 1367 281 1367 233 1375 203 1367 202 1367 146 1367 145 1367 144 1367 125 1377 80 1377 81 1410"/></Shape>
            <String CONTENT="præſcribere legem quid faciat: ecce diſceptas cũ co," HPOS="80" VPOS="1367" WIDTH="776" HEIGHT="63" WC="0.9949538257886779"/>
          </TextLine>
          <TextLine ID="line_30" TAGREFS="LT8" BASELINE="84 1456 851 1463" HPOS="83" VPOS="1416" WIDTH="768" HEIGHT="67">
            <Shape><Polygon POINTS="84 1456 83 1470 180 1476 181 1476 182 1476 201 1470 224 1477 225 1477 226 1479 271 1479 271 1477 272 1477 273 1477 281 1470 307 1476 308 1476 309 1476 394 1471 412 1480 413 1480 414 1480 479 1475 534 1481 535 1481 578 1473 588 1480 589 1480 590 1480 591 1480 620 1473 690 1479 691 1479 692 1479 705 1474 725 1482 726 1482 727 1482 752 1476 849 1483 851 1463 851 1433 830 1421 829 1421 828 1421 773 1432 752 1431 738 1420 737 1420 736 1420 655 1420 654 1420 593 1430 522 1418 521 1418 452 1421 451 1421 437 1429 395 1420 394 1420 393 1420 376 1428 364 1417 363 1417 362 1417 361 1417 289 1425 277 1416 276 1416 275 1416 224 1416 223 1416 222 1416 189 1425 84 1425 84 1456"/></Shape>
            <String CONTENT="quo quid ſtultius dici poteſt? Nonne ridiculum eſt," HPOS="83" VPOS="1416" WIDTH="768" HEIGHT="67" WC="0.989478775099212"/>
          </TextLine>
          <TextLine ID="line_31" TAGREFS="LT8" BASELINE="81 1511 852 1513" HPOS="81" VPOS="1468" WIDTH="771" HEIGHT="89">
            <Shape><Polygon POINTS="81 1511 82 1535 94 1532 123 1540 124 1540 125 1540 126 1540 127 1540 133 1535 142 1541 143 1541 144 1541 145 1541 146 1541 147 1541 156 1534 207 1530 253 1547 254 1547 255 1547 256 1547 281 1538 302 1543 303 1543 304 1543 378 1527 457 1534 466 1542 467 1542 468 1542 469 1542 470 1542 507 1528 567 1537 568 1537 569 1537 583 1530 596 1536 598 1536 599 1536 600 1536 615 1528 622 1535 623 1535 624 1535 625 1535 649 1534 681 1556 682 1556 683 1556 684 1557 851 1557 852 1513 850 1477 646 1480 617 1470 616 1470 615 1470 614 1470 613 1470 601 1481 550 1481 519 1470 518 1470 517 1470 516 1470 515 1470 502 1480 461 1474 460 1474 402 1479 389 1469 388 1469 387 1469 293 1469 292 1469 198 1479 166 1477 157 1469 156 1469 155 1469 81 1468 81 1511"/></Shape>
            <String CONTENT="fi figmentum ſe figulo oppondt, &amp; dicat: Quare me" HPOS="81" VPOS="1468" WIDTH="771" HEIGHT="89" WC="0.9939498767560843"/>
          </TextLine>
        </TextBlock>
        <TextBlock HPOS="706" VPOS="1532" WIDTH="38" HEIGHT="47" ID="block_9" TAGREFS="BT17">
          <Shape><Polygon POINTS="744 1532 744 1579 706 1579 706 1532"/></Shape>
          <TextLine ID="line_32" TAGREFS="LT8" BASELINE="714 1565 732 1566" HPOS="714" VPOS="1565" WIDTH="18" HEIGHT="1">
            <String CONTENT="P" HPOS="714" VPOS="1565" WIDTH="18" HEIGHT="1"/>
          </TextLine>
        </TextBlock>
      </PrintSpace>
    </Page>
  </Layout>
</alto>
