1188 1849
134 109 651 66 IN EPIST· AD ROM·

131 184 719 59 Fauor Dei primum eſt, quo ſaluamur·Alterum,

82 230 774 64 quod Chriſtus ſatisfecerit pro peccatis noſtris, ut ui1

78 280 776 65 deas quàm diligenter Apoſtolus exponat uocem, graᛘ

80 329 772 65 tis, non omittens circunſtantias, quibus depingaᛘ

80 379 772 63 gratiam, rhetorico more· Vnde eſt gratia? à Deo¬

76 430 780 59 Per quem? per Chriſtum. Quibus contingit? credenᛘ

73 478 783 65 tibus, ſine perſonarum reſpectu · Per quid? per ſanᛘ

78 525 778 67 guinem Ieſu Chriſti· Quare? ut ſcilicet ſic reuelare¬

73 579 782 63 tur iuſticia Dei, & noſtra iniuſticia, nam nihil ac¬

76 629 779 61 ceptum eſt patri, niſi per illum· Hoc non uident lu¬

71 676 781 69 dei, ſua opera tantum magnifaciunt, quod eſt ſe¬

72 730 782 63 ctari iuſticiam legis, uerum ad iuſticiam non perue¬

72 779 778 65 nire: hanc iuſticiam humanam arguet Spiritus ſan¬

76 828 775 60 ctus ſuo aduentu, ut Chriſtus dicit, ut ſic reuele¬

72 879 777 60 tur Dei iuſticia, & noſtra omnia damnentur, ma¬

72 926 779 65 neat́ ſolus Chriſtus noſtra iuſticia· Sed quãuis hæc

72 977 783 61 diligenter inculcentur, ſcilicet, fauor Del, & Chri¬

72 1026 782 61 ſti ſatisfactio, remurmurat ſemper conſcientia no¬

70 1069 780 74 ſtra infirma· Tamen oportet eſſe ſatisfactionem

77 1123 750 64 pro peccatis, nec quieſcit, niſi fuerit ſatisfactum

69 1179 773 59 Hinc finxerunt ſatisfactiones pro peccatis, quibus

66 1223 778 68 uidebantur conſcientiæ ad tempus pacificatæ, ſed fruᛘ

70 1277 775 58 ſtra·Nam poſtea non deſierunt peccata mordere con

72 1326 772 59 ſcientiam· Ergo, nunquàm illis ſomnijs potuerunt cõᛘ

75 1375 764 61 ſcientiæ certificari· Certificantur autem ſola &

73 1424 770 68 unica Chriſti ſatisfactione & redemptione· Beati qui

70 1474 415 69 bæc intelligunt & credunt·

805 98 45 93 34

862 1109 184 75 Satisfactionũ

862 1166 176 72 humanarum

855 1218 1 74 origo

862 1226 79 77 origo.

684 1586 58 1 E 2
