1182 1851
371 69 638 63 IN EPIST· AD ROM·

332 136 781 57 dulcis in Deum adfectus erumpit, & ſe exerit, ex

333 185 779 59 ipſa amaritudine, ita, ut uideas gaudium, in triſti¬

332 236 779 60 tia ſepultum, triſtitiam in gaudio, mortem in ui¬

333 288 774 58 ta, uitam in morte, deſperationem ſpet permixtam,

336 334 768 63 ſpem deſperationi· Sed cur pluribus hæc perſequor,

338 386 776 65 ſciens ea in ipſa experientia, non ex chartis condiſci¬

460 457 470 69 At ille qui ſcrutatur.

383 536 724 59 Deus qui nouit profunda cordium, audiens oran¬

334 585 777 60 tem ſpiritum, ſe ſtatim illi accommodat, ſiquidem uiᛘ

336 639 767 53 det eum intercedere, non iuxta carnis uoluntatem,

334 685 773 61 uidet ſuam & illius uoluntatem eſſe eandem. Ergo ne

334 738 772 63 minem Deus exaudit, niſi oret ſecundum ipſius ſpiri¬

334 789 587 62 tum, qui in oratione errare non poteſt·

460 856 503 67 Intercedit pro ſanctis.

387 935 719 66 Non impijs, in quibus ſpiritus Dei non eſt, hinc

339 989 260 60 etiam non orant ¬

1047 63 62 65 102

434 1044 574 60 Scimus autem, quod his.

394 1102 711 52 Argumentum aliud ab utili, dicit enim: tan¬

339 1145 768 62 tum abeſt, ut propter aduerſitates, quas ſuſtinemus,

340 1198 773 56 deficiamus à Chriſto, ut etiam adiuuent nos: nihil exᛘ

350 1244 762 59 cipitur, omnia mala ſunt nobis cõmodo, nempe, glaᛘ

350 1292 756 70 dius, mors, Sathanas, impij qui infeſtant, adeoq́; ipᛘ

341 1348 765 60 ſum peccatũ. Mira ita hæc eſt cõmendatio gratiæ,

333 1399 780 61 quod ea quæ nos uelint dãnare, cogãtur nobis ſeruire

333 1448 784 72 ad ſalutẽ: et hoc ideo fieri, ꝙ ſimus electi, in quo diᛘ

136 1247 193 60 Gratie com¬

135 1301 195 65 mendatio.

991 1506 118 58 ſcamus
