1160 1827
132.0 71.0 625.0 57.0 COMMENT· POMER·

75.0 137.0 661.0 57.0 rem, cum dicit: Ego deberem à te baptizari·

80.0 191.0 720.0 64.0 Quos iuſtificauit, hos & glorifi.

835.0 137.0 158.0 60.0 Matth ·3·

113.0 251.0 722.0 57.0 Hanc gloriam per ſpem iam habemus, accepturi

72.0 300.0 766.0 57.0 eam olim re ipſa·Quare diligens lector, hæc omnia

72.0 348.0 761.0 61.0 ex admiratione quadã, per Paulum dicta intelligat,

73.0 399.0 767.0 58.0 ne putemus nos poſſe excidere, qui Euangelio Dei

73.0 450.0 765.0 57.0 non abutimur: quotquot autem abutuntur, non poſ¬

75.0 495.0 768.0 66.0 funt eſſe certi de gratia· Dicit ergo Apoſtolus, quid

73.0 549.0 767.0 59.0 eſt, quod crucem ægreferatis, cum ſitis prædeſtinati,

75.0 599.0 769.0 61.0 uocati, iuſtificati & glorificatt? hæc eſt uia, qua ad

75.0 652.0 767.0 56.0 Deum conſcenditur, nolite timere Sathanam & im¬

78.0 703.0 765.0 57.0 pios, quantumuis ettam inſaniant, nihil enim præua

72.0 749.0 769.0 61.0 lebunt, ſiquidẽ certißimi eſtis, de bona Dei erga uos

73.0 797.0 775.0 62.0 uoluntate. Sed quia hic de uocatione fit mentio, obijᛘ

74.0 849.0 771.0 61.0 ciunt quidam ex Euangelio: Multi ſunt uocatt, pauᛘ

75.0 898.0 772.0 61.0 ci uero electi. Sciant hos locos non poſſe inteligt de

75.0 950.0 772.0 57.0 una uocatione, Chriſtus enim in Euangelio loquitur

74.0 1002.0 771.0 55.0 de uocatione, uel inuitatione ſanctorum, qui nos uo¬

76.0 1052.0 771.0 61.0 cant, ut ſerui Dei ad Euangelium, id quod uides ſatis

77.0 1108.0 769.0 52.0 clarum in nupttarum ratione, nam quidam, tam¬

77.0 1154.0 770.0 55.0 etſi uocati, non ueniunt, quidam ueniunt, ſed ſine

79.0 1199.0 764.0 57.0 ueſte nuptiali, quales ſunt omnes, qui abutuntur

79.0 1251.0 767.0 55.0 Euangelio, in libertate carnis. At Paulus de ea uo¬

76.0 1300.0 770.0 60.0 catione loquitur hic, qua Deus nos trahit ad ſe per

81.0 1346.0 766.0 62.0 ſuum Verbum, id quod miniſtri Verbi non poſ¬

78.0 1397.0 768.0 61.0 ſunt: Traheris hac & raperis, neq aliò te con¬

76.0 1448.0 766.0 68.0 uertere potes, fit enim Dei ſpiritu, qui fortis eſt,

853.0 730.0 194.0 62.0 Vocatio du¬

853.0 786.0 84.0 65.0 plex.
