1220 1852
177 94 633 64 IN EPIST· AD ROM·

247 162 499 67 Quem igitur fructum?

837 94 38 77 67

133 240 745 57 Hic urget conſcientias ipſorum, ſed tamen ratio¬

93 287 785 60 nibus humanis·q· d· quid profuit, quam utilitatem

92 337 783 59 inde habuiſtis? nunc erubeſcitis, quoties illa recur¬

87 387 793 60 runt uobis in memoriam (quemadmodum & nos ho¬

91 436 787 60 die, nonne pudet fuiſſe in tanta cæcitate & errore?)

95 487 783 59 Quid igitur infertis: Ergo peccabimus, cum erube¬

93 535 785 61 ſcatis? Eſſet hoc regnũ iuſticiæ· ILLORVM·

151 586 671 60 Scilicet, quæ faciebatis antea· MORS·

94 634 785 63 Id eſt, æterna damnatio· MANVMISSI·

151 686 726 59 Id eſt, liberi facti· A PECCATO· Id

97 735 776 60 eſt, ſeruitute peccati· IN SANCTIFICA¬

98 788 778 56 TIONEM· Scilicet, ueſtri:iterum Antitheſi ex

98 838 775 59 ponit, Scilicet, VITAM· Hanc opponit morti¬

216 910 509 63 Etenim autoramenta.

151 982 722 61 Id eſt, præmium, ſtipendium, quo aliquis obnoᛘ

94 1030 781 63 xius fit ſeruituti: non poteſt aliud præmium confequi

94 1085 773 63 peccatum, quàm mortẽ· In quacun die comederis·

352 1156 222 63 Donum.

108 1218 736 56 Non dicit, bona opera ſunt cauſſa æternæ uitæ,

110 1266 713 62 ſed Det donum, quia remiſſa ſunt nobis pec¬

200 1316 561 53 cata per Chriſtum mediatorem no¬

248 1367 478 59 ſtrum· Hæc omnia docent, non

344 1412 279 80 porrò peccandum·

697 1515 53 1 I 3
