1199 1843
129 102 618 73 IN EPIST· AD ROM·

68 166 769 69 tur, nam uidemus multos Pſeudapoſtolos ſurgere qui

70 211 768 82 contra doctrinã Chriſti prædicabunt, negantes Chriᛘ

77 272 101 72 ſtum·

140 345 702 75 Qui diſſidia & offendicula conᛘ

77 410 765 81 tra doctrinã, quam uos didiciſtis,

89 474 634 79 gignunt, & declinetis ab illis.

130 567 721 70 Non loquitur de morum dißidijs & offendiculis,

88 613 766 78 ſed doctrinæ, quæ omnium pernicioſißima ſunt, in

88 665 767 74 ijs enim ſimul fidei & quæcun Chriſtianiſmi ſunt,

89 714 768 74 funditus pereunt: in hos, qui talia in uulgus ſpargũt,

89 762 768 75 intentos nos eſſe oportet, nam in ſpecie ſanctitatis

89 817 764 72 & hypocriſi, mendacia & doctrinas Dæmoniorum,

92 865 762 78 inſtillant in ſimplicium animos: ne ex ueſtitu, aut

95 911 772 83 ulla ſpecie externa erunt nobis æſtimandi, ſed ex

97 964 775 78 ijs, quæ intus latent, unde & lupi rapaces dicun¬

98 1011 775 79 tur, qui uero ſint dijudicabuntur facile, nam ex ſoniᛘ

100 1062 772 70 tu has teſtas probabimus-Si ſolũ Chriſtũ prædicent,

102 1111 775 71 audiẽdi ſunt, ſi cõſtanter in ea perſeuerent: ſt uero uel

103 1160 773 77 Papam aut aliã iuſticiã fingunt, aut à iuſticia fidei, hoᛘ

107 1214 773 74 minum ad quædam quaſi noua abducunt eruditione

101 1259 780 79 et ſpecie ſanctitatis, animos, non crede uocem eſſe paᛘ

112 1311 773 80 ſtoris, ſed alterius qui fallere tantum uult & perde¬

103 1360 782 78 re, non ſaluare: quare à Chriſtianorũ conſortio, oẽs

110 1410 776 97 Monachi & Clerici ſunt ſeparandi, prædicant eniet

763 86 60 66 172

866 736 199 68 Pſeudapoſto¬

857 786 209 68 li, quomodo

868 837 173 70 deprehendi

881 931 111 13 queant

654 1479 58 49 Y 4
