1183 1844
414.0 99.0 631.0 64.0 COMMENT· POMER·

333.0 165.0 782.0 67.0 ſe attemperare omnibus horis, nunc enim conſola¬

331.0 220.0 530.0 59.0 bitur, iam arguet proximum &c·

134.0 644.0 179.0 55.0 Oratio non

114.0 686.0 163.0 66.0 langueat.

452.0 276.0 377.0 67.0 Spe gaudentes.

372.0 334.0 733.0 58.0 Scilicet, in aduerſis: Chriſtianorum eſt, ut in ſumᛘ

327.0 380.0 779.0 68.0 mis perturbationibus, meliora ſperent, non diffidant,

324.0 432.0 781.0 60.0 aut ſuccumbant· IN ADFLICTIONE PAᛘ

327.0 480.0 777.0 72.0 TIENTES· Id eſt, perdurantes, ne excidatis à fide¬

470.0 553.0 476.0 60.0 Precationi inſtantes.

365.0 614.0 739.0 58.0 Id eſt, non ſolum orate, uerũ etiã inſtate, fit enim

324.0 656.0 776.0 67.0 ſæpe ut nõ ſtatim det Deus quod petitur: ita non celᛘ

321.0 709.0 784.0 66.0 ſandum, ſed ſemper pulſandum oſtium, donec ape¬

319.0 758.0 783.0 65.0 riatur: nunquam autem deſinit orare fides, nullam haᛘ

317.0 807.0 786.0 70.0 bet horam aut diem in hoc præſcriptam, ſiquidem ſent

318.0 861.0 668.0 64.0 per uidet ſibi ab aduerſario intentari malum·

323.0 933.0 752.0 73.0 Neceſſitatibus ſanctorũ cõmuni.

116.0 1072.0 199.0 51.0 Aegentibus,

114.0 1114.0 197.0 68.0 nõ ottoſis danᛘ

115.0 1167.0 97.0 73.0 dum.

338.0 1001.0 766.0 59.0 Id eſt, ueſtra impertientes: ſi quos uidetis Chri¬

333.0 1046.0 769.0 62.0 ſtianos ægere, ilis quæcun poteſtis communicate¬

332.0 1094.0 773.0 63.0 Dicit uero hæc de ſanctis, & Chriſtianis, non de uaᛘ

328.0 1144.0 774.0 63.0 gis & hominibus nihili, qui tantum ex aliorum laboᛘ

322.0 1193.0 782.0 67.0 ribus uiuere uolunt, ut ipſi non laborent, quales

321.0 1245.0 782.0 64.0 ſunt multi hodie, quibus cũ negatur à Chriſtianis, chaᛘ

318.0 1294.0 785.0 66.0 ritatis, ut dicunt, ſubſidium, ſtatim obijciunt, eſt hoc

319.0 1344.0 785.0 68.0 eſſe Chriſtianos, nihil dare? quibus rurſum opponaᛘ

318.0 1394.0 782.0 70.0 tur: eſt hoc Chriſtianos eſſe non laborare? &: Qui

320.0 1446.0 778.0 68.0 non laborat non manducet. Vide pri. Timoth·5·&

319.0 1494.0 778.0 76.0 * Theſſalo.3·tales eſſe excommunicandos.

964.0 1560.0 138.0 60.0 Hoſpita
