<?xml version='1.0' encoding='UTF-8'?>
<alto xmlns:xsi="http://www.w3.org/2001/XMLSchema-instance" xmlns="http://www.loc.gov/standards/alto/ns-v4#" xsi:schemaLocation="http://www.loc.gov/standards/alto/ns-v4# http://www.loc.gov/standards/alto/v4/alto-4-2.xsd">
  <Description>
    <MeasurementUnit>pixel</MeasurementUnit>
    <sourceImageInformation>
      <fileName>10AC1F79_uk4nGb4s2jEMguiZ_00345.jpg</fileName>
    </sourceImageInformation>
  </Description>
  <Tags>
    <OtherTag ID="BT7" LABEL="CustomZone" DESCRIPTION="block type CustomZone"/><OtherTag ID="BT8" LABEL="DamageZone" DESCRIPTION="block type DamageZone"/><OtherTag ID="BT9" LABEL="DigitizationArtefactZone" DESCRIPTION="block type DigitizationArtefactZone"/><OtherTag ID="BT10" LABEL="DropCapitalZone" DESCRIPTION="block type DropCapitalZone"/><OtherTag ID="BT11" LABEL="GraphicZone" DESCRIPTION="block type GraphicZone"/><OtherTag ID="BT12" LABEL="MainZone" DESCRIPTION="block type MainZone"/><OtherTag ID="BT13" LABEL="MarginTextZone" DESCRIPTION="block type MarginTextZone"/><OtherTag ID="BT14" LABEL="MusicZone" DESCRIPTION="block type MusicZone"/><OtherTag ID="BT15" LABEL="NumberingZone" DESCRIPTION="block type NumberingZone"/><OtherTag ID="BT17" LABEL="QuireMarksZone" DESCRIPTION="block type QuireMarksZone"/><OtherTag ID="BT18" LABEL="RunningTitleZone" DESCRIPTION="block type RunningTitleZone"/><OtherTag ID="BT19" LABEL="SealZone" DESCRIPTION="block type SealZone"/><OtherTag ID="BT20" LABEL="StampZone" DESCRIPTION="block type StampZone"/><OtherTag ID="BT21" LABEL="TableZone" DESCRIPTION="block type TableZone"/><OtherTag ID="BT22" LABEL="TitlePageZone" DESCRIPTION="block type TitlePageZone"/><OtherTag ID="BT3824" LABEL="MainZone-Continued" DESCRIPTION="block type MainZone-Continued"/><OtherTag ID="BT3825" LABEL="MarginTextZone-Notes" DESCRIPTION="block type MarginTextZone-Notes"/><OtherTag ID="BT3826" LABEL="MainZone-Head" DESCRIPTION="block type MainZone-Head"/><OtherTag ID="BT3827" LABEL="MainZone-P" DESCRIPTION="block type MainZone-P"/>
    <OtherTag ID="LT7" LABEL="CustomLine" DESCRIPTION="line type CustomLine"/><OtherTag ID="LT8" LABEL="DefaultLine" DESCRIPTION="line type DefaultLine"/><OtherTag ID="LT9" LABEL="DropCapitalLine" DESCRIPTION="line type DropCapitalLine"/><OtherTag ID="LT10" LABEL="HeadingLine" DESCRIPTION="line type HeadingLine"/><OtherTag ID="LT11" LABEL="InterlinearLine" DESCRIPTION="line type InterlinearLine"/><OtherTag ID="LT12" LABEL="MusicLine" DESCRIPTION="line type MusicLine"/>
  </Tags>
  <Layout>
    <Page WIDTH="1167" HEIGHT="1849" PHYSICAL_IMG_NR="144" ID="eSc_dummypage_">
      <PrintSpace HPOS="0" VPOS="0" WIDTH="1167" HEIGHT="1849">
        <TextBlock HPOS="128" VPOS="102" WIDTH="640" HEIGHT="59" ID="block_1" TAGREFS="BT18">
          <Shape><Polygon POINTS="768 102 768 161 128 161 128 102"/></Shape>
          <TextLine ID="line_1" TAGREFS="LT8" BASELINE="150 149 777 142" HPOS="255" VPOS="93" WIDTH="521" HEIGHT="67">
            <Shape><Polygon POINTS="749 103 733 103 718 103 702 103 687 103 672 103 656 103 641 103 625 103 610 103 595 103 579 103 564 103 548 103 533 103 517 103 502 103 487 103 471 103 456 103 440 103 425 103 410 103 394 103 379 103 363 103 348 103 332 103 317 103 302 103 286 103 271 103 255 103 255 141 255 157 775 160 776 141 776 93 764 93 764 103"/></Shape>
            <String CONTENT="EPIST· AD ROM·" HPOS="255" VPOS="93" WIDTH="521" HEIGHT="67"/>
          </TextLine>
        </TextBlock>
        <TextBlock HPOS="131" VPOS="170" WIDTH="671" HEIGHT="63" ID="block_2" TAGREFS="BT3826">
          <Shape><Polygon POINTS="802 170 802 233 131 233 131 170"/></Shape>
          <TextLine ID="line_2" TAGREFS="LT8" BASELINE="141 220 788 218" HPOS="140" VPOS="170" WIDTH="648" HEIGHT="68">
            <Shape><Polygon POINTS="726 170 717 170 706 179 682 170 674 170 664 170 654 170 647 170 635 179 614 170 613 170 603 170 592 170 582 170 572 170 561 170 551 170 535 179 499 173 498 173 497 173 484 179 474 170 469 170 459 170 448 170 438 170 428 170 418 170 407 170 397 170 386 181 334 181 323 170 315 170 314 170 292 181 210 181 193 170 192 170 181 170 171 170 161 170 151 170 140 170 141 220 141 231 192 231 202 237 203 237 204 237 205 238 256 238 256 237 257 237 258 237 269 231 310 237 311 237 464 230 519 236 520 236 521 236 542 230 563 236 565 236 566 236 567 236 568 236 576 230 611 236 612 236 635 231 647 236 648 236 649 236 787 232 788 218 786 180 760 180 732 170 726 170"/></Shape>
            <String CONTENT="Secundum leſum Chriſtum." HPOS="140" VPOS="170" WIDTH="648" HEIGHT="68" WC="0.9904639720916748"/>
          </TextLine>
        </TextBlock>
        <TextBlock HPOS="81" VPOS="237" WIDTH="783" HEIGHT="258" ID="block_3" TAGREFS="BT3827">
          <Shape><Polygon POINTS="864 237 864 495 81 495 81 237"/></Shape>
          <TextLine ID="line_3" TAGREFS="LT8" BASELINE="131 273 860 273" HPOS="131" VPOS="237" WIDTH="729" HEIGHT="52">
            <Shape><Polygon POINTS="799 237 795 237 772 242 765 237 758 237 755 237 738 241 725 237 724 237 723 237 722 237 721 237 709 244 679 239 678 239 676 239 675 239 668 244 620 239 619 239 618 239 606 244 552 239 551 239 531 243 517 237 511 237 507 237 491 241 479 237 471 237 452 244 401 238 400 238 374 242 367 237 367 237 357 237 347 237 336 237 326 237 316 237 305 244 274 243 268 237 265 237 258 237 240 243 221 237 213 237 203 237 202 237 131 241 131 273 131 289 860 289 860 273 859 239 830 245 813 245 804 237 799 237"/></Shape>
            <String CONTENT="Id eſt, ſecundum Euangelium, ut omnes habea¬" HPOS="131" VPOS="237" WIDTH="729" HEIGHT="52" WC="0.9995189810341055"/>
          </TextLine>
          <TextLine ID="line_4" TAGREFS="LT8" BASELINE="83 325 860 323" HPOS="82" VPOS="283" WIDTH="778" HEIGHT="62">
            <Shape><Polygon POINTS="83 325 83 336 111 344 113 345 137 345 137 344 138 344 139 344 152 336 296 344 297 344 298 344 299 344 309 336 356 344 357 344 358 344 359 344 368 336 398 343 399 343 400 343 417 336 440 344 441 344 442 344 443 344 458 336 472 343 473 343 474 343 532 337 544 343 545 343 546 343 547 343 560 337 567 343 568 343 569 343 570 344 627 344 627 343 628 343 629 343 638 335 698 335 707 343 708 343 709 343 710 344 740 344 740 343 741 343 742 343 755 335 778 335 803 343 804 343 805 343 806 343 823 335 843 343 844 343 845 343 846 343 860 334 860 323 858 293 825 287 824 287 779 292 760 286 759 286 758 286 757 286 756 286 748 291 728 287 727 287 726 287 725 287 718 293 659 293 619 283 545 283 544 283 543 283 542 283 530 292 516 287 515 287 514 287 484 292 465 284 464 284 463 284 413 291 362 284 361 284 360 284 359 284 348 294 274 294 259 284 258 284 257 284 256 284 200 285 199 285 198 285 187 291 155 284 154 284 153 284 139 289 102 285 101 285 100 285 82 293 83 325"/></Shape>
            <String CONTENT="tis Christũ pro ueſtra iuſticia, ſitis́ concordes, in" HPOS="82" VPOS="283" WIDTH="778" HEIGHT="62" WC="0.9969950134103949"/>
          </TextLine>
          <TextLine ID="line_5" TAGREFS="LT8" BASELINE="85 376 861 372" HPOS="84" VPOS="333" WIDTH="777" HEIGHT="63">
            <Shape><Polygon POINTS="85 376 85 396 124 395 125 395 126 395 137 388 248 388 259 395 260 395 261 395 262 395 288 394 289 394 290 394 298 387 325 394 326 394 327 394 374 387 389 394 390 394 391 394 392 394 421 387 445 394 446 394 447 394 490 389 624 393 625 393 626 393 627 393 638 386 663 393 664 393 665 393 706 385 758 385 774 392 775 392 776 392 777 392 803 386 859 388 861 372 856 343 836 336 835 336 834 336 833 336 814 344 750 344 738 333 737 333 736 333 692 333 691 333 690 333 664 343 631 334 630 334 629 334 628 334 627 334 616 344 597 344 569 334 568 334 492 334 491 334 490 334 460 346 438 346 425 335 424 335 423 335 422 335 391 337 390 337 389 337 380 345 333 336 332 336 275 347 233 347 214 336 213 336 212 336 153 346 84 337 85 376"/></Shape>
            <String CONTENT="ijs omnibus quæ Dei ſunt, ut ſcilicet ſit una laus, una" HPOS="84" VPOS="333" WIDTH="777" HEIGHT="63" WC="0.972308589111675"/>
          </TextLine>
          <TextLine ID="line_6" TAGREFS="LT8" BASELINE="86 427 861 424" HPOS="85" VPOS="386" WIDTH="776" HEIGHT="60">
            <Shape><Polygon POINTS="86 427 87 446 113 438 131 444 132 444 133 444 134 444 148 437 205 437 242 445 243 445 282 438 289 443 290 443 291 443 292 443 293 443 294 443 302 438 431 443 432 443 433 443 447 436 518 436 525 441 526 441 528 441 529 441 562 436 601 444 603 444 635 443 636 443 652 435 671 443 672 443 673 443 716 436 726 443 727 443 728 443 729 444 822 444 822 443 823 443 824 443 832 437 860 442 861 424 857 395 782 394 767 386 766 386 748 386 747 386 746 386 745 386 734 395 711 386 710 386 607 386 606 386 605 386 604 386 587 397 495 397 475 387 474 387 473 387 342 397 307 391 306 391 305 391 304 391 293 398 243 398 213 388 212 388 161 388 160 388 159 388 123 397 85 394 86 427"/></Shape>
            <String CONTENT="prædicatio, nominis Dei inter uos, nõ diuerſa, quaᛘ" HPOS="85" VPOS="386" WIDTH="776" HEIGHT="60"/>
          </TextLine>
          <TextLine ID="line_7" TAGREFS="LT8" BASELINE="83 477 590 473" HPOS="82" VPOS="434" WIDTH="508" HEIGHT="64">
            <Shape><Polygon POINTS="83 477 83 498 170 498 171 498 196 488 254 497 255 497 256 497 257 497 269 487 292 497 293 497 294 498 322 498 322 497 323 497 324 497 340 486 440 496 441 496 442 496 477 485 487 495 488 495 490 495 491 496 514 496 514 495 515 495 538 485 589 484 590 473 588 445 521 434 520 434 519 434 518 434 518 435 507 446 487 446 463 434 462 434 461 434 436 437 435 437 434 437 423 446 369 444 349 435 348 435 347 435 320 436 319 436 318 436 318 437 310 443 304 438 303 438 302 438 300 438 299 438 298 438 286 447 226 436 224 436 223 436 222 436 206 446 184 438 183 438 182 438 181 438 156 448 143 437 142 437 141 437 140 437 89 438 88 438 87 438 82 441 83 477"/></Shape>
            <String CONTENT="lis hactenus noſtro tempore fuit¬" HPOS="82" VPOS="434" WIDTH="508" HEIGHT="64" WC="0.9850840640790535"/>
          </TextLine>
        </TextBlock>
        <TextBlock HPOS="80" VPOS="505" WIDTH="784" HEIGHT="125" ID="block_4" TAGREFS="BT3826">
          <Shape><Polygon POINTS="864 505 864 630 80 630 80 505"/></Shape>
          <TextLine ID="line_8" TAGREFS="LT8" BASELINE="156 553 857 548" HPOS="155" VPOS="505" WIDTH="702" HEIGHT="73">
            <Shape><Polygon POINTS="853 505 843 505 833 505 822 505 812 505 802 505 792 505 781 505 772 505 753 506 745 505 740 505 730 505 720 505 709 505 708 505 695 515 652 515 641 508 640 508 638 508 637 508 636 508 623 515 574 516 546 516 522 505 514 505 504 505 501 505 422 516 370 505 370 505 360 505 350 505 340 505 329 505 328 505 327 505 293 518 228 518 213 505 212 505 211 505 210 505 155 505 156 553 156 563 176 570 177 570 178 570 229 564 247 577 248 577 249 577 266 578 267 578 268 578 284 570 303 575 304 575 305 575 306 575 307 575 323 563 357 577 358 577 359 578 435 578 435 577 482 575 483 575 484 575 495 567 510 570 511 570 512 570 530 562 583 571 584 571 585 571 606 561 624 569 625 569 626 569 660 561 688 575 689 575 690 575 738 574 739 574 740 574 762 560 799 570 800 570 801 570 802 570 803 570 810 563 820 572 821 572 822 572 823 572 824 572 825 572 843 561 856 561 857 548 854 505 853 505"/></Shape>
            <String CONTENT="Vt unanimiter uno ore glorifi¬" HPOS="155" VPOS="505" WIDTH="702" HEIGHT="73" WC="0.9949835379918416"/>
          </TextLine>
          <TextLine ID="line_9" TAGREFS="LT8" BASELINE="82 619 375 616" HPOS="81" VPOS="568" WIDTH="294" HEIGHT="67">
            <Shape><Polygon POINTS="82 619 82 634 265 635 266 635 267 635 279 629 374 634 375 616 372 574 269 581 233 568 232 568 190 568 189 568 187 568 186 568 186 569 175 579 161 570 160 570 159 570 158 570 157 570 127 582 118 575 117 575 116 575 115 575 81 582 82 619"/></Shape>
            <String CONTENT="cetis Deum," HPOS="81" VPOS="568" WIDTH="294" HEIGHT="67" WC="0.9985282637856223"/>
          </TextLine>
        </TextBlock>
        <TextBlock HPOS="79" VPOS="632" WIDTH="786" HEIGHT="307" ID="block_5" TAGREFS="BT3827">
          <Shape><Polygon POINTS="865 632 865 939 79 939 79 632"/></Shape>
          <TextLine ID="line_10" TAGREFS="LT8" BASELINE="130 672 859 666" HPOS="129" VPOS="632" WIDTH="730" HEIGHT="60">
            <Shape><Polygon POINTS="838 632 827 632 817 632 807 632 797 632 786 632 776 632 766 632 759 632 754 636 725 636 718 632 714 632 704 632 695 632 689 634 686 632 684 632 673 632 663 632 653 632 643 632 632 632 622 632 612 632 601 632 598 632 558 637 546 632 540 632 530 632 519 632 509 632 499 632 488 632 482 632 461 639 419 639 405 632 397 632 370 640 247 640 226 632 224 632 223 632 222 632 199 640 176 632 175 632 174 632 129 632 130 672 130 685 339 685 371 692 372 692 373 692 397 685 422 691 423 691 424 691 425 691 439 684 457 690 458 690 459 690 501 683 530 690 531 690 532 691 589 691 589 690 590 690 616 681 652 689 653 690 693 690 693 689 694 689 695 689 701 684 849 688 850 688 851 688 852 688 852 687 859 680 859 666 857 633 839 632 838 632"/></Shape>
            <String CONTENT="Non dicit ut cantu, &amp; boatu in templis glorifi¬" HPOS="129" VPOS="632" WIDTH="730" HEIGHT="60" WC="0.9962832471157642"/>
          </TextLine>
          <TextLine ID="line_11" TAGREFS="LT8" BASELINE="79 723 856 718" HPOS="79" VPOS="678" WIDTH="777" HEIGHT="63">
            <Shape><Polygon POINTS="79 723 79 735 248 734 256 740 257 740 258 740 259 741 304 741 304 740 305 740 306 740 313 734 336 740 337 740 339 740 340 740 341 740 351 734 422 739 423 739 458 733 474 739 475 739 476 740 544 740 544 739 573 733 579 738 580 738 581 738 582 739 700 739 700 738 779 731 854 737 856 718 854 683 798 680 797 680 758 688 740 680 739 680 701 678 700 678 699 678 673 689 645 680 644 680 643 680 642 680 608 690 552 690 536 682 535 682 461 681 460 681 459 681 440 690 415 684 413 684 412 684 411 684 386 692 337 692 321 682 320 682 319 682 287 682 286 682 285 682 267 691 231 685 230 685 189 692 143 683 142 683 82 692 79 723"/></Shape>
            <String CONTENT="cetis Deum, ſed una prædicatione, eadem ſententia," HPOS="79" VPOS="678" WIDTH="777" HEIGHT="63" WC="0.9930145716667176"/>
          </TextLine>
          <TextLine ID="line_12" TAGREFS="LT8" BASELINE="80 774 860 767" HPOS="79" VPOS="731" WIDTH="781" HEIGHT="63">
            <Shape><Polygon POINTS="80 774 80 785 190 794 191 794 192 794 223 784 286 784 297 789 298 789 299 789 300 789 302 789 302 788 308 783 337 783 352 789 353 789 354 789 470 782 495 788 496 788 497 788 498 788 499 788 506 781 538 781 548 789 549 789 550 789 551 790 620 790 620 789 673 784 710 788 711 788 748 781 769 787 770 787 771 787 772 787 788 779 810 779 826 787 827 787 829 787 830 787 860 778 860 767 855 732 846 738 794 738 780 731 779 731 778 731 777 731 765 737 731 733 730 733 729 733 728 733 720 739 636 739 605 731 604 731 603 731 601 731 589 739 553 731 552 731 551 731 523 741 493 741 472 732 471 732 470 732 469 732 468 732 461 737 424 733 423 733 422 733 402 738 303 733 302 733 275 734 274 734 273 734 261 742 234 734 233 734 191 734 190 734 189 734 164 743 113 735 111 735 110 735 79 744 80 774"/></Shape>
            <String CONTENT="ut per hoc ad Chriſtum conuerti poßint, qui uos au¬" HPOS="79" VPOS="731" WIDTH="781" HEIGHT="63" WC="0.9970522172310773"/>
          </TextLine>
          <TextLine ID="line_13" TAGREFS="LT8" BASELINE="80 821 856 815" HPOS="79" VPOS="778" WIDTH="777" HEIGHT="65">
            <Shape><Polygon POINTS="80 821 80 842 137 842 138 842 161 835 175 842 176 842 177 843 208 843 208 842 259 841 260 841 277 834 293 840 294 840 295 841 324 841 324 840 325 840 340 833 357 840 358 840 359 840 383 835 402 840 403 840 404 840 405 840 406 840 417 834 428 840 429 840 430 841 467 841 467 840 509 832 567 839 568 839 630 829 743 829 783 837 784 837 855 828 856 815 854 788 773 778 772 778 771 778 770 778 758 787 730 779 729 779 728 779 727 779 693 789 648 789 624 779 623 779 622 779 621 779 586 790 525 790 515 781 514 781 513 781 512 781 511 781 490 789 469 780 468 780 467 780 428 787 418 781 417 781 416 781 415 781 357 786 351 781 350 781 349 781 348 781 347 781 334 787 254 782 253 782 252 782 251 782 239 791 196 785 195 785 167 791 157 785 156 785 155 785 154 785 153 785 139 793 107 783 106 783 105 783 104 783 79 794 80 821"/></Shape>
            <String CONTENT="dient: nam ſi diuerſa ſenſeritis, &amp; docueritis, futu¬" HPOS="79" VPOS="778" WIDTH="777" HEIGHT="65" WC="0.9876521229743958"/>
          </TextLine>
          <TextLine ID="line_14" TAGREFS="LT8" BASELINE="82 874 859 866" HPOS="81" VPOS="833" WIDTH="778" HEIGHT="63">
            <Shape><Polygon POINTS="82 874 82 888 94 895 95 895 96 895 97 895 111 889 129 895 130 895 131 896 187 896 187 895 232 885 278 892 279 892 353 884 365 892 366 892 367 892 400 893 401 893 402 893 427 883 528 891 529 891 593 883 624 891 625 891 626 891 627 891 658 881 704 890 705 890 770 889 771 889 772 889 786 880 840 880 846 886 847 886 848 886 849 886 850 886 859 881 859 866 856 833 81 838 82 874"/></Shape>
            <String CONTENT="rum eſt, ut nulla unitas in uobis inueniatur, ſed Se¬" HPOS="81" VPOS="833" WIDTH="778" HEIGHT="63" WC="0.9935256940013958"/>
          </TextLine>
          <TextLine ID="line_15" TAGREFS="LT8" BASELINE="82 924 546 918" HPOS="81" VPOS="880" WIDTH="465" HEIGHT="66">
            <Shape><Polygon POINTS="82 924 82 945 158 946 159 946 160 946 196 935 230 939 231 939 232 939 233 939 233 938 237 934 261 944 262 944 264 944 312 936 331 942 332 942 333 942 334 942 335 942 347 933 373 942 374 942 375 942 377 942 392 935 438 941 439 941 440 941 475 931 545 931 546 918 544 890 487 890 469 882 468 882 467 882 466 882 446 890 437 882 437 881 436 881 435 881 412 880 411 880 410 880 394 889 341 891 322 882 321 882 245 882 244 882 243 882 242 882 228 893 211 886 210 886 209 886 143 890 103 884 102 884 101 884 81 894 82 924"/></Shape>
            <String CONTENT="ctæ periculoſißimæ naſcantur·" HPOS="81" VPOS="880" WIDTH="465" HEIGHT="66"/>
          </TextLine>
        </TextBlock>
        <TextBlock HPOS="793" VPOS="106" WIDTH="75" HEIGHT="54" ID="block_6" TAGREFS="BT15">
          <Shape><Polygon POINTS="868 106 868 160 793 160 793 106"/></Shape>
          <TextLine ID="line_16" TAGREFS="LT8" BASELINE="795 142 853 142" HPOS="793" VPOS="90" WIDTH="59" HEIGHT="73">
            <Shape><Polygon POINTS="793 157 850 163 852 141 849 95 830 100 795 90 793 141 793 157"/></Shape>
            <String CONTENT="165" HPOS="793" VPOS="90" WIDTH="59" HEIGHT="73"/>
          </TextLine>
        </TextBlock>
        <TextBlock HPOS="84" VPOS="946" WIDTH="778" HEIGHT="126" ID="block_7" TAGREFS="BT3826">
          <Shape><Polygon POINTS="862 946 862 1072 84 1072 84 946"/></Shape>
          <TextLine ID="line_17" TAGREFS="LT8" BASELINE="151 998 859 993" HPOS="149" VPOS="947" WIDTH="710" HEIGHT="73">
            <Shape><Polygon POINTS="786 947 776 947 766 947 756 947 745 947 735 947 725 947 714 947 704 947 694 947 684 947 673 955 631 955 620 947 612 947 601 947 578 954 551 947 550 947 549 947 548 947 531 955 491 955 474 947 468 947 458 947 447 947 437 947 427 947 417 947 415 947 403 957 324 957 310 947 304 947 302 947 272 958 231 958 198 947 197 947 196 947 149 952 151 998 151 1007 182 1019 183 1019 184 1019 185 1019 214 1008 236 1019 237 1019 238 1020 291 1020 291 1019 292 1019 317 1010 354 1017 355 1017 411 1007 427 1014 428 1014 429 1014 430 1014 450 1009 466 1014 467 1014 468 1014 469 1014 490 1006 558 1006 584 1015 585 1015 586 1016 615 1016 615 1015 616 1015 617 1015 630 1005 722 1012 723 1012 761 1004 807 1009 808 1009 859 1002 859 993 857 954 817 954 796 947 786 947"/></Shape>
            <String CONTENT="Ac patrem Domini noſtri leſu" HPOS="149" VPOS="947" WIDTH="710" HEIGHT="73"/>
          </TextLine>
          <TextLine ID="line_18" TAGREFS="LT8" BASELINE="87 1063 287 1063" HPOS="87" VPOS="1003" WIDTH="200" HEIGHT="78">
            <Shape><Polygon POINTS="87 1063 87 1074 135 1081 136 1081 137 1081 152 1075 196 1081 197 1081 256 1075 286 1081 287 1063 287 1027 258 1027 229 1005 228 1005 227 1005 226 1005 224 1005 183 1023 136 1003 135 1003 134 1003 133 1003 111 1009 100 1006 99 1006 98 1006 97 1006 96 1006 87 1012 87 1063"/></Shape>
            <String CONTENT="Chriſti." HPOS="87" VPOS="1003" WIDTH="200" HEIGHT="78" WC="0.9338959231972694"/>
          </TextLine>
        </TextBlock>
        <TextBlock HPOS="75" VPOS="1075" WIDTH="786" HEIGHT="464" ID="block_8" TAGREFS="BT3827">
          <Shape><Polygon POINTS="861 1075 861 1539 75 1539 75 1075"/></Shape>
          <TextLine ID="line_19" TAGREFS="LT8" BASELINE="130 1118 859 1109" HPOS="129" VPOS="1075" WIDTH="730" HEIGHT="62">
            <Shape><Polygon POINTS="848 1075 838 1075 827 1075 817 1075 807 1075 797 1075 786 1075 740 1077 731 1075 725 1075 714 1075 704 1075 694 1075 688 1075 671 1078 667 1075 663 1075 653 1075 643 1075 632 1075 622 1075 618 1075 599 1079 546 1075 545 1075 503 1080 474 1075 468 1075 458 1075 447 1075 440 1075 409 1081 382 1075 375 1075 365 1075 355 1075 345 1075 334 1075 324 1075 320 1075 297 1082 281 1075 280 1075 279 1075 239 1080 224 1075 223 1075 222 1075 182 1084 155 1080 154 1080 129 1085 130 1118 130 1128 187 1137 189 1137 190 1137 211 1127 333 1127 353 1134 354 1134 355 1134 356 1134 382 1126 410 1126 419 1133 420 1133 421 1133 422 1133 457 1125 506 1133 507 1133 508 1133 538 1124 573 1131 574 1131 575 1131 604 1124 616 1130 617 1130 618 1130 643 1125 650 1130 651 1130 652 1130 653 1130 859 1126 859 1109 856 1075 848 1075"/></Shape>
            <String CONTENT="Quid attinebat hæc addere? An nõ idem ſunt Chriᛘ" HPOS="129" VPOS="1075" WIDTH="730" HEIGHT="62"/>
          </TextLine>
          <TextLine ID="line_20" TAGREFS="LT8" BASELINE="81 1167 861 1161" HPOS="80" VPOS="1117" WIDTH="781" HEIGHT="74">
            <Shape><Polygon POINTS="81 1167 80 1126 180 1135 197 1124 200 1124 239 1134 275 1121 277 1121 341 1126 404 1117 406 1117 432 1131 501 1122 503 1122 523 1133 561 1133 580 1124 583 1124 605 1130 637 1120 641 1120 668 1127 701 1123 703 1123 729 1131 785 1131 845 1118 846 1118 860 1119 861 1176 820 1176 784 1187 781 1187 756 1179 713 1187 712 1187 651 1178 621 1188 619 1188 592 1187 590 1187 575 1178 538 1186 536 1186 510 1178 445 1185 443 1185 417 1179 341 1190 341 1191 283 1191 282 1190 236 1180 196 1187 194 1187 176 1181 81 1186"/></Shape>
            <String CONTENT="ſtus &amp; Deus? expoſitio eſt, ut rectius intelligas, quis" HPOS="80" VPOS="1117" WIDTH="781" HEIGHT="74" WC="0.9810353539206765"/>
          </TextLine>
          <TextLine ID="line_21" TAGREFS="LT8" BASELINE="82 1218 861 1211" HPOS="81" VPOS="1175" WIDTH="780" HEIGHT="63">
            <Shape><Polygon POINTS="82 1218 81 1185 95 1180 97 1180 176 1185 199 1179 201 1179 268 1187 313 1182 314 1182 363 1186 375 1178 379 1178 409 1185 421 1177 425 1177 447 1185 496 1177 498 1177 518 1185 542 1176 544 1176 584 1184 631 1175 668 1175 691 1184 736 1184 748 1175 753 1175 767 1183 804 1183 813 1176 816 1176 860 1179 861 1225 844 1233 843 1233 843 1234 749 1234 748 1233 747 1233 734 1228 700 1234 698 1234 680 1225 634 1225 595 1231 593 1231 582 1226 505 1226 473 1236 471 1236 424 1230 286 1238 285 1238 205 1229 153 1235 152 1235 107 1230 83 1236"/></Shape>
            <String CONTENT="ſit ille Deus, qui eſt glorificandus: Aliter, inquit," HPOS="81" VPOS="1175" WIDTH="780" HEIGHT="63" WC="0.9885022336581968"/>
          </TextLine>
          <TextLine ID="line_22" TAGREFS="LT8" BASELINE="83 1267 856 1260" HPOS="83" VPOS="1221" WIDTH="773" HEIGHT="66">
            <Shape><Polygon POINTS="83 1287 141 1279 168 1287 169 1287 170 1287 171 1287 201 1277 262 1277 276 1286 277 1286 278 1286 279 1286 280 1286 312 1276 377 1285 378 1285 379 1285 415 1275 438 1284 439 1284 440 1284 496 1277 516 1284 517 1284 518 1284 519 1284 545 1275 559 1281 560 1281 561 1281 562 1281 586 1274 608 1283 609 1283 610 1284 634 1284 634 1283 635 1283 636 1283 650 1273 662 1281 663 1281 664 1281 665 1281 745 1272 855 1276 856 1260 852 1221 832 1231 788 1231 773 1224 772 1224 771 1224 746 1229 733 1222 732 1222 731 1222 730 1222 711 1231 668 1231 658 1222 657 1222 656 1222 655 1222 600 1232 570 1226 569 1226 568 1226 545 1232 528 1223 526 1223 525 1223 524 1223 504 1234 430 1234 420 1225 419 1225 418 1225 417 1225 416 1225 382 1234 302 1235 236 1226 235 1226 156 1227 155 1227 141 1234 128 1227 127 1227 126 1227 125 1227 98 1234 83 1230 83 1267 83 1287"/></Shape>
            <String CONTENT="glorificari nequit, niſi cognoſcatur eſſe pater Domiᛘ" HPOS="83" VPOS="1221" WIDTH="773" HEIGHT="66"/>
          </TextLine>
          <TextLine ID="line_23" TAGREFS="LT8" BASELINE="81 1318 853 1310" HPOS="80" VPOS="1269" WIDTH="773" HEIGHT="68">
            <Shape><Polygon POINTS="81 1318 81 1334 143 1329 153 1336 154 1336 155 1336 156 1337 176 1337 176 1336 177 1336 178 1336 189 1327 278 1327 405 1333 406 1333 407 1333 408 1333 419 1326 447 1333 448 1333 449 1333 450 1333 452 1333 458 1328 485 1332 486 1332 487 1332 488 1332 498 1325 515 1332 516 1332 517 1332 562 1327 591 1331 592 1331 593 1331 594 1331 603 1325 631 1331 632 1331 633 1331 660 1323 693 1330 694 1330 759 1322 824 1329 825 1329 826 1329 853 1322 853 1310 850 1269 754 1278 737 1271 736 1271 735 1271 672 1278 645 1271 644 1271 643 1271 642 1271 617 1279 591 1271 590 1271 589 1271 464 1281 417 1273 416 1273 382 1278 348 1274 347 1274 346 1274 326 1283 307 1275 306 1275 305 1275 261 1284 230 1275 229 1275 177 1275 176 1275 175 1275 174 1275 161 1285 145 1276 144 1276 143 1276 106 1285 80 1280 81 1318"/></Shape>
            <String CONTENT="ni noſtri IESV Chriſti, &amp; niſi Chriſtus ſciatur eſſe" HPOS="80" VPOS="1269" WIDTH="773" HEIGHT="68" WC="0.9840492067428736"/>
          </TextLine>
          <TextLine ID="line_24" TAGREFS="LT8" BASELINE="81 1369 856 1361" HPOS="80" VPOS="1323" WIDTH="776" HEIGHT="64">
            <Shape><Polygon POINTS="81 1369 81 1380 159 1380 171 1386 172 1386 173 1386 174 1386 175 1386 183 1379 197 1385 198 1385 199 1385 200 1385 212 1380 228 1386 229 1386 230 1386 231 1386 244 1380 272 1387 273 1387 274 1387 335 1377 409 1377 419 1384 420 1384 421 1384 422 1384 476 1376 485 1383 486 1383 487 1383 488 1383 490 1383 505 1379 533 1384 534 1384 535 1384 566 1375 575 1383 576 1383 577 1383 578 1383 641 1378 659 1383 660 1383 661 1383 856 1371 856 1361 853 1325 777 1330 728 1323 727 1323 726 1323 706 1332 662 1332 651 1324 650 1324 649 1324 615 1324 614 1324 613 1324 593 1333 548 1334 483 1334 474 1328 473 1328 472 1328 471 1328 470 1328 457 1332 438 1326 437 1326 436 1326 396 1332 372 1326 371 1326 370 1326 369 1326 345 1335 274 1327 273 1327 272 1327 241 1336 214 1328 213 1328 212 1328 211 1328 196 1336 168 1332 167 1332 166 1332 155 1337 80 1330 81 1369"/></Shape>
            <String CONTENT="tantus, tam́ excellens Dominus, ſub quo ſolo tuti" HPOS="80" VPOS="1323" WIDTH="776" HEIGHT="64" WC="0.9955075931549072"/>
          </TextLine>
          <TextLine ID="line_25" TAGREFS="LT8" BASELINE="82 1418 854 1411" HPOS="81" VPOS="1372" WIDTH="773" HEIGHT="65">
            <Shape><Polygon POINTS="82 1418 83 1437 104 1430 126 1436 127 1436 128 1436 129 1436 142 1430 147 1436 148 1436 149 1436 151 1436 199 1429 234 1435 235 1435 236 1435 237 1435 244 1429 346 1434 347 1434 388 1428 403 1434 404 1434 405 1434 406 1434 407 1434 407 1432 413 1427 475 1432 476 1432 477 1432 492 1427 540 1431 541 1431 640 1425 701 1430 702 1430 703 1430 713 1425 720 1430 721 1430 722 1430 723 1430 724 1430 748 1424 826 1429 827 1429 829 1429 854 1422 854 1411 853 1383 825 1372 824 1372 807 1372 806 1372 805 1372 804 1372 794 1381 760 1382 751 1377 750 1377 749 1377 748 1377 747 1377 733 1383 713 1373 712 1373 693 1373 692 1373 691 1373 690 1373 678 1383 667 1379 666 1379 665 1379 630 1385 593 1385 563 1374 562 1374 561 1374 560 1374 515 1386 465 1386 434 1375 433 1375 432 1375 342 1376 341 1376 340 1376 327 1385 297 1381 296 1381 190 1388 146 1379 81 1379 82 1418"/></Shape>
            <String CONTENT="ſimus, nam dum ſub illius protectione &amp; fauore ſu¬" HPOS="81" VPOS="1372" WIDTH="773" HEIGHT="65" WC="0.999118046760559"/>
          </TextLine>
          <TextLine ID="line_26" TAGREFS="LT8" BASELINE="82 1469 850 1463" HPOS="81" VPOS="1425" WIDTH="769" HEIGHT="70">
            <Shape><Polygon POINTS="82 1469 82 1484 165 1484 183 1495 184 1495 185 1495 186 1495 187 1495 189 1495 210 1482 254 1488 255 1488 290 1483 305 1494 306 1494 307 1494 308 1494 442 1489 464 1493 465 1493 466 1493 507 1480 551 1487 552 1487 553 1487 569 1479 607 1479 627 1486 628 1486 629 1486 654 1481 674 1491 675 1491 676 1492 713 1492 713 1491 714 1491 729 1486 753 1490 754 1490 755 1490 785 1478 822 1486 823 1486 824 1486 850 1477 850 1463 847 1432 783 1434 746 1425 745 1425 744 1425 720 1435 698 1427 697 1427 696 1427 652 1434 643 1426 642 1426 641 1426 596 1426 595 1426 512 1427 511 1427 491 1436 467 1427 466 1427 465 1427 464 1427 432 1436 354 1431 353 1431 352 1431 330 1438 276 1431 275 1431 230 1438 219 1430 218 1430 217 1430 216 1430 215 1430 197 1440 81 1440 82 1469"/></Shape>
            <String CONTENT="mus, cuius patrer Deus eſt, nihil nobis aduerſum acᛘ" HPOS="81" VPOS="1425" WIDTH="769" HEIGHT="70"/>
          </TextLine>
          <TextLine ID="line_27" TAGREFS="LT8" BASELINE="79 1520 297 1518" HPOS="78" VPOS="1479" WIDTH="219" HEIGHT="66">
            <Shape><Polygon POINTS="79 1520 80 1544 102 1534 138 1540 139 1540 140 1540 141 1540 147 1535 165 1544 166 1544 167 1545 187 1545 187 1544 189 1544 190 1544 208 1533 229 1543 230 1543 231 1543 232 1543 265 1533 296 1534 297 1518 294 1487 283 1487 275 1480 275 1479 274 1479 273 1479 227 1479 226 1479 182 1488 173 1480 173 1479 172 1479 171 1479 170 1479 169 1479 142 1486 114 1479 113 1479 111 1479 110 1479 78 1487 79 1520"/></Shape>
            <String CONTENT="cidere potest." HPOS="78" VPOS="1479" WIDTH="219" HEIGHT="66" WC="0.9991550999028342"/>
          </TextLine>
        </TextBlock>
        <TextBlock HPOS="866" VPOS="1114" WIDTH="206" HEIGHT="120" ID="block_9" TAGREFS="BT3825">
          <Shape><Polygon POINTS="1072 1114 1072 1234 866 1234 866 1114"/></Shape>
          <TextLine ID="line_28" TAGREFS="LT8" BASELINE="872 1161 1065 1160" HPOS="872" VPOS="1160" WIDTH="193" HEIGHT="1">
            <String CONTENT="ᗞeus glorifi¬" HPOS="872" VPOS="1160" WIDTH="193" HEIGHT="1"/>
          </TextLine>
          <TextLine ID="line_29" TAGREFS="LT8" BASELINE="872 1211 963 1210" HPOS="872" VPOS="1210" WIDTH="91" HEIGHT="1">
            <String CONTENT="cetur·" HPOS="872" VPOS="1210" WIDTH="91" HEIGHT="1"/>
          </TextLine>
        </TextBlock>
        <TextBlock HPOS="643" VPOS="1531" WIDTH="114" HEIGHT="61" ID="block_10" TAGREFS="BT17">
          <Shape><Polygon POINTS="757 1531 757 1592 643 1592 643 1531"/></Shape>
          <TextLine ID="line_30" TAGREFS="LT8" BASELINE="655 1569 738 1572" HPOS="654" VPOS="1531" WIDTH="84" HEIGHT="62">
            <Shape><Polygon POINTS="655 1569 654 1593 737 1593 738 1572 738 1544 655 1531 655 1569"/></Shape>
            <String CONTENT="X3" HPOS="654" VPOS="1531" WIDTH="84" HEIGHT="62"/>
          </TextLine>
        </TextBlock>
      </PrintSpace>
    </Page>
  </Layout>
</alto>
