1192 1843
110.0 298.0 199.0 63.0 Infirmorũ ha

111.0 349.0 193.0 83.0 benda ratio

396.0 86.0 644.0 59.0 COMMENT· POMER·

445.0 160.0 318.0 67.0 Quapropter.

336.0 219.0 759.0 56.0 Cõcludit hunc locũ de charitate, nolite eſſe ſcãdalo

318.0 260.0 780.0 69.0 fratribus, ut grandeſcant & ipſi in fide-Sic enim Chriᛘ

321.0 313.0 776.0 66.0 ſtus iniquitates noſtras portauit, & aſſumpſit nos in

321.0 365.0 777.0 67.0 gloriã Dei, ita quo fratres noſtros infirmos adſumᛘ

318.0 413.0 781.0 66.0 mus, ut inde glorificetur Deus. Qui ergo contẽnũt fraᛘ

318.0 461.0 780.0 70.0 tres, Deũ nõ glorificant, quia à fide reſilterunt :nõ eſt

320.0 515.0 778.0 68.0 peſtilentius uirus in corde hoïs, quàm ꝗ honorari præ

320.0 564.0 776.0 67.0 cæteris uelit, nolitq́ ſibi præferri quempiã ex fratri¬

320.0 615.0 774.0 67.0 bus: quando ille portaret infirmiorum fratrũ iniurias?

444.0 678.0 416.0 59.0 lllud autem dico.

368.0 735.0 727.0 60.0 Hic eſt finis epiſtolæ, in qua de iuſticia per Chri¬

322.0 780.0 770.0 63.0 ſtũ in nos, qui oẽs ſumus peccatores, multis egit, ne̃

324.0 832.0 769.0 63.0 quiſ putet ſequentia cohærere ijs, quæ de moribus,

324.0 881.0 774.0 62.0 & externa conuerſatione dixit: uerum cõtinent Epi

324.0 930.0 771.0 66.0 logum, omniũ quæ in tota epiſtola dicta ſunt, nẽpe,

323.0 982.0 776.0 62.0 neminem ſiue ex Gentibus, ſiue Iudæis ſaluandũ, niſi

325.0 1032.0 774.0 64.0 per Chriſtũ, quis etiam Iudæi promißionẽ acceperint,

324.0 1084.0 779.0 60.0 non tamẽ ſaluari ex meritis, ſed miſericordia, quæ tanᛘ

326.0 1131.0 769.0 63.0 dem & ad Gẽtes peruenit, ideo dicit: illud dico, id eſt,

328.0 1183.0 593.0 60.0 hæc eſt ſumma totiuts rei, hoc uolebam·

327.0 1241.0 773.0 65.0 leſum Chriſtum miniſtrum fuiſſe.

356.0 1304.0 744.0 57.0 Id eſt, Apoſtolum: Hebr·3·& Matth·16·dicit·

329.0 1348.0 774.0 63.0 Non ſum mißus, niſi ad oues perditas domus Ifraël.

327.0 1400.0 782.0 63.0 Prædicauit igitur & in propria perſona Chriſtas Iuᛘ

330.0 1449.0 770.0 69.0 deis, quibus promiſſus erat: deinde etiam imſpiritu

328.0 1503.0 510.0 71.0 ut Petrus inquit, ad Gentes uenit·
