<?xml version='1.0' encoding='UTF-8'?>
<alto xmlns:xsi="http://www.w3.org/2001/XMLSchema-instance" xmlns="http://www.loc.gov/standards/alto/ns-v4#" xsi:schemaLocation="http://www.loc.gov/standards/alto/ns-v4# http://www.loc.gov/standards/alto/v4/alto-4-2.xsd">
  <Description>
    <MeasurementUnit>pixel</MeasurementUnit>
    <sourceImageInformation>
      <fileName>10AC1F79_uk4nGb4nbn5FFwSZ_00106.jpg</fileName>
      <fileIdentifier>zip//10AC1F79_100-200.zip/10AC1F79_uk4nGb4nbn5FFwSZ_00106.jpg</fileIdentifier>
    </sourceImageInformation>
  </Description>
  <Tags>
    <OtherTag ID="BT7" LABEL="CustomZone" DESCRIPTION="block type CustomZone"/><OtherTag ID="BT8" LABEL="DamageZone" DESCRIPTION="block type DamageZone"/><OtherTag ID="BT9" LABEL="DigitizationArtefactZone" DESCRIPTION="block type DigitizationArtefactZone"/><OtherTag ID="BT10" LABEL="DropCapitalZone" DESCRIPTION="block type DropCapitalZone"/><OtherTag ID="BT11" LABEL="GraphicZone" DESCRIPTION="block type GraphicZone"/><OtherTag ID="BT12" LABEL="MainZone" DESCRIPTION="block type MainZone"/><OtherTag ID="BT13" LABEL="MarginTextZone" DESCRIPTION="block type MarginTextZone"/><OtherTag ID="BT14" LABEL="MusicZone" DESCRIPTION="block type MusicZone"/><OtherTag ID="BT15" LABEL="NumberingZone" DESCRIPTION="block type NumberingZone"/><OtherTag ID="BT17" LABEL="QuireMarksZone" DESCRIPTION="block type QuireMarksZone"/><OtherTag ID="BT18" LABEL="RunningTitleZone" DESCRIPTION="block type RunningTitleZone"/><OtherTag ID="BT19" LABEL="SealZone" DESCRIPTION="block type SealZone"/><OtherTag ID="BT20" LABEL="StampZone" DESCRIPTION="block type StampZone"/><OtherTag ID="BT21" LABEL="TableZone" DESCRIPTION="block type TableZone"/><OtherTag ID="BT22" LABEL="TitlePageZone" DESCRIPTION="block type TitlePageZone"/><OtherTag ID="BT3517" LABEL="MainZone-Continued" DESCRIPTION="block type MainZone-Continued"/><OtherTag ID="BT3518" LABEL="MainZone-Head" DESCRIPTION="block type MainZone-Head"/><OtherTag ID="BT3519" LABEL="MarginTextZone-Notes" DESCRIPTION="block type MarginTextZone-Notes"/><OtherTag ID="BT3520" LABEL="MainZone-P" DESCRIPTION="block type MainZone-P"/><OtherTag ID="BT3715" LABEL="text" DESCRIPTION="block type text"/>
    <OtherTag ID="LT7" LABEL="CustomLine" DESCRIPTION="line type CustomLine"/><OtherTag ID="LT8" LABEL="DefaultLine" DESCRIPTION="line type DefaultLine"/><OtherTag ID="LT9" LABEL="DropCapitalLine" DESCRIPTION="line type DropCapitalLine"/><OtherTag ID="LT10" LABEL="HeadingLine" DESCRIPTION="line type HeadingLine"/><OtherTag ID="LT11" LABEL="InterlinearLine" DESCRIPTION="line type InterlinearLine"/><OtherTag ID="LT12" LABEL="MusicLine" DESCRIPTION="line type MusicLine"/><OtherTag ID="LT1349" LABEL="default" DESCRIPTION="line type default"/>
  </Tags>
  <Layout>
    <Page WIDTH="1182" HEIGHT="1855" PHYSICAL_IMG_NR="88" ID="eSc_dummypage_">
      <PrintSpace HPOS="0" VPOS="0" WIDTH="1182" HEIGHT="1855">
        <TextBlock HPOS="103.0" VPOS="420.0" WIDTH="199.0" HEIGHT="59.0" ID="block_1" TAGREFS="BT3519">
          <Shape><Polygon POINTS="103 420 302 420 302 479 103 479 103 420"/></Shape>
          <TextLine ID="line_1" TAGREFS="LT8" BASELINE="110 459 296 461" HPOS="109.0" VPOS="420.0" WIDTH="187.0" HEIGHT="60.0">
            <Shape><Polygon POINTS="161 420 151 420 147 420 110 424 110 459 109 470 136 479 137 479 138 479 174 473 213 473 221 480 222 480 223 480 224 480 294 477 296 461 294 426 266 421 265 421 264 421 236 432 204 432 171 420 161 420"/></Shape>
            <String CONTENT="Liber. Arb" HPOS="109.0" VPOS="420.0" WIDTH="187.0" HEIGHT="60.0" WC="0.964681613445282"/>
          </TextLine>
        </TextBlock>
        <TextBlock HPOS="373.0" VPOS="100.0" WIDTH="657.0" HEIGHT="56.0" ID="block_2" TAGREFS="BT18">
          <Shape><Polygon POINTS="373 100 1030 100 1030 156 373 156 373 100"/></Shape>
          <TextLine ID="line_2" TAGREFS="LT8" BASELINE="384 143 1025 142" HPOS="380" VPOS="99" WIDTH="645" HEIGHT="57">
            <Shape><Polygon POINTS="694 99 693 99 692 99 668 107 643 99 639 99 629 99 618 99 608 99 598 99 593 99 574 106 557 100 556 100 555 100 554 100 545 105 540 99 536 99 533 99 521 109 510 99 509 99 508 99 505 99 495 99 484 99 482 99 464 109 441 100 440 100 439 100 438 100 437 100 425 110 380 107 381 138 401 152 476 152 476 151 512 144 534 153 535 153 536 154 556 154 556 153 557 153 559 153 570 145 576 151 577 151 578 151 579 151 617 145 645 152 646 152 647 152 648 152 669 146 678 153 679 153 680 153 681 153 682 153 707 146 715 152 716 152 717 152 718 152 719 152 720 152 728 146 759 146 767 152 767 153 768 153 769 153 770 153 804 147 822 155 823 155 824 155 825 155 849 148 871 155 872 155 873 155 874 155 902 148 933 155 934 155 935 155 956 149 975 156 976 156 977 156 1024 153 1025 142 1025 108 1014 103 1013 103 1012 103 1011 103 1010 103 997 113 983 103 982 103 981 103 980 103 979 103 948 112 906 112 882 103 881 103 880 103 879 103 849 113 834 103 833 103 832 103 831 103 830 103 810 113 772 103 771 103 770 103 769 103 768 103 768 104 758 113 710 113 696 99 695 99"/></Shape>
            <String CONTENT="COMMENT· POMER·" HPOS="380" VPOS="99" WIDTH="645" HEIGHT="57"/>
          </TextLine>
        </TextBlock>
        <TextBlock HPOS="312.0" VPOS="166.0" WIDTH="798.0" HEIGHT="653.0" ID="block_3" TAGREFS="BT3517">
          <Shape><Polygon POINTS="312 166 1110 166 1110 819 312 819 312 166"/></Shape>
          <TextLine ID="line_3" TAGREFS="LT8" BASELINE="322 199 1098 210" HPOS="321.0" VPOS="166.0" WIDTH="777.0" HEIGHT="63.0">
            <Shape><Polygon POINTS="632 166 625 166 589 174 556 174 542 166 539 166 529 166 527 166 506 172 462 166 456 166 446 166 444 166 420 170 411 166 405 166 395 166 384 166 374 166 364 166 354 166 322 169 322 199 321 219 424 220 425 220 427 220 452 213 474 219 475 219 476 219 513 214 524 222 526 222 527 222 528 222 573 215 679 215 728 225 729 225 730 225 754 219 785 224 786 224 829 219 839 225 840 225 841 225 842 225 911 220 942 228 943 228 944 228 1005 220 1023 229 1024 229 1025 229 1026 229 1054 222 1096 222 1098 210 1097 180 927 172 926 172 925 172 924 172 915 177 841 172 840 172 839 172 830 176 787 167 786 167 750 169 749 169 748 169 739 175 724 169 723 169 721 169 643 171 634 166 632 166"/></Shape>
            <String CONTENT="filij ſumus Dei per Verbum, domini omnium creatu¬" HPOS="321.0" VPOS="166.0" WIDTH="777.0" HEIGHT="63.0" WC="0.9970636428618918"/>
          </TextLine>
          <TextLine ID="line_4" TAGREFS="LT8" BASELINE="318 250 1097 263" HPOS="317.0" VPOS="213.0" WIDTH="780.0" HEIGHT="68.0">
            <Shape><Polygon POINTS="318 250 317 260 334 268 335 268 336 268 409 263 418 270 419 270 420 270 484 271 485 271 486 271 487 271 497 264 536 272 622 273 624 273 625 273 626 273 633 267 738 275 739 275 795 270 810 277 811 277 812 277 975 273 1095 281 1097 263 1096 222 1016 223 981 230 968 222 967 222 966 222 965 222 923 231 857 218 806 218 805 218 804 218 782 226 750 219 749 219 748 219 731 226 687 224 671 216 670 216 669 216 668 216 667 216 649 226 601 226 554 213 553 213 552 213 551 213 529 224 495 215 494 215 493 215 491 215 471 223 318 221 318 250"/></Shape>
            <String CONTENT="rarum per Verbum, cohæredes Chriſti per Verbum," HPOS="317.0" VPOS="213.0" WIDTH="780.0" HEIGHT="68.0" WC="0.9906906434830199"/>
          </TextLine>
          <TextLine ID="line_5" TAGREFS="LT8" BASELINE="318 300 1099 312" HPOS="317.0" VPOS="263.0" WIDTH="782.0" HEIGHT="67.0">
            <Shape><Polygon POINTS="318 300 317 311 354 321 355 321 356 321 437 316 475 323 476 323 477 323 504 315 549 323 550 323 551 323 574 317 601 325 602 325 603 325 652 324 653 324 654 324 662 318 674 324 675 324 676 324 710 319 732 325 733 325 734 325 813 319 831 328 832 328 833 328 834 328 844 324 921 329 922 329 923 329 939 322 1037 322 1052 330 1053 330 1054 330 1055 330 1056 330 1067 323 1098 323 1099 312 1099 284 1028 272 1027 272 976 281 939 271 938 271 910 271 909 271 908 271 907 271 892 281 849 281 816 268 815 268 814 268 813 268 793 279 703 279 674 266 673 266 652 266 651 266 650 266 649 266 636 278 605 278 591 265 589 265 588 265 587 265 547 272 533 264 532 264 495 264 494 264 493 264 491 264 478 275 451 275 430 263 429 263 428 263 427 263 410 273 318 273 318 300"/></Shape>
            <String CONTENT="atq; adeo nihil eſt, quod uirtute illius nobis non im¬" HPOS="317.0" VPOS="263.0" WIDTH="782.0" HEIGHT="67.0" WC="0.9862569327707644"/>
          </TextLine>
          <TextLine ID="line_6" TAGREFS="LT8" BASELINE="321 352 1096 361" HPOS="321.0" VPOS="318.0" WIDTH="775.0" HEIGHT="61.0">
            <Shape><Polygon POINTS="321 352 321 369 407 364 428 370 429 370 430 370 468 365 516 373 517 373 562 367 587 374 588 374 589 374 591 374 613 368 661 374 662 374 663 374 673 368 681 375 682 375 683 375 684 375 826 369 926 378 927 378 928 378 929 378 939 372 1010 378 1011 378 1012 378 1013 378 1020 373 1071 373 1093 379 1096 361 1095 334 1044 326 1043 326 1042 326 1016 333 1007 326 1007 325 1006 325 1005 325 1004 325 1003 325 980 332 962 325 961 325 960 325 924 332 878 327 877 327 876 327 875 327 869 331 838 323 837 323 836 323 835 323 816 331 772 331 752 322 751 322 750 322 749 322 725 329 640 329 633 322 632 322 631 322 630 322 593 328 581 320 580 320 579 320 578 320 514 327 497 320 496 320 495 320 494 320 493 320 483 326 434 319 433 319 432 319 410 326 390 318 389 318 388 318 357 324 348 318 347 318 346 318 345 318 321 319 321 352"/></Shape>
            <String CONTENT="pertiatur· Lapides eramus, iam autem, ut Iohannes" HPOS="321.0" VPOS="318.0" WIDTH="775.0" HEIGHT="61.0"/>
          </TextLine>
          <TextLine ID="line_7" TAGREFS="LT8" BASELINE="318 400 1098 412" HPOS="317.0" VPOS="362.0" WIDTH="781.0" HEIGHT="72.0">
            <Shape><Polygon POINTS="318 400 317 413 379 414 397 426 398 426 399 426 481 427 482 427 531 417 602 429 690 430 691 430 742 420 787 428 789 428 837 423 868 429 869 429 870 429 883 424 898 433 899 433 900 433 1004 434 1005 434 1006 434 1007 434 1026 424 1096 424 1098 412 1097 375 1054 374 1053 374 1052 374 1051 374 1040 382 1004 375 1003 375 945 380 926 370 925 370 924 370 887 380 816 380 767 374 766 374 690 377 675 367 674 367 673 367 672 367 671 367 663 372 652 366 651 366 650 366 619 374 603 365 602 365 554 365 553 365 552 365 551 365 538 374 460 363 430 363 429 363 428 363 427 363 411 373 383 366 382 366 381 366 370 370 360 362 359 362 358 362 357 362 318 366 318 400"/></Shape>
            <String CONTENT="dixit, filij Det ex lapidibus. Hæc tam inſignis gratiæ" HPOS="317.0" VPOS="362.0" WIDTH="781.0" HEIGHT="72.0" WC="0.9842220898027774"/>
          </TextLine>
          <TextLine ID="line_8" TAGREFS="LT8" BASELINE="320 454 1094 461" HPOS="319.0" VPOS="419.0" WIDTH="775.0" HEIGHT="59.0">
            <Shape><Polygon POINTS="320 454 319 463 383 464 401 473 402 473 403 473 404 473 424 465 439 470 440 470 441 470 485 467 494 474 495 474 496 474 497 474 498 474 516 468 534 474 535 474 536 474 537 474 538 474 546 467 570 475 571 475 572 476 626 476 626 475 627 475 645 467 685 476 789 477 790 477 791 477 812 469 891 478 892 478 962 470 993 476 994 476 1093 474 1094 461 1094 434 1072 424 1071 424 1070 424 1069 424 1047 432 1038 424 1037 424 1036 424 1014 424 1013 424 1012 424 995 432 963 423 962 423 961 423 896 432 874 422 873 422 872 422 831 431 794 422 793 422 792 422 791 422 765 431 719 431 679 421 678 421 677 421 643 430 595 430 587 423 586 423 585 423 584 423 542 429 514 419 513 419 512 419 320 426 320 454"/></Shape>
            <String CONTENT="commendatio, omnes uires, omne Liberum Arb·noᛘ" HPOS="319.0" VPOS="419.0" WIDTH="775.0" HEIGHT="59.0"/>
          </TextLine>
          <TextLine ID="line_9" TAGREFS="LT8" BASELINE="319 503 1096 512" HPOS="319.0" VPOS="465.0" WIDTH="777.0" HEIGHT="68.0">
            <Shape><Polygon POINTS="319 503 319 521 512 517 537 526 538 526 629 527 630 527 631 527 659 519 708 529 709 530 809 530 809 529 848 522 860 529 861 529 862 529 988 531 989 531 990 531 1007 526 1014 532 1015 532 1016 532 1018 533 1034 533 1034 532 1035 532 1036 532 1049 523 1095 523 1096 512 1096 474 1048 474 1047 474 1046 474 1045 474 1027 485 1001 485 984 474 983 474 982 474 981 474 980 474 979 474 964 485 936 485 926 478 925 478 924 478 923 478 922 478 902 484 856 478 855 478 824 481 807 470 806 470 805 470 804 470 735 482 719 477 718 477 717 477 691 481 669 473 668 473 667 473 628 481 610 470 609 470 608 470 607 470 606 470 605 470 592 481 560 481 550 474 549 474 548 474 547 474 517 480 502 467 501 467 500 467 452 467 451 467 450 467 417 479 401 471 400 471 399 471 367 475 354 466 353 466 352 466 319 465 319 503"/></Shape>
            <String CONTENT="ſtrum tollit. Quid enim poteſt mortuus, qui nihil" HPOS="319.0" VPOS="465.0" WIDTH="777.0" HEIGHT="68.0" WC="0.9942670476679899"/>
          </TextLine>
          <TextLine ID="line_10" TAGREFS="LT8" BASELINE="318 554 1096 563" HPOS="318.0" VPOS="517.0" WIDTH="778.0" HEIGHT="64.0">
            <Shape><Polygon POINTS="318 554 319 571 327 567 352 576 353 576 449 577 450 577 451 577 452 577 464 567 490 566 515 576 516 576 517 576 518 576 543 567 572 578 573 578 616 579 617 579 618 579 657 568 699 580 700 580 749 581 750 581 796 574 816 581 817 581 818 581 860 571 1061 578 1062 578 1095 572 1096 563 1093 525 1076 533 1038 525 1037 525 1036 525 1010 533 997 524 996 524 995 524 994 524 993 524 963 532 896 525 895 525 894 525 893 525 884 532 849 532 838 522 837 522 836 522 835 522 756 530 728 521 727 521 726 521 725 521 703 529 675 521 674 521 673 521 672 521 643 529 578 529 491 518 490 518 489 518 466 527 443 527 433 518 432 518 431 518 430 518 399 525 371 517 370 517 369 517 318 524 318 554"/></Shape>
            <String CONTENT="eſt? Quid emortua uulua? quid Iſaac immolandus?" HPOS="318.0" VPOS="517.0" WIDTH="778.0" HEIGHT="64.0" WC="0.987434891944236"/>
          </TextLine>
          <TextLine ID="line_11" TAGREFS="LT8" BASELINE="319 602 1097 614" HPOS="319.0" VPOS="567.0" WIDTH="778.0" HEIGHT="65.0">
            <Shape><Polygon POINTS="319 602 319 621 530 616 550 622 551 622 552 622 591 619 600 626 601 626 602 626 603 626 672 620 746 626 747 626 748 626 749 626 756 620 810 620 822 627 823 627 824 627 825 627 826 627 842 621 864 629 865 629 866 629 867 629 884 623 934 627 935 627 936 627 953 622 962 630 962 631 963 631 964 631 965 631 966 631 989 624 1027 632 1028 632 1096 624 1097 614 1095 580 1082 584 1058 577 1057 577 1056 577 1009 585 997 576 996 576 995 576 958 576 957 576 956 576 938 584 921 575 920 575 918 575 917 575 916 575 905 584 881 576 880 576 879 576 878 576 851 583 822 574 821 574 819 574 818 574 817 574 805 583 790 583 777 572 776 572 775 572 774 572 773 572 772 572 762 581 724 581 711 572 710 572 709 572 708 572 707 572 677 581 666 570 665 570 664 570 663 570 591 578 576 570 575 570 534 568 533 568 463 578 442 578 429 567 428 567 427 567 425 567 424 567 411 575 355 569 354 569 319 575 319 602"/></Shape>
            <String CONTENT="quæ omnia uides in hiſtoria Abrahæ· Fides eſt, quæ" HPOS="319.0" VPOS="567.0" WIDTH="778.0" HEIGHT="65.0"/>
          </TextLine>
          <TextLine ID="line_12" TAGREFS="LT8" BASELINE="317 651 1092 663" HPOS="316.0" VPOS="615.0" WIDTH="776.0" HEIGHT="66.0">
            <Shape><Polygon POINTS="317 651 316 663 331 671 332 671 333 671 371 665 401 672 402 672 403 672 445 666 464 673 465 673 466 673 500 667 509 675 510 675 511 675 512 675 597 671 651 677 652 677 697 670 715 678 716 678 717 678 762 671 781 679 782 679 783 679 829 672 873 680 874 680 875 680 895 673 900 678 900 679 901 679 902 679 903 679 946 675 1090 681 1092 663 1091 637 1030 633 1022 625 1022 624 1021 624 1020 624 1019 624 1018 624 984 634 950 623 949 623 898 622 897 622 841 629 818 621 817 621 816 621 815 621 790 630 756 620 754 620 753 620 752 620 729 632 705 632 680 619 679 619 678 619 638 625 610 618 609 618 608 618 607 618 606 618 592 629 566 624 565 624 454 627 433 615 432 615 431 615 430 615 429 615 397 625 317 625 317 651"/></Shape>
            <String CONTENT="concepit &amp; peperit Iſaac, fides immolabat illum," HPOS="316.0" VPOS="615.0" WIDTH="776.0" HEIGHT="66.0" WC="0.9853680009643236"/>
          </TextLine>
          <TextLine ID="line_13" TAGREFS="LT8" BASELINE="315 700 1097 712" HPOS="314.0" VPOS="666.0" WIDTH="783.0" HEIGHT="65.0">
            <Shape><Polygon POINTS="315 700 314 717 331 721 332 721 333 721 334 721 341 715 387 724 388 724 389 724 406 716 441 716 529 726 530 726 604 720 621 727 622 727 624 727 669 719 690 724 691 724 692 724 693 724 701 720 718 728 719 728 789 729 790 729 791 729 792 729 799 724 814 730 815 730 816 731 880 731 880 730 881 730 882 730 893 723 914 730 915 730 916 730 955 723 1048 729 1049 729 1051 729 1060 725 1082 731 1084 731 1085 731 1086 731 1087 731 1096 724 1097 712 1097 681 1091 676 1090 676 1089 676 1088 676 1087 676 1073 681 995 675 994 675 993 675 973 683 928 673 927 673 926 673 925 673 914 682 870 677 869 677 817 681 789 671 787 671 745 670 744 670 698 679 605 679 591 668 589 668 588 668 532 667 531 667 530 667 529 667 514 676 410 676 386 666 385 666 384 666 315 672 315 700"/></Shape>
            <String CONTENT="ex quo erat poſteritas promiſſa propaganda· Pudeat" HPOS="314.0" VPOS="666.0" WIDTH="783.0" HEIGHT="65.0" WC="0.9943913543224334"/>
          </TextLine>
          <TextLine ID="line_14" TAGREFS="LT8" BASELINE="316 752 1094 762" HPOS="315.0" VPOS="717.0" WIDTH="779.0" HEIGHT="65.0">
            <Shape><Polygon POINTS="316 752 315 764 368 771 369 771 370 771 390 766 407 773 408 773 409 773 472 767 553 776 554 776 555 776 556 776 565 769 612 776 613 776 614 776 635 770 642 777 643 777 644 777 645 777 748 771 789 779 790 780 831 780 831 779 832 779 833 779 842 772 883 779 884 779 885 779 900 773 939 781 940 781 941 781 956 774 1001 781 1002 781 1027 776 1034 782 1035 782 1036 782 1037 782 1093 776 1094 762 1093 735 992 729 991 729 967 733 938 723 937 723 897 723 896 723 895 723 871 732 830 725 829 725 798 731 760 725 759 725 758 725 747 729 704 720 703 720 702 720 678 730 642 730 629 719 628 719 627 719 626 719 568 728 546 719 545 719 544 719 543 719 542 719 530 727 508 718 507 718 506 718 473 722 468 718 468 717 467 717 466 717 420 717 419 717 418 717 395 726 357 717 356 717 355 717 354 717 353 717 342 725 316 720 316 752"/></Shape>
            <String CONTENT="nos noſtræ impietatis, qui tam aperta habemus ex¬" HPOS="315.0" VPOS="717.0" WIDTH="779.0" HEIGHT="65.0" WC="0.9948420463776102"/>
          </TextLine>
          <TextLine ID="line_15" TAGREFS="LT8" BASELINE="316 803 513 801" HPOS="315.0" VPOS="761.0" WIDTH="198.0" HEIGHT="63.0">
            <Shape><Polygon POINTS="316 803 316 814 341 814 355 823 356 823 357 823 358 824 380 824 380 823 381 823 382 823 391 816 412 823 413 823 414 823 415 823 416 823 416 822 421 818 451 822 452 822 453 822 454 822 462 817 475 822 476 822 477 822 478 822 513 811 513 801 512 776 471 761 470 761 431 761 430 761 429 761 418 766 397 762 396 762 395 762 393 762 393 763 382 773 353 770 352 770 315 777 316 803"/></Shape>
            <String CONTENT="empla fidei·" HPOS="315.0" VPOS="761.0" WIDTH="198.0" HEIGHT="63.0"/>
          </TextLine>
        </TextBlock>
        <TextBlock HPOS="478.0" VPOS="824.0" WIDTH="432.0" HEIGHT="62.0" ID="block_4" TAGREFS="BT3518">
          <Shape><Polygon POINTS="478 824 910 824 910 886 478 886 478 824"/></Shape>
          <TextLine ID="line_16" TAGREFS="LT8" BASELINE="484 868 899 873" HPOS="483.0" VPOS="824.0" WIDTH="416.0" HEIGHT="71.0">
            <Shape><Polygon POINTS="804 824 794 824 783 824 773 824 766 824 739 827 730 824 721 824 711 824 708 824 696 832 680 824 680 824 673 824 648 832 630 824 629 824 628 824 627 824 613 828 594 824 587 824 577 824 567 824 564 824 536 839 484 839 484 868 483 875 504 879 513 888 513 889 514 889 515 889 544 890 545 890 546 890 547 890 556 883 568 892 569 892 570 892 571 893 613 893 613 892 614 892 615 892 632 879 699 879 708 887 709 887 710 887 711 887 745 881 759 893 759 894 760 894 761 894 762 895 793 895 793 894 794 894 819 882 842 890 843 890 844 890 898 882 899 873 898 845 878 845 859 826 859 825 858 825 857 825 856 825 815 829 809 824 804 824"/></Shape>
            <String CONTENT="Qui præter ſpem." HPOS="483.0" VPOS="824.0" WIDTH="416.0" HEIGHT="71.0" WC="0.9995015412569046"/>
          </TextLine>
        </TextBlock>
        <TextBlock HPOS="309.0" VPOS="885.0" WIDTH="790.0" HEIGHT="403.0" ID="block_5" TAGREFS="BT3520">
          <Shape><Polygon POINTS="309 885 1099 885 1099 1288 309 1288 309 885"/></Shape>
          <TextLine ID="line_17" TAGREFS="LT8" BASELINE="363 918 1091 928" HPOS="362.0" VPOS="885.0" WIDTH="729.0" HEIGHT="62.0">
            <Shape><Polygon POINTS="757 885 756 885 754 885 717 887 716 887 715 887 715 888 707 895 654 895 559 893 532 885 528 885 517 885 507 885 497 885 486 885 476 885 466 885 455 885 445 885 442 885 437 888 432 885 424 885 418 885 410 888 403 885 393 885 383 885 373 885 363 885 363 918 362 927 384 937 385 937 386 937 387 937 410 929 434 938 435 938 521 939 522 939 523 939 524 939 535 931 570 931 602 936 603 936 645 932 673 941 674 941 675 941 726 934 760 939 761 939 762 939 778 934 799 943 800 943 801 943 862 935 895 941 896 941 897 941 916 936 976 942 977 942 997 938 1018 947 1019 947 1020 947 1090 940 1091 928 1091 900 1060 890 1059 890 1027 889 1026 889 1025 889 1000 897 944 887 943 887 895 897 881 890 880 890 879 890 878 890 864 895 855 887 855 886 854 886 852 886 851 886 800 896 793 891 792 891 791 891 790 891 789 891 772 895 758 885 757 885"/></Shape>
            <String CONTENT="Hæc eſt fidei natura, unde &amp; finitio haberi po¬" HPOS="362.0" VPOS="885.0" WIDTH="729.0" HEIGHT="62.0" WC="0.9845592024478507"/>
          </TextLine>
          <TextLine ID="line_18" TAGREFS="LT8" BASELINE="313 967 1092 980" HPOS="312.0" VPOS="931.0" WIDTH="780.0" HEIGHT="67.0">
            <Shape><Polygon POINTS="313 967 312 980 341 989 342 989 343 989 389 983 403 990 404 990 443 991 444 992 514 992 514 991 515 991 546 983 575 991 576 991 577 991 578 991 595 983 636 983 702 995 703 995 704 995 721 990 763 995 764 995 765 995 766 995 778 986 797 995 798 995 799 995 800 995 801 995 810 987 841 987 859 997 860 997 861 997 862 998 879 998 879 997 880 997 881 997 896 987 940 996 941 996 942 996 943 996 957 988 1090 989 1092 980 1091 954 1041 954 1030 946 1029 946 1028 946 1027 946 1026 946 1025 946 1015 952 972 947 971 947 926 951 917 946 916 946 915 946 914 946 913 946 896 950 880 939 879 939 878 939 877 939 876 939 851 950 818 945 817 945 816 945 803 949 703 936 668 936 667 936 666 936 644 947 611 935 610 935 609 935 608 935 582 946 559 938 557 938 556 938 509 945 499 937 498 937 497 937 443 932 442 932 441 932 407 942 376 931 375 931 337 931 336 931 335 931 313 939 313 967"/></Shape>
            <String CONTENT="teſt certißima, credere in ſpe, præter ſpem, tam conᛘ" HPOS="312.0" VPOS="931.0" WIDTH="780.0" HEIGHT="67.0"/>
          </TextLine>
          <TextLine ID="line_19" TAGREFS="LT8" BASELINE="314 1020 1092 1030" HPOS="314.0" VPOS="985.0" WIDTH="778.0" HEIGHT="59.0">
            <Shape><Polygon POINTS="314 1020 314 1034 340 1029 348 1035 349 1035 350 1035 351 1035 352 1035 353 1035 360 1029 367 1034 368 1034 369 1034 370 1034 467 1030 490 1036 491 1036 493 1036 521 1031 531 1037 532 1037 533 1037 534 1037 611 1032 625 1039 626 1039 787 1041 789 1041 827 1035 859 1042 860 1042 923 1037 955 1043 956 1043 957 1043 977 1037 1013 1044 1014 1044 1091 1037 1092 1030 1092 1002 1076 994 1075 994 1074 994 936 1000 844 999 828 992 827 992 826 992 782 998 732 998 713 990 712 990 711 990 661 996 645 989 644 989 643 989 599 995 587 988 586 988 585 988 523 987 522 987 521 987 503 994 486 988 485 988 484 988 423 993 392 985 391 985 390 985 389 985 370 990 365 985 364 985 363 985 362 985 314 987 314 1020"/></Shape>
            <String CONTENT="ſtanter nos credere oportet, contra omnem naturæ" HPOS="314.0" VPOS="985.0" WIDTH="778.0" HEIGHT="59.0" WC="0.9846569374203682"/>
          </TextLine>
          <TextLine ID="line_20" TAGREFS="LT8" BASELINE="314 1069 1085 1083" HPOS="310" VPOS="1026" WIDTH="774" HEIGHT="73">
            <Shape><Polygon POINTS="312 1068 310 1089 377 1091 386 1082 428 1092 479 1083 570 1095 652 1086 690 1099 1082 1099 1084 1082 1082 1046 1030 1038 1002 1048 993 1038 915 1046 900 1035 847 1035 827 1044 796 1034 756 1043 694 1035 654 1041 569 1029 493 1038 470 1027 411 1037 397 1026 363 1035 343 1026 312 1032 312 1068"/></Shape>
            <String CONTENT="ſenſum, ita, ut ſi Deus ignem frigidum dicat eſſe," HPOS="310" VPOS="1026" WIDTH="774" HEIGHT="73" WC="0.9841932523250579"/>
          </TextLine>
          <TextLine ID="line_21" TAGREFS="LT8" BASELINE="312 1117 1090 1130" HPOS="311.0" VPOS="1083.0" WIDTH="779.0" HEIGHT="62.0">
            <Shape><Polygon POINTS="312 1117 311 1128 374 1136 375 1136 416 1130 432 1137 433 1137 434 1137 529 1132 622 1133 631 1140 632 1140 633 1140 634 1140 635 1140 657 1135 699 1141 700 1141 701 1141 721 1135 740 1142 741 1142 742 1142 743 1142 744 1142 751 1138 893 1144 894 1144 895 1144 896 1144 906 1138 1088 1145 1090 1130 1088 1094 1048 1102 1028 1095 1027 1095 1026 1095 937 1099 928 1092 927 1092 926 1092 925 1092 864 1099 852 1090 851 1090 850 1090 800 1090 799 1090 798 1090 797 1090 785 1097 757 1091 756 1091 754 1091 731 1097 692 1097 672 1087 671 1087 670 1087 627 1095 567 1087 566 1087 565 1087 551 1094 495 1094 483 1084 482 1084 481 1084 433 1084 432 1084 431 1084 409 1091 385 1083 384 1083 383 1083 312 1089 312 1117"/></Shape>
            <String CONTENT="credam ſine controuerſia, tametſi ſecundum naturã" HPOS="311.0" VPOS="1083.0" WIDTH="779.0" HEIGHT="62.0" WC="0.9995669257640839"/>
          </TextLine>
          <TextLine ID="line_22" TAGREFS="LT8" BASELINE="312 1168 1087 1183" HPOS="309" VPOS="1123" WIDTH="777" HEIGHT="76">
            <Shape><Polygon POINTS="310 1167 309 1185 1082 1199 1086 1182 1086 1147 1067 1137 1065 1137 1064 1137 970 1147 954 1137 953 1137 951 1137 949 1137 948 1137 925 1147 875 1147 858 1136 857 1136 855 1136 854 1136 792 1142 765 1131 764 1131 716 1131 714 1131 713 1131 711 1131 697 1142 620 1128 618 1128 617 1128 615 1128 600 1140 544 1140 505 1126 504 1126 502 1126 396 1136 375 1123 374 1123 372 1123 371 1123 310 1125 310 1167"/></Shape>
            <String CONTENT="ſit impoßibile· Muliebria ſuſtinere Sara nõ potuit," HPOS="309" VPOS="1123" WIDTH="777" HEIGHT="76" WC="0.9853085015828793"/>
          </TextLine>
          <TextLine ID="line_23" TAGREFS="LT8" BASELINE="310 1218 1089 1229" HPOS="307" VPOS="1176" WIDTH="780" HEIGHT="86">
            <Shape><Polygon POINTS="309 1216 307 1235 338 1249 382 1236 419 1244 467 1238 504 1255 572 1239 586 1239 601 1256 716 1245 731 1256 739 1256 758 1242 855 1242 874 1259 993 1262 1048 1249 1075 1256 1086 1245 1087 1196 1064 1187 1025 1194 1016 1187 974 1193 891 1184 795 1193 660 1181 618 1190 549 1190 538 1179 532 1179 513 1188 354 1187 332 1176 326 1176 320 1179 309 1216"/></Shape>
            <String CONTENT="tamen præter ſpem, Abraham credidit ſe ex ea ſuſcepᛘ" HPOS="307" VPOS="1176" WIDTH="780" HEIGHT="86"/>
          </TextLine>
          <TextLine ID="line_24" TAGREFS="LT8" BASELINE="310 1268 514 1270" HPOS="309.0" VPOS="1234.0" WIDTH="205.0" HEIGHT="72.0">
            <Shape><Polygon POINTS="310 1268 309 1301 359 1306 360 1306 401 1297 422 1301 423 1301 424 1301 446 1290 513 1290 514 1270 513 1245 467 1241 461 1235 461 1234 460 1234 458 1234 457 1234 418 1235 417 1235 404 1242 398 1237 397 1237 396 1237 395 1237 393 1237 381 1242 310 1239 310 1268"/></Shape>
            <String CONTENT="turum Iſaac·" HPOS="309.0" VPOS="1234.0" WIDTH="205.0" HEIGHT="72.0"/>
          </TextLine>
        </TextBlock>
        <TextBlock HPOS="496.0" VPOS="1289.0" WIDTH="376.0" HEIGHT="64.0" ID="block_6" TAGREFS="BT3518">
          <Shape><Polygon POINTS="496 1289 872 1289 872 1353 496 1353 496 1289"/></Shape>
          <TextLine ID="line_25" TAGREFS="LT8" BASELINE="493 1335 854 1341" HPOS="491.0" VPOS="1290.0" WIDTH="363.0" HEIGHT="68.0">
            <Shape><Polygon POINTS="718 1290 717 1290 709 1290 699 1290 696 1290 695 1290 694 1290 693 1290 674 1303 661 1290 658 1290 647 1290 639 1290 602 1305 561 1290 554 1290 544 1290 534 1290 523 1290 517 1290 500 1305 493 1305 493 1335 491 1351 541 1345 553 1352 554 1352 555 1352 609 1346 617 1354 617 1355 618 1355 619 1355 620 1355 621 1355 636 1348 676 1356 677 1357 697 1357 697 1356 698 1356 699 1356 708 1348 744 1355 745 1355 781 1351 791 1358 792 1358 793 1358 794 1358 852 1354 854 1341 854 1311 758 1300 757 1300 736 1304 719 1291 719 1290 718 1290"/></Shape>
            <String CONTENT="Sic erit ſemen." HPOS="491.0" VPOS="1290.0" WIDTH="363.0" HEIGHT="68.0" WC="0.972833251953125"/>
          </TextLine>
        </TextBlock>
        <TextBlock HPOS="408.0" VPOS="1362.0" WIDTH="566.0" HEIGHT="177.0" ID="block_7" TAGREFS="BT3518">
          <Shape><Polygon POINTS="408 1362 974 1362 974 1539 408 1539 408 1362"/></Shape>
          <TextLine ID="line_26" TAGREFS="LT8" BASELINE="419 1401 966 1410" HPOS="418.0" VPOS="1362.0" WIDTH="548.0" HEIGHT="62.0">
            <Shape><Polygon POINTS="501 1362 500 1362 419 1366 419 1401 418 1414 964 1424 966 1410 963 1371 955 1376 922 1369 921 1369 920 1369 881 1379 863 1368 862 1368 861 1368 860 1368 859 1368 831 1377 803 1367 802 1367 801 1367 800 1367 799 1367 782 1378 731 1378 714 1365 713 1365 712 1365 660 1365 659 1365 658 1365 657 1365 643 1375 593 1375 577 1363 576 1363 575 1363 574 1363 539 1365 538 1365 537 1365 537 1366 530 1373 502 1362 501 1362"/></Shape>
            <String CONTENT="Id eſt, innumerabile, ut ſtellæ cœli·" HPOS="418.0" VPOS="1362.0" WIDTH="548.0" HEIGHT="62.0" WC="0.9879668193894464"/>
          </TextLine>
          <TextLine ID="line_27" TAGREFS="LT8" BASELINE="485 1467 877 1473" HPOS="484.0" VPOS="1415.0" WIDTH="393.0" HEIGHT="76.0">
            <Shape><Polygon POINTS="485 1467 484 1475 528 1476 554 1486 555 1486 556 1486 557 1486 577 1479 648 1479 665 1488 666 1488 667 1488 668 1488 669 1488 680 1480 688 1488 688 1489 690 1489 691 1489 692 1489 693 1489 717 1481 745 1490 746 1490 747 1491 772 1491 772 1490 773 1490 774 1490 774 1489 781 1482 813 1491 814 1491 815 1491 876 1486 877 1473 877 1440 835 1434 834 1434 813 1438 792 1429 791 1429 790 1429 789 1429 775 1434 758 1423 757 1423 756 1423 754 1423 753 1423 752 1423 740 1431 721 1420 720 1420 719 1420 718 1420 717 1420 706 1424 682 1418 681 1418 667 1418 666 1418 665 1418 664 1418 634 1437 616 1437 588 1427 587 1427 586 1427 585 1427 574 1430 552 1415 551 1415 550 1415 485 1415 485 1467"/></Shape>
            <String CONTENT="Non infirmatus." HPOS="484.0" VPOS="1415.0" WIDTH="393.0" HEIGHT="76.0" WC="0.9997621417045593"/>
          </TextLine>
          <TextLine ID="line_28" TAGREFS="LT8" BASELINE="410 1519 767 1526" HPOS="409.0" VPOS="1474.0" WIDTH="358.0" HEIGHT="72.0">
            <Shape><Polygon POINTS="410 1519 409 1532 458 1533 474 1541 475 1541 476 1541 545 1537 665 1545 737 1546 738 1546 739 1546 740 1546 740 1545 746 1540 766 1540 767 1526 766 1486 728 1494 707 1486 706 1486 705 1486 704 1486 687 1494 615 1494 607 1487 606 1487 605 1487 604 1487 564 1492 542 1477 541 1477 540 1477 539 1477 538 1477 490 1490 477 1478 476 1478 475 1478 410 1474 410 1519"/></Shape>
            <String CONTENT="Sed conſtanter credens·" HPOS="409.0" VPOS="1474.0" WIDTH="358.0" HEIGHT="72.0" WC="0.9983540825221849"/>
          </TextLine>
        </TextBlock>
        <TextBlock HPOS="908.0" VPOS="1545.0" WIDTH="182.0" HEIGHT="59.0" ID="block_8" TAGREFS="BT17">
          <Shape><Polygon POINTS="908 1545 1090 1545 1090 1604 908 1604 908 1545"/></Shape>
          <TextLine ID="line_29" TAGREFS="LT8" BASELINE="913 1583 1084 1581" HPOS="912.0" VPOS="1544.0" WIDTH="172.0" HEIGHT="56.0">
            <Shape><Polygon POINTS="1036 1544 1026 1544 1025 1544 1016 1548 1002 1544 995 1544 990 1544 949 1550 928 1544 923 1544 918 1544 912 1549 913 1583 913 1600 1082 1600 1084 1581 1081 1550 1043 1544 1036 1544"/></Shape>
            <String CONTENT="Emortuam" HPOS="912.0" VPOS="1544.0" WIDTH="172.0" HEIGHT="56.0" WC="0.9996755421161652"/>
          </TextLine>
        </TextBlock>
      </PrintSpace>
    </Page>
  </Layout>
</alto>
