<?xml version='1.0' encoding='UTF-8'?>
<alto xmlns:xsi="http://www.w3.org/2001/XMLSchema-instance" xmlns="http://www.loc.gov/standards/alto/ns-v4#" xsi:schemaLocation="http://www.loc.gov/standards/alto/ns-v4# http://www.loc.gov/standards/alto/v4/alto-4-2.xsd">
  <Description>
    <MeasurementUnit>pixel</MeasurementUnit>
    <sourceImageInformation>
      <fileName>10AC1F79_uk4nGb4kRHra4BCd_00025.jpg</fileName>
    </sourceImageInformation>
  </Description>
  <Tags>
    <OtherTag ID="BT7" LABEL="CustomZone" DESCRIPTION="block type CustomZone"/><OtherTag ID="BT8" LABEL="DamageZone" DESCRIPTION="block type DamageZone"/><OtherTag ID="BT9" LABEL="DigitizationArtefactZone" DESCRIPTION="block type DigitizationArtefactZone"/><OtherTag ID="BT10" LABEL="DropCapitalZone" DESCRIPTION="block type DropCapitalZone"/><OtherTag ID="BT11" LABEL="GraphicZone" DESCRIPTION="block type GraphicZone"/><OtherTag ID="BT12" LABEL="MainZone" DESCRIPTION="block type MainZone"/><OtherTag ID="BT13" LABEL="MarginTextZone" DESCRIPTION="block type MarginTextZone"/><OtherTag ID="BT14" LABEL="MusicZone" DESCRIPTION="block type MusicZone"/><OtherTag ID="BT15" LABEL="NumberingZone" DESCRIPTION="block type NumberingZone"/><OtherTag ID="BT17" LABEL="QuireMarksZone" DESCRIPTION="block type QuireMarksZone"/><OtherTag ID="BT18" LABEL="RunningTitleZone" DESCRIPTION="block type RunningTitleZone"/><OtherTag ID="BT19" LABEL="SealZone" DESCRIPTION="block type SealZone"/><OtherTag ID="BT20" LABEL="StampZone" DESCRIPTION="block type StampZone"/><OtherTag ID="BT21" LABEL="TableZone" DESCRIPTION="block type TableZone"/><OtherTag ID="BT22" LABEL="TitlePageZone" DESCRIPTION="block type TitlePageZone"/><OtherTag ID="BT3517" LABEL="MainZone-Continued" DESCRIPTION="block type MainZone-Continued"/><OtherTag ID="BT3518" LABEL="MainZone-Head" DESCRIPTION="block type MainZone-Head"/><OtherTag ID="BT3519" LABEL="MarginTextZone-Notes" DESCRIPTION="block type MarginTextZone-Notes"/><OtherTag ID="BT3520" LABEL="MainZone-P" DESCRIPTION="block type MainZone-P"/><OtherTag ID="BT3715" LABEL="text" DESCRIPTION="block type text"/>
    <OtherTag ID="LT7" LABEL="CustomLine" DESCRIPTION="line type CustomLine"/><OtherTag ID="LT8" LABEL="DefaultLine" DESCRIPTION="line type DefaultLine"/><OtherTag ID="LT9" LABEL="DropCapitalLine" DESCRIPTION="line type DropCapitalLine"/><OtherTag ID="LT10" LABEL="HeadingLine" DESCRIPTION="line type HeadingLine"/><OtherTag ID="LT11" LABEL="InterlinearLine" DESCRIPTION="line type InterlinearLine"/><OtherTag ID="LT12" LABEL="MusicLine" DESCRIPTION="line type MusicLine"/><OtherTag ID="LT1349" LABEL="default" DESCRIPTION="line type default"/>
  </Tags>
  <Layout>
    <Page WIDTH="1202" HEIGHT="1854" PHYSICAL_IMG_NR="7" ID="eSc_dummypage_">
      <PrintSpace HPOS="0" VPOS="0" WIDTH="1202" HEIGHT="1854">
        <TextBlock HPOS="133" VPOS="92" WIDTH="672" HEIGHT="55" ID="block_1" TAGREFS="BT18">
          <Shape><Polygon POINTS="805 94 803 141 133 147 133 92"/></Shape>
          <TextLine ID="line_1" TAGREFS="LT8" BASELINE="145 132 802 125" HPOS="231" VPOS="92" WIDTH="571" HEIGHT="62">
            <Shape><Polygon POINTS="789 150 787 150 723 151 721 151 697 139 660 139 650 147 650 148 646 148 635 143 624 152 622 152 576 153 573 153 563 146 553 151 549 151 544 147 537 153 535 153 476 154 473 154 456 141 426 152 422 152 405 141 356 141 337 150 332 150 325 144 305 149 302 149 282 142 232 142 232 130 231 92 273 92 290 97 363 92 430 92 441 100 520 100 528 92 606 92 610 95 620 92 658 92 674 95 677 92 690 92 693 94 695 92 719 92 727 94 731 92 794 92 798 94 802 93 802 142"/></Shape>
            <String CONTENT="IN EPIST· AD ROM·" HPOS="231" VPOS="92" WIDTH="571" HEIGHT="62"/>
          </TextLine>
        </TextBlock>
        <TextBlock HPOS="809" VPOS="93" WIDTH="51" HEIGHT="55" ID="block_2" TAGREFS="BT15">
          <Shape><Polygon POINTS="860 93 860 148 809 148 809 93"/></Shape>
          <TextLine ID="line_2" TAGREFS="LT8" BASELINE="814 125 847 125" HPOS="814" VPOS="125" WIDTH="33" HEIGHT="0">
            <String CONTENT="4" HPOS="814" VPOS="125" WIDTH="33" HEIGHT="0"/>
          </TextLine>
        </TextBlock>
        <TextBlock HPOS="232" VPOS="157" WIDTH="450" HEIGHT="109" ID="block_3" TAGREFS="BT3518">
          <Shape><Polygon POINTS="682 157 682 266 232 266 232 157"/></Shape>
          <TextLine ID="line_3" TAGREFS="LT8" BASELINE="235 260 672 251" HPOS="255" VPOS="155" WIDTH="421" HEIGHT="115">
            <Shape><Polygon POINTS="269 270 332 270 332 269 334 269 335 269 335 268 341 263 358 269 359 269 360 269 399 263 445 269 446 269 447 269 471 259 541 259 565 268 566 268 568 268 626 260 637 268 638 268 639 268 640 268 672 267 672 251 676 161 647 163 644 158 641 169 614 164 585 160 579 155 574 158 556 158 542 166 539 159 540 162 537 164 518 164 468 175 447 169 433 169 416 169 349 170 341 163 255 164 269 253"/></Shape>
            <String CONTENT="CAP .I." HPOS="255" VPOS="155" WIDTH="421" HEIGHT="115"/>
          </TextLine>
        </TextBlock>
        <TextBlock HPOS="73" VPOS="332" WIDTH="780" HEIGHT="160" ID="block_4" TAGREFS="BT3520">
          <Shape><Polygon POINTS="853 332 853 492 73 492 73 332"/></Shape>
          <TextLine ID="line_4" TAGREFS="LT8" BASELINE="174 372 846 366" HPOS="173" VPOS="332" WIDTH="673" HEIGHT="59">
            <Shape><Polygon POINTS="802 332 791 332 781 332 771 332 760 332 750 332 740 332 729 332 720 332 714 338 703 332 698 332 689 332 677 336 671 332 668 332 657 332 647 332 637 332 626 332 616 332 612 332 590 339 516 335 515 335 514 335 495 340 480 332 479 332 478 332 441 340 399 332 398 332 397 332 396 332 384 341 329 333 328 333 327 333 326 333 314 341 302 333 301 333 299 333 298 333 297 333 280 339 268 335 266 335 265 335 264 335 263 335 252 344 219 344 207 335 206 335 205 335 204 335 203 335 173 344 174 372 174 384 355 391 356 391 357 391 358 391 368 384 389 391 390 391 391 391 470 390 505 382 512 388 513 388 514 388 515 388 582 383 606 389 607 389 608 389 609 389 638 380 726 388 727 388 728 388 729 388 729 387 737 381 769 384 770 384 771 384 786 379 806 387 807 387 808 387 809 387 823 381 843 387 846 366 844 338 805 332 802 332"/></Shape>
            <String CONTENT="Oc nomen Paulo poſt conuerſionem famliare" HPOS="173" VPOS="332" WIDTH="673" HEIGHT="59"/>
          </TextLine>
          <TextLine ID="line_5" TAGREFS="LT8" BASELINE="195 429 847 418" HPOS="79" VPOS="380" WIDTH="768" HEIGHT="72">
            <Shape><Polygon POINTS="80 438 170 437 231 452 221 449 222 443 249 443 283 448 284 448 285 448 286 448 296 439 314 448 315 448 316 448 317 448 318 448 334 436 388 443 389 443 390 443 391 443 399 436 415 442 416 442 417 442 418 442 438 435 450 445 451 445 452 445 453 445 499 436 566 444 568 444 569 444 610 434 648 443 649 443 650 443 750 442 751 442 777 432 815 438 816 438 817 438 847 429 847 418 845 390 815 389 803 380 802 380 800 380 799 380 757 382 756 382 755 382 741 391 613 382 612 382 611 382 610 382 593 392 571 383 570 383 569 383 528 391 518 383 517 383 516 383 498 383 497 383 496 383 461 394 426 388 425 388 377 394 363 385 362 385 361 385 342 385 341 385 278 386 277 386 276 386 263 395 231 390 230 390 173 395 79 398 80 429"/></Shape>
            <String CONTENT="erat, ſiquidem Gentibus familiarius quiddam" HPOS="79" VPOS="380" WIDTH="768" HEIGHT="72"/>
          </TextLine>
          <TextLine ID="line_6" TAGREFS="LT8" BASELINE="75 476 457 471" HPOS="74" VPOS="432" WIDTH="383" HEIGHT="70">
            <Shape><Polygon POINTS="75 476 75 498 113 502 114 502 115 502 116 502 116 501 128 490 160 490 185 501 186 501 187 501 215 496 223 501 224 501 225 501 226 501 276 500 277 500 278 500 278 499 285 493 301 500 302 500 303 500 326 498 327 498 328 498 328 497 340 486 388 486 411 492 412 492 413 492 414 492 415 492 415 491 416 491 420 486 456 486 457 471 455 441 392 432 391 432 390 432 389 432 377 442 352 436 351 436 350 436 349 436 325 442 293 434 292 434 291 434 290 434 289 434 277 443 228 443 214 435 213 435 212 435 190 435 189 435 188 435 187 435 174 444 105 436 104 436 103 436 74 444 75 476"/></Shape>
            <String CONTENT="eſt Paulus, quàm Saulus·" HPOS="74" VPOS="432" WIDTH="383" HEIGHT="70" WC="0.9571315670013427"/>
          </TextLine>
        </TextBlock>
        <TextBlock HPOS="83" VPOS="334" WIDTH="89" HEIGHT="108" ID="block_5" TAGREFS="BT10">
          <Shape><Polygon POINTS="172 334 172 442 83 442 83 334"/></Shape>
          <TextLine ID="line_7" TAGREFS="LT8" BASELINE="91 438 114 436 168 433" HPOS="86" VPOS="403" WIDTH="81" HEIGHT="40">
            <Shape><Polygon POINTS="89 437 89 443 165 440 167 432 163 403 86 403 89 437"/></Shape>
            <String CONTENT="H" HPOS="86" VPOS="403" WIDTH="81" HEIGHT="40"/>
          </TextLine>
        </TextBlock>
        <TextBlock HPOS="329" VPOS="270" WIDTH="209" HEIGHT="61" ID="block_6" TAGREFS="BT3518">
          <Shape><Polygon POINTS="538 270 538 331 329 331 329 270"/></Shape>
          <TextLine ID="line_8" TAGREFS="LT8" BASELINE="337 321 527 318" HPOS="336" VPOS="269" WIDTH="191" HEIGHT="69">
            <Shape><Polygon POINTS="441 269 440 269 439 269 438 269 410 282 382 269 377 269 366 269 356 269 346 269 342 269 336 276 337 321 337 331 378 338 379 338 411 331 456 337 457 337 527 332 527 318 525 286 485 286 465 277 464 277 463 277 462 277 461 277 457 281 442 269 441 269"/></Shape>
            <String CONTENT="Paulus." HPOS="336" VPOS="269" WIDTH="191" HEIGHT="69"/>
          </TextLine>
        </TextBlock>
        <TextBlock HPOS="72" VPOS="549" WIDTH="782" HEIGHT="409" ID="block_7" TAGREFS="BT3520">
          <Shape><Polygon POINTS="854 549 854 958 72 958 72 549"/></Shape>
          <TextLine ID="line_9" TAGREFS="LT8" BASELINE="129 592 847 582" HPOS="128" VPOS="550" WIDTH="719" HEIGHT="61">
            <Shape><Polygon POINTS="809 550 798 550 788 550 778 550 768 550 757 550 747 550 737 550 726 550 720 550 703 552 699 550 695 550 685 550 675 550 664 553 660 550 654 550 644 550 633 550 623 550 613 550 603 550 592 550 582 550 572 550 561 550 551 550 541 550 537 550 525 555 495 550 489 550 479 550 470 550 431 556 422 550 417 550 407 550 396 550 386 550 376 550 365 550 364 550 334 553 299 550 293 550 283 550 282 550 255 556 232 551 231 551 230 551 229 551 206 559 128 557 129 592 129 603 151 603 158 609 159 609 160 609 161 609 241 602 253 610 254 610 255 610 256 611 287 611 287 610 288 610 324 601 351 609 352 609 353 609 354 609 391 600 447 608 448 608 449 608 478 599 578 606 579 606 580 606 612 597 631 602 632 602 633 602 635 602 649 597 655 603 656 603 657 603 658 603 709 597 750 604 751 604 846 596 847 582 845 552 815 550 809 550"/></Shape>
            <String CONTENT="De miniſterio ſuo loquitur, ipſi enim commiſſum" HPOS="128" VPOS="550" WIDTH="719" HEIGHT="61" WC="0.9814345126456403"/>
          </TextLine>
          <TextLine ID="line_10" TAGREFS="LT8" BASELINE="75 641 845 631" HPOS="74" VPOS="594" WIDTH="771" HEIGHT="66">
            <Shape><Polygon POINTS="75 641 75 653 157 660 158 660 159 660 160 660 173 651 234 651 254 659 255 659 256 659 257 659 258 659 265 654 297 659 298 659 359 650 376 657 377 657 378 657 379 657 397 650 416 656 417 656 418 656 495 649 535 656 536 656 537 656 552 650 633 654 635 654 636 654 646 648 708 653 709 653 710 653 729 645 802 651 803 651 845 642 845 631 843 602 802 594 800 594 799 594 763 604 713 604 690 595 689 595 688 595 687 595 669 604 619 596 618 596 617 596 616 596 605 605 573 601 572 601 505 606 489 598 488 598 465 598 464 598 463 598 462 598 462 599 452 607 391 606 384 599 383 599 382 599 381 599 326 600 325 600 324 600 314 608 273 601 272 601 271 601 270 601 255 610 220 610 184 604 183 604 154 610 122 603 121 603 74 603 75 641"/></Shape>
            <String CONTENT="erat munus Apoſtolicum·Ne uero hic tantum ſer¬" HPOS="74" VPOS="594" WIDTH="771" HEIGHT="66"/>
          </TextLine>
          <TextLine ID="line_11" TAGREFS="LT8" BASELINE="76 691 849 682" HPOS="75" VPOS="645" WIDTH="774" HEIGHT="65">
            <Shape><Polygon POINTS="76 691 76 705 126 703 151 708 152 708 198 702 207 708 208 708 209 708 210 708 211 708 229 702 241 709 242 709 243 709 244 710 269 710 269 709 270 709 286 702 315 708 316 708 365 700 409 707 410 707 466 699 543 706 544 706 609 699 619 705 620 705 621 705 622 705 848 698 849 682 847 656 795 656 783 645 782 645 781 645 764 645 763 645 762 645 761 645 750 656 725 646 724 646 723 646 722 646 695 656 662 646 661 646 660 646 626 651 558 647 557 647 516 657 474 648 473 648 472 648 471 648 458 659 382 649 381 649 335 661 249 661 232 653 231 653 230 653 229 653 210 658 198 653 197 653 196 653 129 662 107 653 106 653 105 653 104 653 75 663 76 691"/></Shape>
            <String CONTENT="uum intelliges, eum qui colit Chriſtũ, qualis eſt omᛘ" HPOS="75" VPOS="645" WIDTH="774" HEIGHT="65"/>
          </TextLine>
          <TextLine ID="line_12" TAGREFS="LT8" BASELINE="77 741 855 734" HPOS="76" VPOS="697" WIDTH="779" HEIGHT="63">
            <Shape><Polygon POINTS="77 741 77 752 170 757 171 757 204 751 215 760 216 760 217 760 218 760 219 760 220 760 235 751 292 751 307 759 308 759 309 760 349 760 349 759 350 759 351 759 359 751 409 749 513 758 514 758 515 758 535 750 542 757 543 757 544 757 545 758 580 758 580 757 581 757 604 748 613 757 614 757 615 757 616 758 632 758 632 757 730 756 731 756 747 748 798 753 799 753 800 753 802 753 810 746 827 751 828 751 829 751 855 745 855 734 851 698 820 708 776 708 744 697 743 697 742 697 741 697 706 708 676 698 675 698 674 698 673 698 631 709 606 701 605 701 604 701 603 701 587 707 572 699 571 699 529 699 528 699 527 699 526 699 513 711 494 711 483 702 482 702 481 702 480 702 479 702 478 702 465 710 435 706 433 706 409 711 366 701 365 701 364 701 363 701 340 712 296 713 264 713 244 702 243 702 188 702 187 702 186 702 142 713 76 706 77 741"/></Shape>
            <String CONTENT="nis Chriſtianus, ſed eum qui legatione fungitur, ad" HPOS="76" VPOS="697" WIDTH="779" HEIGHT="63" WC="0.9817615560456818"/>
          </TextLine>
          <TextLine ID="line_13" TAGREFS="LT8" BASELINE="79 794 854 784" HPOS="78" VPOS="746" WIDTH="776" HEIGHT="68">
            <Shape><Polygon POINTS="79 794 79 811 109 807 127 814 128 814 129 814 130 814 165 804 221 808 222 808 252 803 314 803 323 809 324 809 325 809 326 809 327 809 345 802 371 803 380 811 381 811 382 811 383 811 492 810 493 810 494 810 502 804 526 809 527 809 528 809 552 800 574 800 588 808 589 808 590 808 591 808 592 808 619 799 633 808 635 808 636 808 637 809 668 809 668 808 669 808 670 808 685 798 705 807 706 807 707 808 766 808 766 807 804 805 805 805 820 797 835 804 836 804 837 804 838 804 854 798 854 784 852 756 770 746 769 746 679 757 531 749 530 749 529 749 507 759 425 754 424 754 423 754 406 760 392 751 391 751 390 751 350 751 349 751 348 751 334 759 312 753 311 753 310 753 309 753 293 761 257 752 256 752 255 752 223 762 141 754 140 754 78 763 79 794"/></Shape>
            <String CONTENT="prædicandum Verbũ, qui ad id uocatus eſt à Deo," HPOS="78" VPOS="746" WIDTH="776" HEIGHT="68" WC="0.9945287418365478"/>
          </TextLine>
          <TextLine ID="line_14" TAGREFS="LT8" BASELINE="78 842 856 834" HPOS="77" VPOS="796" WIDTH="779" HEIGHT="61">
            <Shape><Polygon POINTS="78 842 78 857 855 847 856 834 852 796 822 805 805 798 804 798 803 798 779 802 761 797 760 797 759 797 758 797 757 797 743 807 653 807 615 799 614 799 613 799 612 799 602 807 495 800 494 800 493 800 492 800 479 808 455 803 454 803 453 803 438 809 379 801 378 801 377 801 357 808 340 803 339 803 338 803 305 809 279 802 278 802 277 802 234 803 232 803 231 803 224 809 209 803 208 803 207 803 206 803 172 813 121 813 114 806 113 806 112 806 111 806 110 806 109 806 99 812 77 810 78 842"/></Shape>
            <String CONTENT="ut tantum ſit legatus Verbi·Per hoc damnans eos, qui" HPOS="77" VPOS="796" WIDTH="779" HEIGHT="61"/>
          </TextLine>
          <TextLine ID="line_15" TAGREFS="LT8" BASELINE="81 893 853 885" HPOS="80" VPOS="848" WIDTH="773" HEIGHT="66">
            <Shape><Polygon POINTS="81 893 82 914 114 906 174 913 175 913 176 913 196 905 251 912 252 913 301 913 301 912 302 912 303 912 311 905 325 911 326 911 327 911 388 906 396 910 397 910 398 910 399 910 417 904 437 910 438 910 439 910 440 910 454 903 851 904 853 885 851 855 815 848 814 848 813 848 783 856 770 848 769 848 768 848 742 848 741 848 740 848 710 859 639 859 622 851 621 851 620 851 619 851 596 860 487 860 480 853 479 853 478 853 477 853 476 853 466 859 458 853 457 853 456 853 455 853 410 860 394 853 393 853 392 853 318 861 310 854 309 854 308 854 269 853 268 853 266 853 265 853 255 863 182 863 169 854 168 854 167 854 165 854 80 856 81 893"/></Shape>
            <String CONTENT="ſua ſponte ſe ingerunt, &amp; currunt non mißi, ſua" HPOS="80" VPOS="848" WIDTH="773" HEIGHT="66" WC="0.9982511921131865"/>
          </TextLine>
          <TextLine ID="line_16" TAGREFS="LT8" BASELINE="78 942 665 936" HPOS="77" VPOS="902" WIDTH="588" HEIGHT="62">
            <Shape><Polygon POINTS="78 942 78 964 137 964 137 963 138 963 161 954 258 962 259 962 260 962 261 962 261 960 269 954 278 960 279 960 280 960 281 962 322 962 322 960 323 960 324 960 335 952 374 951 523 958 524 958 525 958 542 952 549 957 550 957 551 957 552 957 553 957 554 957 568 949 576 953 577 953 578 953 665 947 665 936 662 903 632 907 573 902 572 902 571 902 570 902 559 911 541 905 540 905 539 905 538 905 518 911 468 903 466 903 465 903 444 913 392 913 371 904 370 904 369 904 368 904 347 913 273 905 272 905 271 905 270 905 270 906 259 914 188 909 187 909 155 915 112 908 111 908 77 915 78 942"/></Shape>
            <String CONTENT="quærentes· Exponit uero hoc cum dicit" HPOS="77" VPOS="902" WIDTH="588" HEIGHT="62"/>
          </TextLine>
        </TextBlock>
        <TextBlock HPOS="339" VPOS="494" WIDTH="218" HEIGHT="53" ID="block_8" TAGREFS="BT3518">
          <Shape><Polygon POINTS="557 494 557 547 339 547 339 494"/></Shape>
          <TextLine ID="line_17" TAGREFS="LT8" BASELINE="345 536 550 534" HPOS="344" VPOS="494" WIDTH="206" HEIGHT="57">
            <Shape><Polygon POINTS="498 494 488 494 478 494 468 494 462 494 433 498 425 494 424 494 423 494 422 494 421 494 421 495 417 499 410 495 409 495 408 495 407 495 386 506 369 500 368 500 366 500 365 500 344 509 345 536 345 543 374 551 375 551 428 544 444 551 445 551 446 551 488 543 549 548 550 534 548 509 521 509 504 494 498 494"/></Shape>
            <String CONTENT="Seruus," HPOS="344" VPOS="494" WIDTH="206" HEIGHT="57" WC="0.9993427310671125"/>
          </TextLine>
        </TextBlock>
        <TextBlock HPOS="858" VPOS="528" WIDTH="211" HEIGHT="166" ID="block_9" TAGREFS="BT3519">
          <Shape><Polygon POINTS="1069 528 1069 694 858 694 858 528"/></Shape>
          <TextLine ID="line_18" TAGREFS="LT8" BASELINE="861 569 1059 567" HPOS="860" VPOS="531" WIDTH="199" HEIGHT="60">
            <Shape><Polygon POINTS="861 569 862 591 883 582 955 589 956 589 957 589 958 589 965 584 973 590 974 590 975 590 976 591 1013 591 1013 590 1014 590 1015 590 1027 581 1058 584 1059 567 1057 540 987 533 986 533 985 533 958 540 927 531 926 531 925 531 924 531 907 538 890 531 889 531 888 531 860 531 861 569"/></Shape>
            <String CONTENT="Seruus quo¬" HPOS="860" VPOS="531" WIDTH="199" HEIGHT="60" WC="0.9991015087474476"/>
          </TextLine>
          <TextLine ID="line_19" TAGREFS="LT8" BASELINE="861 619 1057 621" HPOS="860" VPOS="580" WIDTH="197" HEIGHT="63">
            <Shape><Polygon POINTS="861 619 860 639 950 632 960 641 960 642 961 642 962 642 963 643 1015 643 1015 642 1016 642 1017 642 1017 641 1025 633 1056 632 1057 621 1056 581 1008 581 1007 581 1006 581 988 590 947 590 932 580 931 580 930 580 912 580 911 580 910 580 909 580 898 589 861 588 861 619"/></Shape>
            <String CONTENT="modo accipi¬" HPOS="860" VPOS="580" WIDTH="197" HEIGHT="63" WC="0.9983744124571482"/>
          </TextLine>
          <TextLine ID="line_20" TAGREFS="LT8" BASELINE="861 672 987 667" HPOS="859" VPOS="624" WIDTH="128" HEIGHT="70">
            <Shape><Polygon POINTS="861 672 861 694 914 685 987 690 987 667 985 634 948 634 938 625 938 624 937 624 936 624 935 624 933 624 932 624 932 625 926 630 910 625 909 625 908 625 859 632 861 672"/></Shape>
            <String CONTENT="endum·" HPOS="859" VPOS="624" WIDTH="128" HEIGHT="70" WC="0.990654319524765"/>
          </TextLine>
        </TextBlock>
        <TextBlock HPOS="303" VPOS="963" WIDTH="315" HEIGHT="51" ID="block_10" TAGREFS="BT3518">
          <Shape><Polygon POINTS="618 963 618 1014 303 1014 303 963"/></Shape>
          <TextLine ID="line_21" TAGREFS="LT8" BASELINE="305 1002 603 999" HPOS="304" VPOS="963" WIDTH="299" HEIGHT="61">
            <Shape><Polygon POINTS="530 963 520 963 510 963 499 963 498 963 493 967 365 967 364 967 363 967 362 967 344 978 304 978 305 1002 305 1012 348 1021 349 1021 350 1021 361 1015 377 1024 378 1024 379 1024 380 1024 408 1023 409 1023 410 1023 410 1022 422 1011 439 1013 448 1022 448 1023 449 1023 450 1023 451 1024 498 1024 498 1023 499 1023 525 1010 581 1010 601 1018 603 999 601 976 577 976 563 964 562 964 561 964 531 963 530 963"/></Shape>
            <String CONTENT="Segregatus." HPOS="304" VPOS="963" WIDTH="299" HEIGHT="61"/>
          </TextLine>
        </TextBlock>
        <TextBlock HPOS="75" VPOS="1015" WIDTH="791" HEIGHT="511" ID="block_11" TAGREFS="BT3520">
          <Shape><Polygon POINTS="866 1015 866 1526 75 1526 75 1015"/></Shape>
          <TextLine ID="line_22" TAGREFS="LT8" BASELINE="128 1059 862 1048" HPOS="127" VPOS="1015" WIDTH="735" HEIGHT="62">
            <Shape><Polygon POINTS="859 1015 849 1015 839 1015 828 1015 818 1015 808 1015 797 1015 787 1015 777 1015 766 1015 762 1015 757 1019 709 1019 687 1015 684 1015 674 1015 663 1015 662 1015 650 1021 611 1021 604 1015 602 1015 591 1015 584 1015 573 1018 547 1015 540 1015 529 1015 524 1015 513 1021 485 1015 478 1015 477 1015 460 1023 448 1015 447 1015 446 1015 445 1015 444 1015 417 1023 355 1016 354 1016 353 1016 337 1024 321 1017 320 1017 275 1017 274 1017 273 1017 272 1017 259 1026 224 1021 223 1021 184 1026 173 1021 172 1021 171 1021 170 1021 169 1021 163 1026 152 1020 151 1020 150 1020 149 1020 127 1028 128 1059 129 1075 150 1070 175 1077 176 1077 177 1077 221 1076 222 1076 241 1068 259 1076 260 1076 261 1076 337 1066 371 1074 372 1074 373 1074 456 1073 457 1073 477 1063 509 1072 510 1072 511 1072 512 1072 527 1065 551 1071 552 1071 553 1071 554 1071 555 1071 555 1070 564 1061 594 1061 727 1069 728 1069 729 1069 752 1060 773 1068 774 1068 775 1068 776 1068 795 1058 831 1067 832 1067 833 1067 862 1057 862 1048 860 1015 859 1015"/></Shape>
            <String CONTENT="Non profecto uulgaris hæc eſt uocatio· q· d· Nõ" HPOS="127" VPOS="1015" WIDTH="735" HEIGHT="62"/>
          </TextLine>
          <TextLine ID="line_23" TAGREFS="LT8" BASELINE="78 1112 358 1104 853 1099" HPOS="77" VPOS="1059" WIDTH="776" HEIGHT="72">
            <Shape><Polygon POINTS="78 1112 78 1131 139 1131 139 1130 140 1130 171 1120 235 1128 236 1128 237 1128 238 1128 250 1118 290 1118 340 1123 341 1123 342 1123 343 1123 353 1117 411 1117 422 1125 423 1125 424 1125 425 1125 426 1125 450 1119 478 1125 479 1125 480 1125 481 1125 497 1115 549 1124 550 1124 551 1124 587 1114 611 1123 612 1123 613 1123 656 1114 690 1122 691 1122 692 1122 693 1122 735 1112 759 1120 760 1120 761 1121 800 1121 800 1120 802 1120 823 1112 852 1117 853 1099 851 1069 786 1059 785 1059 784 1059 752 1070 693 1060 692 1060 653 1061 652 1061 635 1071 609 1063 608 1063 607 1063 606 1063 591 1070 573 1062 572 1062 571 1062 570 1062 569 1062 553 1073 507 1073 488 1063 487 1063 486 1063 409 1075 350 1066 349 1066 348 1066 347 1066 332 1076 274 1068 273 1068 272 1068 250 1078 181 1078 162 1069 161 1069 160 1069 159 1069 125 1079 77 1077 78 1112"/></Shape>
            <String CONTENT="paßim omnibus eſt commiſſum, ſed quibuſdam ſaltẽ," HPOS="77" VPOS="1059" WIDTH="776" HEIGHT="72" WC="0.9844825494289399"/>
          </TextLine>
          <TextLine ID="line_24" TAGREFS="LT8" BASELINE="78 1160 419 1153 834 1148 861 1155" HPOS="75" VPOS="1107" WIDTH="785" HEIGHT="73">
            <Shape><Polygon POINTS="77 1158 77 1171 145 1180 198 1169 259 1177 264 1177 273 1169 301 1178 315 1168 360 1178 423 1178 454 1166 512 1175 623 1168 657 1174 672 1166 689 1172 736 1163 858 1168 860 1154 858 1118 818 1118 807 1107 799 1107 784 1117 696 1109 651 1120 581 1112 561 1120 549 1112 541 1112 533 1121 193 1115 171 1124 143 1118 136 1127 75 1127 77 1158"/></Shape>
            <String CONTENT="ut prædicent Euangelium· Ego (ut in Act· habe¬" HPOS="75" VPOS="1107" WIDTH="785" HEIGHT="73"/>
          </TextLine>
          <TextLine ID="line_25" TAGREFS="LT8" BASELINE="78 1211 853 1198" HPOS="77" VPOS="1159" WIDTH="776" HEIGHT="69">
            <Shape><Polygon POINTS="78 1211 78 1223 141 1228 142 1228 143 1228 144 1228 153 1221 184 1221 204 1227 205 1227 206 1227 240 1220 270 1226 271 1226 308 1219 329 1225 330 1225 331 1225 332 1225 353 1218 366 1223 368 1223 369 1223 409 1217 438 1222 439 1222 440 1222 465 1216 499 1222 501 1222 502 1222 503 1222 514 1215 593 1214 627 1220 628 1220 669 1215 722 1219 723 1219 724 1219 725 1219 733 1214 780 1218 781 1218 782 1218 783 1218 792 1211 852 1216 853 1198 851 1171 820 1171 803 1159 802 1159 800 1159 799 1159 798 1159 797 1159 781 1172 755 1172 724 1160 723 1160 722 1160 721 1160 720 1160 700 1173 679 1173 663 1162 662 1162 661 1162 660 1162 659 1162 639 1170 611 1162 610 1162 609 1162 608 1162 607 1162 591 1175 550 1175 543 1169 542 1169 541 1169 540 1169 519 1173 496 1164 495 1164 494 1164 493 1164 492 1164 480 1176 464 1176 447 1165 446 1165 445 1165 444 1165 364 1172 336 1166 335 1166 334 1166 309 1176 297 1168 296 1168 295 1168 271 1168 270 1168 222 1170 221 1170 220 1170 204 1180 113 1174 112 1174 77 1182 78 1211"/></Shape>
            <String CONTENT="tur) inquit, ſeorſum in hoc à Deo electus ſum, hæc" HPOS="77" VPOS="1159" WIDTH="776" HEIGHT="69" WC="0.9957049594205969"/>
          </TextLine>
          <TextLine ID="line_26" TAGREFS="LT8" BASELINE="78 1261 492 1253 857 1251" HPOS="77" VPOS="1210" WIDTH="780" HEIGHT="69">
            <Shape><Polygon POINTS="78 1261 78 1271 131 1279 132 1279 134 1279 153 1271 202 1278 203 1278 244 1269 340 1276 341 1276 342 1276 343 1276 353 1267 379 1267 423 1267 430 1275 431 1275 432 1275 433 1275 531 1273 532 1273 551 1265 571 1272 572 1272 573 1272 608 1264 671 1272 672 1272 706 1264 735 1271 736 1271 768 1264 786 1269 787 1269 788 1269 842 1263 854 1267 857 1251 856 1216 832 1210 831 1210 830 1210 789 1211 788 1211 760 1221 678 1222 595 1218 594 1218 564 1223 530 1214 529 1214 528 1214 471 1215 470 1215 433 1226 394 1226 384 1218 383 1218 382 1218 381 1218 380 1218 362 1226 335 1217 334 1217 332 1217 331 1217 293 1227 266 1218 265 1218 264 1218 263 1218 250 1223 212 1219 211 1219 210 1219 190 1229 138 1229 124 1220 123 1220 122 1220 121 1220 77 1225 78 1261"/></Shape>
            <String CONTENT="eſt mea ſeruitus, hæc mea functio, &amp; meus Apoſtolaᛘ" HPOS="77" VPOS="1210" WIDTH="780" HEIGHT="69"/>
          </TextLine>
          <TextLine ID="line_27" TAGREFS="LT8" BASELINE="78 1312 855 1299" HPOS="77" VPOS="1261" WIDTH="778" HEIGHT="67">
            <Shape><Polygon POINTS="78 1312 78 1324 131 1322 153 1328 154 1328 155 1328 156 1328 157 1328 169 1321 205 1328 206 1328 207 1328 208 1328 222 1318 309 1318 318 1323 319 1323 320 1323 321 1323 402 1316 437 1316 463 1324 464 1324 465 1324 466 1324 501 1315 514 1323 515 1323 516 1323 517 1323 588 1322 589 1322 604 1316 628 1321 629 1321 630 1321 652 1314 661 1320 662 1320 663 1320 664 1321 716 1321 716 1320 757 1311 844 1318 845 1318 846 1318 847 1318 855 1313 855 1299 853 1273 788 1273 761 1261 760 1261 759 1261 758 1261 743 1267 726 1261 725 1261 724 1261 649 1263 648 1263 647 1263 629 1275 577 1264 576 1264 575 1264 551 1276 531 1265 530 1265 511 1265 510 1265 509 1265 508 1265 496 1273 481 1266 480 1266 479 1266 433 1274 414 1266 413 1266 412 1266 411 1266 388 1279 347 1273 346 1273 304 1279 273 1268 272 1268 271 1268 170 1282 77 1280 78 1312"/></Shape>
            <String CONTENT="tus, ut prædicem Verbum· Atq; hic eſt titulus Pau¬" HPOS="77" VPOS="1261" WIDTH="778" HEIGHT="67"/>
          </TextLine>
          <TextLine ID="line_28" TAGREFS="LT8" BASELINE="80 1361 859 1349" HPOS="79" VPOS="1313" WIDTH="780" HEIGHT="66">
            <Shape><Polygon POINTS="80 1361 80 1370 92 1370 103 1379 104 1379 105 1379 106 1379 186 1377 218 1369 273 1377 274 1377 275 1377 293 1367 391 1370 392 1370 418 1365 426 1372 427 1372 428 1372 466 1374 468 1374 469 1374 470 1374 481 1364 525 1369 526 1369 527 1369 549 1363 569 1369 570 1369 571 1369 608 1362 646 1370 647 1370 648 1370 669 1361 728 1369 729 1369 730 1369 751 1364 840 1367 841 1367 842 1367 859 1358 859 1349 857 1319 811 1313 810 1313 756 1322 709 1318 708 1318 675 1323 618 1316 617 1316 616 1316 594 1326 548 1326 502 1318 501 1318 468 1319 466 1319 451 1327 373 1320 372 1320 371 1320 354 1329 326 1329 274 1321 273 1321 224 1331 142 1332 109 1324 108 1324 107 1324 79 1325 80 1361"/></Shape>
            <String CONTENT="li, quo neceſſario utitur, per hunc enim certus nos faᛘ" HPOS="79" VPOS="1313" WIDTH="780" HEIGHT="66"/>
          </TextLine>
          <TextLine ID="line_29" TAGREFS="LT8" BASELINE="81 1411 854 1399" HPOS="80" VPOS="1360" WIDTH="774" HEIGHT="69">
            <Shape><Polygon POINTS="81 1411 81 1423 180 1429 181 1429 182 1429 196 1422 219 1429 220 1429 221 1429 291 1427 292 1427 293 1427 303 1420 332 1420 348 1427 349 1427 350 1427 385 1420 428 1426 429 1426 430 1426 453 1418 512 1418 520 1424 521 1424 522 1424 523 1424 524 1424 544 1419 563 1424 564 1424 565 1424 566 1424 590 1416 640 1423 641 1423 642 1423 643 1423 643 1422 652 1415 684 1422 685 1422 686 1422 714 1414 754 1414 769 1421 770 1421 771 1421 772 1421 792 1413 853 1420 854 1399 850 1361 821 1368 784 1360 783 1360 716 1361 715 1361 702 1367 646 1362 645 1362 644 1362 606 1372 585 1366 584 1366 583 1366 582 1366 581 1366 570 1375 508 1375 490 1367 489 1367 488 1367 487 1367 472 1376 429 1377 342 1377 322 1368 321 1368 320 1368 295 1369 294 1369 293 1369 293 1370 287 1376 274 1370 273 1370 272 1370 271 1370 270 1370 262 1377 245 1368 244 1368 243 1368 208 1375 196 1369 195 1369 194 1369 150 1374 149 1374 148 1374 138 1380 80 1376 81 1411"/></Shape>
            <String CONTENT="cit de ſuis ſcriptis, &amp; prædicatione Verbi· Nam niſi" HPOS="80" VPOS="1360" WIDTH="774" HEIGHT="69" WC="0.9925926258930793"/>
          </TextLine>
          <TextLine ID="line_30" TAGREFS="LT8" BASELINE="78 1461 851 1450" HPOS="77" VPOS="1412" WIDTH="774" HEIGHT="67">
            <Shape><Polygon POINTS="78 1461 78 1470 147 1479 148 1479 182 1473 214 1478 215 1478 216 1478 217 1478 226 1471 262 1475 263 1475 264 1475 289 1468 353 1475 354 1475 355 1475 356 1475 356 1474 362 1468 396 1467 411 1474 412 1474 413 1474 476 1473 516 1465 607 1471 608 1471 609 1471 610 1471 619 1464 681 1470 682 1470 683 1470 684 1470 692 1464 747 1469 748 1469 749 1469 782 1461 850 1461 851 1450 849 1415 646 1412 645 1412 644 1412 618 1420 594 1415 593 1415 592 1415 591 1415 580 1423 535 1423 523 1416 522 1416 521 1416 520 1416 519 1416 494 1422 450 1415 449 1415 404 1425 357 1416 356 1416 307 1426 246 1422 245 1422 215 1428 172 1428 154 1419 153 1419 152 1419 151 1419 150 1419 150 1420 142 1427 121 1420 120 1420 119 1420 77 1429 78 1461"/></Shape>
            <String CONTENT="conſcientiæ certæ ſint de Verbo, quod ipſum ſit Verᛘ" HPOS="77" VPOS="1412" WIDTH="774" HEIGHT="67"/>
          </TextLine>
          <TextLine ID="line_31" TAGREFS="LT8" BASELINE="76 1512 851 1501" HPOS="75" VPOS="1460" WIDTH="776" HEIGHT="80">
            <Shape><Polygon POINTS="76 1512 76 1538 158 1527 215 1527 226 1534 227 1534 228 1534 253 1538 254 1538 255 1538 268 1533 281 1540 282 1540 283 1540 284 1540 309 1533 343 1539 344 1539 449 1538 450 1538 480 1523 493 1523 518 1537 519 1537 520 1537 521 1537 522 1537 543 1531 559 1535 560 1535 561 1535 562 1535 563 1535 572 1528 584 1531 585 1531 586 1531 587 1531 588 1531 602 1521 723 1520 753 1520 780 1532 781 1532 850 1533 851 1501 848 1460 828 1461 827 1461 826 1461 814 1470 746 1464 745 1464 744 1464 743 1464 732 1472 693 1473 664 1473 639 1462 638 1462 637 1462 636 1462 635 1462 615 1474 587 1474 565 1463 564 1463 563 1463 523 1464 522 1464 521 1464 509 1474 462 1470 461 1470 460 1470 459 1470 451 1475 431 1465 430 1465 429 1465 398 1472 380 1466 379 1466 378 1466 324 1473 309 1467 308 1467 307 1467 241 1468 240 1468 206 1480 151 1480 111 1469 110 1469 109 1469 75 1469 76 1512"/></Shape>
            <String CONTENT="bum Dei, erit inefficax, non figetradices · Itaq; nõ" HPOS="75" VPOS="1460" WIDTH="776" HEIGHT="80" WC="0.9784888760098871"/>
          </TextLine>
        </TextBlock>
        <TextBlock HPOS="862" VPOS="1122" WIDTH="212" HEIGHT="62" ID="block_12" TAGREFS="BT3519">
          <Shape><Polygon POINTS="1074 1122 1074 1184 862 1184 862 1122"/></Shape>
          <TextLine ID="line_32" TAGREFS="LT8" BASELINE="874 1168 884 1169 1064 1171" HPOS="874" VPOS="1168" WIDTH="190" HEIGHT="3">
            <String CONTENT="Vocatio vera" HPOS="874" VPOS="1168" WIDTH="190" HEIGHT="3"/>
          </TextLine>
        </TextBlock>
        <TextBlock HPOS="666" VPOS="1526" WIDTH="93" HEIGHT="49" ID="block_13" TAGREFS="BT17">
          <Shape><Polygon POINTS="759 1526 759 1575 666 1575 666 1526"/></Shape>
          <TextLine ID="line_33" TAGREFS="LT8" BASELINE="678 1559 744 1557" HPOS="676" VPOS="1526" WIDTH="68" HEIGHT="57">
            <Shape><Polygon POINTS="686 1526 680 1526 676 1529 678 1559 680 1577 686 1572 706 1572 717 1582 718 1582 719 1582 720 1583 744 1583 744 1557 741 1530 709 1532 702 1526 696 1526"/></Shape>
            <String CONTENT="A4" HPOS="676" VPOS="1526" WIDTH="68" HEIGHT="57" WC="0.9999129772186279"/>
          </TextLine>
        </TextBlock>
      </PrintSpace>
    </Page>
  </Layout>
</alto>
