1179 1843
120 93 653 57 IN EPIST· AD ROM·

799 95 35 60 23

70.0 156.0 769.0 59.0 tem & abluentem igni & Spirituſancto, nam etiam

70.0 200.0 766.0 65.0 baptiſmus aquæ, eſt baptiſmus Chriſti· Prodeſt cir¬

70.0 251.0 769.0 70.0 cunciſio, & illam magnifacio, ſed abſ re illam haᛘ

72.0 304.0 292.0 68.0 bere quid prodeſt?

277.0 375.0 331.0 67.0 Tranſgreſſor.

120.0 436.0 727.0 60.0 Id eſt, ſi legem in corde non ſeruaris· CIR¬

79.0 482.0 775.0 65.0 CVNCISIO TVA· Scilicet, quæ incute eſt·

272.0 560.0 352.0 67.0 In præputium.

122.0 633.0 731.0 67.0 Id eſt, nihil eſt coram Deo, perinde eſt, ac ſieſ¬

76.0 689.0 194.0 58.0 ſes Gentilis.

376 743 135 70 Ergo.

117.0 803.0 739.0 58.0 Hoc eſt, quod ſupra dixit, nam cum Gentes quæ

75 844 779 68 legem &c·id eſt, ſi Ethnicus dilexerit proximum,

75 893 785 73 & fecerit ea quæ mandat lex, is iuſtus coram Deo reᛘ

75 946 788 66 putabitur. Non tamen ex ijs locis conuinces, Gen¬

76 992 784 72 tes natur ali lege, facere poſſe legem, & conſequi iuᛘ

78 1042 778 76 ſtificationem, quæ ex ſolo Chriſto eſt·Sic in Euangeᛘ

78 1095 770 70 lio dicit Chriſtus: Si uis uitam ingredi &c· Non di¬

82.0 1152.0 567.0 62.0 cit, quod poßit ſeruare mandata &c·

287.0 1219.0 329.0 63.0 Imputabitur .

139 1280 678 62 Id eſt, habebitur coram Deo pro uero Iudæo,

870.0 975.0 200.0 61.0 Iuſtificatio nõᛘ

869.0 1029.0 200.0 60.0 cõſequitur leᛘ

868 1082 201 65 naturali.

305.0 1336.0 315.0 58.0 Et iudicabit.

147 1397 715 62 Periphraſis eſt Gentilis, eius qui non eſt ex carne

96 1439 718 83 Abrahæ natus· SI LEGEM SERVA·

141.0 1490.0 355.0 73.0 Ia das muß da bey ſeyn·
