1184 1845
421.0 87.0 632.0 54.0 COMMENT· POMER·

347.0 154.0 782.0 60.0 hoc exemplo, ꝗ ij ex quibus Chriſtus natus eſt, præ¬

347.0 199.0 782.0 63.0 uaricati ſint, & exciderint: nihil noſtræ ſecuritati

348.0 250.0 780.0 63.0 permittamus, nam idem nobis, qui uidemur optimi

347.0 300.0 779.0 62.0 Chriſtiani, quod Iudæis, accidere poteſt : hinc & emᛘ

347.0 352.0 778.0 62.0 phaſi non caret ꝙ Gentibus dicit·q. d· Vos non eſtis

348.0 402.0 775.0 62.0 ſecundum carnem ex Iudæis, tamen recepti in gratiã,

347.0 452.0 776.0 64.0 uidete ne ſuperbiatis: beneficij diuint eſt, ꝗ & ego

347.0 504.0 777.0 59.0 uobis Euangelium prædicem, inuulgemq, ut hoc Iuᛘ

349.0 554.0 777.0 52.0 dæi uidentes, inuideant id uobis, & ex hoc tandem

347.0 605.0 780.0 63.0 ad reſipiſcendum moueantur, ad Chriſtumq́; redeãt.

416.0 663.0 679.0 64.0 Miniſterium meum illuſtro.

403.0 724.0 727.0 58.0 Id eſt, cum magna gloria, ſcilicet nominis Chri¬

352.0 772.0 774.0 60.0 ſti prædico Euangelium. Hoc eſt meum miniſterium,

349.0 821.0 738.0 59.0 non aliud mihi à Deo commiſſum, ideoq́ meum¬

414.0 877.0 713.0 70.0 Si quo modo ad emulationẽ pro

141.0 1028.0 209.0 64.0 Pauli charitas

141.0 1084.0 187.0 64.0 erga Iudæos·

359.0 951.0 511.0 57.0 uocem carnem meam.

403.0 1004.0 728.0 55.0 Id eſt, Iudæos, quia ipſe ſum Iudæus natus. Vides

357.0 1050.0 778.0 53.0 Paulum integro & candido eſſe animo, ettam in adᛘ

352.0 1102.0 782.0 59.0 uerſarios nominis Chriſti: id quod magnum eſt, nam

351.0 1154.0 620.0 55.0 natura nemo potest diligere inimicum·

413.0 1211.0 659.0 58.0 Et ſaluos reddam nonnullos.

403.0 1272.0 727.0 56.0 Quia non omnes ſaluantur, ſed tantum reliquiæ,

351.0 1317.0 716.0 63.0 id eſt, ij qui credunt prædicationi Euangelicæ.

413.0 1376.0 584.0 58.0 Namſi reiectio illorum.

397.0 1432.0 741.0 59.0 Iiſdem perpetuo ferè hic argumentis utitur· Deus

349.0 1481.0 793.0 72.0 non uult eſſe ſine populo, nam uno abiecto, ſtatime

1017.0 1542.0 110.0 55.0 alium
