1183 1844
130 99 633 70 IN EPIST. AD ROM.

73.0 170.0 770.0 58.0 publicam pacem, ſed omnium ſeruus ſis: Hinc ait

75.0 218.0 762.0 78.0 Quapropter non ſolũ propter irã,

103.0 286.0 741.0 63.0 Id eſt, pœnam legis ciuilis, aut propter iram prinᛘ

68.0 333.0 395.0 71.0 cipis, ne te feriat gladio.

74.0 410.0 771.0 64.0 Verumetiam propter conſcientiã.

115.0 474.0 730.0 54.0 Quia Dei miniſter, quem ſi contempſeris, Deũ

66.0 516.0 769.0 62.0 contempſiſti, eſt enim à Deo hæc poteſtas ordinata,

66.0 567.0 769.0 65.0 ut huius temporis pax poßit conſeruari: qui ergo

65.0 615.0 771.0 67.0 Chriſtianus eſt, ſit ſubditus poteſtati propter fidem,

66.0 668.0 772.0 63.0 id eſt, quia ſcit hanc poteſtatem à Deo inſtitutam:

69.0 718.0 772.0 62.0 ſi noluerit, contra fidem facit, & Dei inſtitutum, tũ

68.0 770.0 771.0 60.0 neque erit Chriſtianus. Iubet & charitas, ſires poᛘ

67.0 819.0 766.0 63.0 ſtulet, ut defendas & pugnes pro tuis principibus,

67.0 871.0 727.0 63.0 ſumas arma, quoties præcipitur per poteſtatem·

129.0 941.0 712.0 74.0 Propter hoc enim & uectigalia

64.0 1002.0 205.0 69.0 ſoluitis.

116.0 1067.0 727.0 65.0 Id eſt, quia ſubditi eſtis, quod non eſt contra Deᛘ

68.0 1116.0 394.0 62.0 um, datis illis tributum.

129.0 1174.0 712.0 71.0 Siquidem miniſtri Dei ſunt in

70.0 1231.0 424.0 71.0 hoc incumbentes.

112.0 1300.0 734.0 61.0 Scilicet, ut bonos defendant, pacemq; conſeruẽt.

73.0 1349.0 776.0 62.0 Quare nõ ſunt Chriſtiani principes qui hodie omnia

76.0 1399.0 779.0 66.0 peruertunt, ipſorum erat malos punire, bonos ho¬

76.0 1450.0 783.0 64.0 norare, unde & haberent tributum, tamen pro¬

77.0 1500.0 786.0 76.0 pter hoc ſubdui non debent auertere ab eis obedien

856 539 185 72 Cur obedienᛘ

852 587 118 93 dum ſit.

784 78 55 91 151
