1201 1864
422 113 634 59 COMMENT· POMER·

140 282 188 68 salutis & d

138 339 191 57 nationis cauᛘ

144 436 52 2 ſæ.

348 176 772 65 infamiseſt· Ita cum ſimus natura omnes filij iræ,

347 222 777 71 eripimur per ſolam gratiam Chriſti, in regnum lu¬

347 307 779 16 cis translati · Quicunq damnãtur, propter increduliᛘ

347 357 776 15 tatem damnantur, quicunq ſaluantur, propter fidẽᛘ

347 370 771 78 in ſolum Chriſtum ſaluantur, nullo perſonæ reſpectu.

538 464 328 71 Deſtituuntur.

391 541 732 64 Id eſt, abalienati ſunt à gloria Dei, carent illa, id

347 588 777 68 eſt, non glorificant Deum, & Iudæi & Gentes ſunt

348 638 775 68 per naturam impij· Quid ergo habebunt Iuſticiarij

346 689 775 65 iuſticiæ, cum careant primo præcepto? quo docetur,

349 737 772 68 quomodo Deus debeat glorificari· Quomodo colent

347 791 676 65 Deum, quem non nouerunt eſſe ſuum Deum?

605 864 308 65 Iuſtificantur.

393 941 728 65 Et Gentes & Iudæi gratis, id eſt, ſine operibus leᛘ

354 992 552 69 gis, & quid illud ſit, gratis, exponit·

607 1062 235 64 Per illius.

398 1134 724 66 (Inquit) ſcilicet, Dei gratiam & fauorem, quia

348 1182 775 65 nobis bene uoluit propter ſuum Chriſtum· Sic om¬

347 1232 778 63 nes patres ſancti, iuſtificatiſunt à mundo cõdito, quia

348 1282 776 67 ſcilicet credebant in Chriſtum uenturum (qui dile ¬

348 1330 774 68 ctus erat patri) quemadmodum hodie omnes iuſtifi¬

349 1381 773 70 cantur, credentes in Chriſtum iam exhibitũ mundo·

487 1472 468 83 Per redemptionem,

1028 1536 95 57 Fauor
