1195 1841
165 88 629 58 IN EPIST· AD ROM·

86 157 775 55 uerc pura conſcientia & corde, omni momento, ut in

91 202 770 61 nullo deficias· Sed quis eſt ille, & laudabimus eũ?

91 254 768 65 Non enim quod uolo, ſcilicet, ſpiritu, facio bonum,

96 303 273 61 ſcilicet, in carne·

150 364 655 64 Sed quod non uolo, malum.

148 425 717 56 Scilicet, ſpiritu, hoc ago, ſcilicet, carne, perpeᛘ

98 472 771 59 tuo reluctor, & crucifigo carnem, neq; erit finis colᛘ

99 523 664 59 luctationis huius, priuſquàm tota emoriatur·

300 594 362 70 Reperio igitur.

148 659 727 52 Duo inquit in me reperio, carnem tolentem ma¬

102 705 774 60 lum & ſpiritum repugnantem carni· Vana ſunt igi¬

102 751 773 65 tur commenta eorum, qui ſomniant hic Lib· Arb·

105 805 770 58 tribui homini, quo uelit bonum, cum Paulus non de

106 854 771 61 ullis uiribus, in nobis intelligi uelit, ſed ipſo Spiritu

104 903 773 60 Dei, qui uult bonum, qui operatur in nobis, & uelᛘ

101 949 776 65 le & perficere, pro ſua in nos bona uoluntate· Præ¬

106 1003 773 60 terea inſaniunt & illi, qui hic ſenſualitatem fingũt,

107 1055 776 58 quæ tantum uult malum· Nonne eſt hoc expuere in faᛘ

105 1106 778 56 ciem Ieſu, & alapis cædere? Totum hominem, quãᛘ

104 1150 771 61 tus eſt ſecundum naturam, dicit nihil boni poſſe,

107 1206 775 58 uelle, ſiue dicas Lib. Arb. ſiue rationem· Ingenium

108 1252 776 64 & quicquid eſt in homine, omnia ſunt maledictioni

106 1307 781 62 obnoxia, quæcun cogitas, uis, aut cõtendis ex naᛘ

108 1357 775 57 tura tua, aut ſapientia carnis: Ait enim Paulus: Re¬

109 1405 775 63 perio, id eſt, perſpicio tandem per legem Dei, quæ

108 1458 774 74 mihi bene uult (nam tantum in hoc mihi reuelat pecᛘ

814 108 41 48 79

890 745 152 75 Lib·Arb·

884 888 198 81 Natura male

886 954 143 64 dicta eſt·
