1187 1848
418.0 98.0 629.0 57.0 COMMENT· POMER·

340.0 167.0 782.0 56.0 benigni & pij patris, qua quemuis in cruce & perſe

339.0 215.0 788.0 58.0 cutione ſtantem, ſolatur, dicens: Sufficit tibi gratia

338.0 263.0 788.0 61.0 mea, ut maxime ſis peccator, ſuſtine, ſufficit, hæc eſt

340.0 317.0 784.0 55.0 mea uoluntas·q. d. quod in te non habes, in me ha

338.0 363.0 784.0 64.0 bes, perfer ſaltem ad tempus hanc crucem: ſed hæc

341.0 414.0 212.0 64.0 ipſe exponit.

135.0 595.0 199.0 62.0 Gloria noſtra

133.0 649.0 198.0 60.0 nondum reueᛘ

134.0 696.0 126.0 69.0 lata eſt·

398.0 482.0 648.0 77.0 Siquidem ſpe ſeruati ſumus.

386 560 732 64 Saluati ſumus, ſed ſub ſpe: ſumus uere filij à Deo

346 609 774 63 ſuſcepti, at illud non uidetur, omnia ſunt abſcondita

346 661 773 61 ſub formis crucis, nihil aliud uidetur, quàm ignomi¬

340 712 779 61 nia & opprobrium, ſpectaculum ſumus mundo, et

342 763 776 61 ipſius πρί ημα: Ideo́, ut maxime iã omnia poſ

342 816 772 57 ſideamus, ut hæredes Dei, & Domini creaturarum,

339 866 782 58 tamen reuelationem huius dominij & hæreditatis no¬

337 915 783 63 ſtræ expectamus: Ipſe promiſit, non fallet nos, priᛘ

339 968 779 58 us cœlum & terra tranſitura ſcimus, quàm Verbum

339 1019 781 54 etus: quod dum credimus, habemus omnia quæ no¬

339 1066 784 63 bis in illo promittuntur: ergo expectandũ eſt cum paᛘ

337 1119 787 57 tientia·Non in crucem & eius amaritudinem diriga¬

339 1169 785 56 mus oculos, ſed in ſolum Verbum, in quo omnes diuiᛘ

339 1217 777 62 tias & plenitudinẽ inueniemus, id quod ſola fide fit,

340 1269 781 63 quæ in ijs, quæ non palàm uidentur, uerſatur· Hæc

339 1321 778 59 his quoq uerbis Iohannes expreßit: Scimus quod ſi¬

339 1366 784 64 mus filij Dei, ſed nondum apparuit, id eſt, niſi ex fiᛘ

336 1419 787 61 de eſſemus certi, nos eſſe filios, dominosq́; omniũ cre

338 1471 787 62 aturarum, non poſſemus expectare reuelationẽ eius

340 1519 347 76 gloriæ, que futura eſt·

1015 1527 108 81 Porro
