1200 1856
387.0 103.0 639.0 56.0 COMMENT· POMER·

332.0 175.0 776.0 51.0 teſtimonium, nam corde creditur ad iuſticiam: Solius

334.0 216.0 774.0 63.0 eſt igitur Spiritus ſancti credere, quo non regnante in

334.0 269.0 769.0 55.0 cordibus noſtris, non credimus. Hic ridendi ſunt,

334.0 317.0 777.0 63.0 quicun fidem ſibi, neſcio quam, fingunt, cum ta¬

334.0 368.0 774.0 59.0 mẽ certi, de Det erga ſe uolũtate bona, eſſe nequeant,

335.0 416.0 774.0 63.0 quales ſunt omnes, qui bonas ſibi fingunt intentio¬

336.0 468.0 774.0 60.0 nes, & neſcio quam pietatem ſtertentem. Tales ignoᛘ

336.0 518.0 769.0 61.0 rant, imò ſemper dubij ſunt de peccato remiſſo, ne

337.0 566.0 774.0 64.0 remiſſum ſibi unquàm ſentire poſſunt. Sunt & non¬

339.0 619.0 772.0 60.0 nulli, qui hoc ſpiritu contempto, expectant, neſcio

340.0 669.0 768.0 58.0 quas è cœlo reuelationes & motiones Spiritus ſancti,

338.0 719.0 771.0 60.0 uerum decipiuntur, Sathanas eius faſcini auctor eſt,

341.0 770.0 773.0 60.0 quo ſic diuexantur, & illi, ut caro in huiuſmudi eſt

343 816 765 65 prona, diunt à Deo factum ·Præterea hic propter

342.0 870.0 774.0 62.0 quoſdam, de ſpiritu, anima, & corpore, quædam in

342.0 922.0 776.0 57.0 dicanda ſunt, nam ſæpe illis utitur-Spiritus, eſt ex¬

341.0 970.0 777.0 61.0 cellentior hominis pars, id eſt, intellectus, illumina

341.0 1021.0 776.0 58.0 tus Spiritu ſancto, & cũ eo unum factus, de quo aniᛘ

343.0 1071.0 764.0 58.0 males homines neſciunt, neq; intelligunt quid fit,

342.0 1118.0 766.0 59.0 ut dictum · Hic ineomprehenſibiles, inuiſibiles,

342.0 1170.0 774.0 60.0 æternasq́ res complectitur, eſtq́ plané domus fidei

341.0 1219.0 776.0 62.0 & Dei, quia Verbo Dei, & Spiritu ſancto illuſtra¬

342.0 1270.0 776.0 60.0 tur, alioqui, obſcura domus impietatis eſt, ſicareat

348 1314 768 68 Verbo. Anima uero eſt, ea uis omnis, qua uiuifica¬

341.0 1372.0 776.0 59.0 tur totum corpus, fiunt́ per eam omnes operationes

342.0 1426.0 768.0 53.0 in corpore, ettam dum dormis, hæc operatur, &

342.0 1469.0 772.0 70.0 tunquàm quieſcit· Comprehendit autem illa non res

134 810 201 73 Spiritus quid?

140.0 1337.0 193.0 67.0 Anima quid?

988.0 1532.0 122.0 53.0 incom¬
