1209 1848
412.0 95.0 621.0 56.0 COMMENT· POMER·

477.0 164.0 470.0 67.0 Quid ergo dicemus?

388.0 233.0 722.0 49.0 Ab hoc loco, qui ſupertoribus cohæret, uſq́ ad

337.0 267.0 772.0 65.0 finem Capitis, hæc eſt ſententia Pauli· Caro dicit, liᛘ

336.0 320.0 774.0 62.0 beri ſumus à lege, ergo licet quiduis facere, darem

337.0 372.0 771.0 59.0 inquit Apoſtolus, hoc tibi, ſi totus uetus Adam mor¬

338.0 419.0 768.0 64.0 tuus eſſet in nobis· Ex hoc loco commodißime intelli

339.0 469.0 769.0 67.0 ges carnis uetuſtatem & gratiam, nos quidem, qui

338 515 767 73 ſpiritum Dei habemus, ut uelimus eſſe abſ peccato,

337.0 570.0 768.0 64.0 & dolemus uehementer in nobis eſſe peccatum, ſen¬

341.0 620.0 768.0 62.0 tiriq; malos adfectus, liberi eſſe uelimus, ſed fieri ne

341.0 672.0 767.0 64.0 quit, quia nondum ſumus perfecte mortui, quantum

337.0 720.0 771.0 62.0 ergo in nobis peccati & ueteris Adæ, tantum habet

338.0 768.0 767.0 66.0 adhuc in nos imperij lex·Ideo́ non perfecte à lege

339.0 820.0 770.0 63.0 ſumus abſoluti, quia non ſumus perfecte mortui: at

341.0 872.0 765.0 62.0 hæc nonne contradicunt ſupertoribus? nequaquàm·

342.0 922.0 762.0 61.0 Per gratiam enim Dei, id eſt, quia Deus mihi fauet,

341 968 769 69 & quod ſciam me illius eſſe filtum, ſum ſaluatus, non

343.0 1023.0 764.0 63.0 per hoc, quod non ſentiam peccatum. Accidit ſæpe,

339.0 1073.0 769.0 61.0 ut filius in domo patris peccet, non tamen eijcitur,

341.0 1124.0 771.0 61.0 ût ſeruus· Sunt enim ij gradus, ut dicam, gratiæ

343.0 1172.0 766.0 63.0 Det, quæ in nos peruenit· Primo, ſuſcepti ſumus,

344.0 1222.0 770.0 64.0 eum impij eſſemus, remiſſa́ nobis omnià peccata¬

343.0 1274.0 773.0 61.0 Secundo, ſpiritum accepimus, quo bene & recte exᛘ

343.0 1325.0 772.0 57.0 corde uelle cœpimus·Tertio, quod non imputetur reᛘ

344.0 1372.0 774.0 65.0 ltquum, quod adhuc in nobis eſt peccatum, quia ſpi¬

343.0 1425.0 770.0 58.0 ritu contranitimur peceato, & illud odimus. Atq

344.0 1472.0 772.0 72.0 bæc ſumma eſt gratiæ· Liceret igitur nobis quiduis fa

136.0 647.0 187.0 60.0 Legis tyran¬

136.0 690.0 176.0 67.0 nis ſublata·

1026.0 1535.0 83.0 58.0 cere
