1178 1842
167 92 643 70 IN EPIST· AD ROM·

97.0 168.0 783.0 60.0 ſalutis & conſolationis ſentiat, iubetur ſperare ſalu¬

94.0 216.0 783.0 60.0 tem: binc & Deus ſpei dicitur, & fides, per auto¬

94.0 267.0 782.0 65.0 rem, ad Hebr. Epiſtolæ, dicitur ſubſtãtia ſperandarũ

95.0 320.0 775.0 56.0 rerum, id eſt, earum rerum quæ tantum creduntur

95.0 367.0 773.0 63.0 & ſperantur: mundus nihil habet, quis diuitias ia¬

93.0 419.0 774.0 60.0 ctet, quia non credit, nec ſperat ſe ex Deo habere.

90.0 470.0 771.0 67.0 Vbiita hanc ſpem habuerimus, & gaudium &

93.0 521.0 492.0 62.0 pacem, in conſcientia ſentiemus.

223.0 579.0 534.0 67.0 Per potentiam ſpiritus.

137.0 639.0 728.0 61.0 Nam hanc ſpem, nemo ex ſe habere potest, niſi

96.0 684.0 677.0 66.0 per potentiam Spiritus Dei operantis in nobis·

224.0 756.0 545.0 65.0 Perſuaſum enim habeo.

139.0 818.0 725.0 62.0 Peroratio eſt, qua ſe excuſat, ꝗ liberius eis ſcripſeᛘ

88.0 864.0 776.0 67.0 rit, qui tamen antea fint inſtructi in fide, eſtq́; ſen¬

89.0 916.0 775.0 62.0 tentia, Vtcun ò Romani non indigeatis meis ſcri¬

89.0 965.0 772.0 67.0 ptis, tamen impleo meũ miniſteriũ, ſum enim Apoſtoᛘ

82.0 1016.0 781.0 66.0 lus Gentiũ, paratus ſum, & uobis prædieare Euangeᛘ

83.0 1066.0 780.0 62.0 lium, ſi Deus uolet-Non ergo temere hãc ad uos ſcriᛘ

86.0 1116.0 774.0 65.0 pſi epiſtolam, incumbit mihi hæc cura, ꝙ de uobis ſim

85.0 1166.0 772.0 66.0 ſolicitus, audio enim quibuſdam Pſeudapostolis uos

84.0 1214.0 775.0 67.0 ſeduci, non dubitouos plenos bonitate, id eſt, chariᛘ

82.0 1267.0 768.0 64.0 tate, qua alius aliũ ferat, item nec ſcientia, id est, cogᛘ

75.0 1318.0 778.0 66.0 nitione eorũ quæ ſunt Dei, tractatis enim Scripturas·

823 87 52 80 165

77 1367 778 78 Sed tamen audacius ſcripſi ex parte

124.0 1438.0 728.0 66.0 Omnia hæc, ad modestiam pertinent, qua etiam

71.0 1479.0 380.0 72.0 in primo Cap. utebatur·

661 1589 74 2 X5
