1183 1845
385.0 87.0 627.0 62.0 COMMENT· POMER·

314.0 154.0 779.0 65.0 quidem utimur ad patientiam, & conſolationẽ, ta¬

314.0 197.0 775.0 73.0 metſi non ſint ipſa conſolatio, & patientia: quemad

314.0 251.0 774.0 67.0 modum & cibo utimur, tamen cibus non eſt uita no¬

316.0 304.0 771.0 66.0 ſtra: edit quiſpiam, & bibit hodie, tamen incertus

315.0 353.0 776.0 70.0 est, an cras ſit uicturus: ita nec prædicationi meæ uitã

317.0 405.0 770.0 67.0 & illuminationem cordis tribuo, ſcio tamen per eam

315.0 454.0 631.0 67.0 Christum dare uitam, & illuminationem.

380.0 518.0 556.0 63.0 Det uobis idem mutuo.

365.0 572.0 728.0 65.0 Egregia hæc eſt imprecatio, qua uelit omnes ho¬

315.0 616.0 773.0 71.0 mines idem ſentire, eſſe eiuſdemſenſus, id quod cha¬

315.0 669.0 771.0 70.0 ritatis eſt Chriſtianæ: ubi uero is affectus non fuerit,

317.0 718.0 769.0 70.0 impoßibile eſt, eſſe Chriſtianos, imò nec ulla ſalus

317.0 770.0 769.0 67.0 adeſt : omnis extincta eſt fides, & nullus Dei timor

321.0 821.0 768.0 65.0 inuenitun, id experti ſumus in regno Papæ, quod Seᛘ

321.0 871.0 770.0 64.0 ctis refertum erat: non aliud uidemus hodie, in qui¬

318.0 923.0 771.0 65.0 buſdam, qui nouum quendam Monachatum inſtituũt,

316.0 971.0 776.0 70.0 putantes quo regnum Chriſti in externis elemen¬

315.0 1020.0 779.0 70.0 tis conſiſtere, nempe, ſi ſordidi & pannoſi, incedant

318.0 1074.0 775.0 64.0 negligenter, quaſi corpus non curent, aut etiam humiᛘ

317.0 1121.0 777.0 69.0 li quadam appellatione nominentur: quæ omnia aliúd

319.0 1170.0 776.0 69.0 non funt, ꝗ̃ nouiter excogitata hypocriſis, nibil retu¬

317.0 1223.0 773.0 65.0 lerit ſiue ſic, uel ſic ueſtiamur, his aut alijs ueſcamur,

317.0 1272.0 778.0 66.0 ſint omnia externa diuerſa, modo idem in cordibus

317.0 1325.0 779.0 65.0 ſentiamus, reſpiciamusq́; omnes eundem Deum, per

318.0 1376.0 779.0 66.0 cuius miſericordiam ſimus ſaluandi, tunc non abute¬

320.0 1426.0 758.0 72.0 mur, neq; ueſtibus, ne cibis, ne alia libertate·

113.0 857.0 181.0 71.0 Nouus noſtroᛘ

109.0 911.0 198.0 75.0 rũ monacha¬

111.0 968.0 71.0 63.0 tus·

322.0 1489.0 176.0 71.0 Addit ergo
