1200 1851
161 85 645 62 IN EPIST. AD ROM.

820 131 34 0 35

83.0 157.0 779.0 56.0 uerus, cuius figura erat ſanguis uitulorum in Veteri

85.0 202.0 776.0 62.0 Teſtamento, utuides in uerbis Chriſti, cum Sacra

82.0 250.0 779.0 62.0 mentum hoc inſtituit. Sanguis ille Veteris Teſtamen¬

83.0 304.0 775.0 60.0 tt, non auferebat peccata, uerum quicun crede¬

81.0 351.0 778.0 64.0 bant alium, ſcilicet, Chriſti ſanguinem per illum ſigni

85.0 404.0 774.0 62.0 ficari, illi non in ſanguine uitulorum, ſed Chriſti ſal

84.0 456.0 626.0 60.0 uabantur, qui effundendus expectabatur.

130.0 522.0 679.0 70.0 Ad oſtenſionem iuſticiæ ſuæ.

135.0 603.0 726.0 57.0 Omnia ſunt talia, quæ non tantum non oſcitan¬

83.0 646.0 773.0 64.0 ter legenda ſunt, uerum ſumma diligentia·q.d·

85.0 699.0 771.0 55.0 Hactenus fuit quædam iuſticia mundo inculcata per

83 741 777 74 Philoſophos & Iuſticiarios, ſed eſt ficta, inefficax

80 792 780 71 coram Deo, ideo́ longe præcellentiore opus eſt,

80 840 780 76 nempe Dei. Conati ſunt paßim Philoſophi tot libris

77.0 898.0 782.0 61.0 inſtituere rectam uitam, ut homines pij eſſent & iu ¬

82.0 947.0 782.0 58.0 ſti, uerum id non potuerunt præſtare-Sic item Iudæi

83.0 998.0 778.0 64.0 neglectis Dei promißionibus tantum in externa ope¬

82.0 1048.0 779.0 63.0 ra oculos defigebant, quæ Deus non ideo præcepe¬

81.0 1099.0 776.0 65.0 rat, ut iuſtificarent, ſed ut eſſent ſigna tantum inter

84.0 1149.0 772.0 61.0 næ fidei, & theſauri Verbi Dei in corde abſconditi,

84.0 1199.0 772.0 59.0 Hoc eſt, quod Deus in Prophetis adeo damnet & exc

82.0 1249.0 774.0 65.0 cretur, etiam opera legis per ipſum inſtitutæ: exige

80.0 1298.0 778.0 64.0 bat fidem, non opera. Illi tamen (quia cæci ſumus na

82.0 1351.0 776.0 62.0 tura in ijs, quæ Deus exigit à nobis) tantum opera

88 1394 766 74 ſpectantes, uoluntatem Dei negligebant: fuit ergo

76.0 1449.0 778.0 74.0 omnis illa iuſticia, ficta iuſticia· Ideo mala, quẽad

874 723 188 65 Externa ope¬

871 778 191 73 ra, non iuſtiᛘ

871 834 98 68 ficant.

676 1557 69 2 E3
