1212 1849
817 103 35 61 26

148 100 637 63 IN EPIST· AD ROM·

337.0 173.0 233.0 64.0 ludicaris.

133.0 238.0 727.0 52.0 Scilicet ab eis·Admirabilis eſt hæc ſententia· Vi¬

86.0 281.0 774.0 63.0 de Annotationes noſtras, & D· Martini in hunc Pſal

85.0 332.0 775.0 61.0 mum· Sic enim habet Pſalmus, Tibi ſoli· Id eſt, inᛘ

86.0 383.0 777.0 60.0 oculis tuis ſum peccator, ut maxime ſim purus coram

86.0 433.0 777.0 60.0 hominibus· Hoc ego tibi cõqueror o Deus·Ad quid?

88.0 483.0 778.0 59.0 ut tu tuſtus inueniaris, & uincas & oſtendas te ueraᛘ

88.0 536.0 777.0 56.0 cem, ubi ab alijs mendax iudicaris· Summa eſt, ut

85.0 583.0 780.0 62.0 Deus uerax ſit, neceſſe eſt me eſſe peccatorem· Tota

84.0 634.0 777.0 62.0 Scriptura clamat nos eſſe peccatores, & per ſolum

87.0 683.0 774.0 62.0 Chriſtũ iuſtificari, ergo neceſſe eſt, ut præcedat pecᛘ

87.0 737.0 774.0 57.0 catum, & declaretur iuſticia Dei· Quomodo enim

85.0 786.0 776.0 57.0 mihi Deus remitteret peccatum, cum non haberem

87.0 834.0 771.0 62.0 peccatũ, Eſaiæ·4·Si abluerit Dominus ſordes &c·

87.0 883.0 777.0 62.0 Iuſticiarij cogitant, neminem occidi, ſic de alijs pec¬

87.0 935.0 779.0 56.0 catis·Natura enim non nouit fontem & radicem pecᛘ

87 980 780 62 catorum, non nouit niſi fructus, id eſt, craſſa peccata

89 1033 778 62 quæ coram hominibus ſunt peccata, ut Cap·1· Pecᛘ

85 1082 782 65 catores autem dicunt, tu promiſiſti te iuſtificaturũ in

88.0 1136.0 774.0 59.0 iuſtos, ecce ego intuſtus ſum, peccator ſum, manife¬

88.0 1186.0 775.0 57.0 ſta in me gloriam tuam, & ueritatem tuam· Sic igi¬

86.0 1235.0 777.0 60.0 tur iuſticiarij tudicant Deum, & faciunt ipſum menᛘ

88.0 1286.0 775.0 58.0 dacem, cum ſe non putant opus habere Det iuſti¬

94.0 1337.0 767.0 54.0 cia· Verum Deus ſuo tempore, & ipſos uincet inᛘ

93.0 1384.0 763.0 59.0 tentatione, ſcilicet, & horrore mortis inferni &

91.0 1438.0 771.0 56.0 peccatt, in qua pereunt, quia non ædificarunt ſu¬

90.0 1487.0 770.0 64.0 pra petram, ſed ſupra arenam, Matthæi ſeptimo·

897 956 171 79 Natura ne¬

875 1024 192 74 ſcit fontẽ pec¬

883 1081 133 60 catorum.

692 1545 75 51 D 2
