1170 1846
157 89 605 66 IN EPIST. AD ROM.

128 222 730 57 Id eſt, propter ueritatẽ Det, ut Deus ueræx inue¬

83 267 773 64 niretur in ſuis promißis, ꝙ ſcilicet mißurus erat

82 318 773 63 in carne Meßtam, ut in Deute .18.prædictũ erat : ergo

81 367 773 62 unico hoc uerbo, aufert à Iudæis omne meritum, &

78 415 776 60 opera legis quibus fidebant, cum dicit : Propter Dei

83 471 777 61 ueritatem: non uenit propter merita Iudæorum, ſed

83 518 727 63 ut uerax eſſet, in promißionibus patribus factis.

212 158 412 66 Pro ueritate Dei.

87 576 774 69 Cæterũ ꝙ Gentes glorificent Deũ.

135 644 721 54 Quod, legendum eſt, non ut: duo dicit Apoſtolus·

84 686 771 59 Primum, in hac mea epiſtola adſerui ex ſpiritu Dei,

83 731 773 66 Iudæos ex Det miſericordia ſaluari, non reſpectu ſuo

82 784 778 62 rum operũ aut meritorum.Secundo, & Gentes eadẽ

84 832 774 67 Dei miſericordia ſaluari, unde & Deum glorificant,

85 881 776 70 & prædicant: ex quo inferri neceſſe eſt, ſi non ſalua

85 932 776 63 remur miſericordia Dei, damnaremur, nihil enim hic

92 984 761 61 ualent merita · SICVT SCRIPTVM EST.

785 79 61 67 164

135 1050 727 50 Confirmat ſcripturis, ꝙ & ludæt, & Gentes ſal¬

87 1091 334 66 uentur per Chriſtum.

149 1162 561 65 Propter hoc confitebor.

134 1220 728 61 Id quod factũ Euangelij prædicatione uidemus, leᛘ

91 1264 769 68 ge Pſal.17. et intelliges rectius hunc locum. ET

87 1315 776 64 RVRSVM: GAVDETE. Hoc ex cantico Moſiᛘ

88 1363 770 69 deſumptum eſt· LAVDATE DOMINVM.

136 1414 722 71 Iudæi per populos ſignificabãtur, quia gloriabãtur

93 1468 498 79 ſe peculiartter eſſe Dei populum·

656 1529 87 46 X4

865 346 194 84 Contra me¬

865 413 72 76 rita.
