1178 1838
130 85 645 59 IN EPIST· AD ROM·

98.0 153.0 767.0 63.0 non eſſe perdendum, uſqueadeo eſt impoßibile, ut

92.0 198.0 771.0 74.0 hi perdantur, qui hoc adfectu inſignes ſunt: at pau

90.0 252.0 644.0 64.0 cos inuenias, in quibus hunc depræhendas·

257.0 319.0 416.0 66.0 Qui ſunt Iſraelitæ.

144.0 382.0 406.0 57.0 Nam ex Ifraël ſunt oriundi·

224.0 440.0 501.0 64.0 Quorum eſt adoptio.

144.0 498.0 718.0 58.0 Id eſt, ad eos pertinet hæreditas filiorum Dei, taᛘ

93.0 542.0 765.0 65.0 men non ſaluantur, quia reſpiciunt in ſe & dona,

87.0 594.0 769.0 64.0 non in donantem Deum. Si ergo tales abijciuntur,

89.0 644.0 768.0 65.0 quorum ea adoptio, quid futurum eſt noſtris ſanctis,

90.0 695.0 771.0 61.0 qui tantum in ſua ſtercorea iuſticia gloriantur? Hor¬

86.0 745.0 770.0 65.0 rendum ſané eſt contra Iudæos, quod dixerunt Apo¬

90.0 795.0 638.0 61.0 ſtoli in Actis: Ecce conuertimur ad Gentes¬

360.0 852.0 237.0 67.0 Et gloria.

151.0 911.0 704.0 62.0 Scilicet, à patre, quod ſcilicet eſſent filij Dei,

89.0 955.0 456.0 65.0 quæ ſané ineffabilis eſt gloria·

309.0 1018.0 326.0 67.0 Et teſtamenta.

135.0 1080.0 718.0 54.0 Scilicet Dei· ET LEGIS CONSTITV

96.0 1121.0 755.0 68.0 TIO. Id eſt, ipſa tota lex, quemadmodũ Pſalm·

85.0 1174.0 613.0 62.0 dicit: Non fecit taliter omni nationt &c·

342.0 1241.0 232.0 71.0 Et cultus,

128.0 1304.0 731.0 68.0 Dei, nam reliquæ Gentes in hoc errabant, cum niᛘ

83.0 1352.0 579.0 67.0 hil haberent certi à Deo præſcriptum·

275.0 1412.0 398.0 63.0 Et promiſſiones.

137.0 1472.0 580.0 64.0 Scilicet, & præſentis & æternæ uitæ·

699.0 1534.0 47.0 49.0 O5

810 128 51 1 109
