<?xml version='1.0' encoding='UTF-8'?>
<alto xmlns:xsi="http://www.w3.org/2001/XMLSchema-instance" xmlns="http://www.loc.gov/standards/alto/ns-v4#" xsi:schemaLocation="http://www.loc.gov/standards/alto/ns-v4# http://www.loc.gov/standards/alto/v4/alto-4-2.xsd">
  <Description>
    <MeasurementUnit>pixel</MeasurementUnit>
    <sourceImageInformation>
      <fileName>10AC1F79_uk4nGb4psEn2e8Xs_00284.jpg</fileName>
    </sourceImageInformation>
  </Description>
  <Tags>
    <OtherTag ID="BT7" LABEL="CustomZone" DESCRIPTION="block type CustomZone"/><OtherTag ID="BT8" LABEL="DamageZone" DESCRIPTION="block type DamageZone"/><OtherTag ID="BT9" LABEL="DigitizationArtefactZone" DESCRIPTION="block type DigitizationArtefactZone"/><OtherTag ID="BT10" LABEL="DropCapitalZone" DESCRIPTION="block type DropCapitalZone"/><OtherTag ID="BT11" LABEL="GraphicZone" DESCRIPTION="block type GraphicZone"/><OtherTag ID="BT12" LABEL="MainZone" DESCRIPTION="block type MainZone"/><OtherTag ID="BT13" LABEL="MarginTextZone" DESCRIPTION="block type MarginTextZone"/><OtherTag ID="BT14" LABEL="MusicZone" DESCRIPTION="block type MusicZone"/><OtherTag ID="BT15" LABEL="NumberingZone" DESCRIPTION="block type NumberingZone"/><OtherTag ID="BT17" LABEL="QuireMarksZone" DESCRIPTION="block type QuireMarksZone"/><OtherTag ID="BT18" LABEL="RunningTitleZone" DESCRIPTION="block type RunningTitleZone"/><OtherTag ID="BT19" LABEL="SealZone" DESCRIPTION="block type SealZone"/><OtherTag ID="BT20" LABEL="StampZone" DESCRIPTION="block type StampZone"/><OtherTag ID="BT21" LABEL="TableZone" DESCRIPTION="block type TableZone"/><OtherTag ID="BT22" LABEL="TitlePageZone" DESCRIPTION="block type TitlePageZone"/><OtherTag ID="BT3824" LABEL="MainZone-Continued" DESCRIPTION="block type MainZone-Continued"/><OtherTag ID="BT3825" LABEL="MarginTextZone-Notes" DESCRIPTION="block type MarginTextZone-Notes"/><OtherTag ID="BT3826" LABEL="MainZone-Head" DESCRIPTION="block type MainZone-Head"/><OtherTag ID="BT3827" LABEL="MainZone-P" DESCRIPTION="block type MainZone-P"/>
    <OtherTag ID="LT7" LABEL="CustomLine" DESCRIPTION="line type CustomLine"/><OtherTag ID="LT8" LABEL="DefaultLine" DESCRIPTION="line type DefaultLine"/><OtherTag ID="LT9" LABEL="DropCapitalLine" DESCRIPTION="line type DropCapitalLine"/><OtherTag ID="LT10" LABEL="HeadingLine" DESCRIPTION="line type HeadingLine"/><OtherTag ID="LT11" LABEL="InterlinearLine" DESCRIPTION="line type InterlinearLine"/><OtherTag ID="LT12" LABEL="MusicLine" DESCRIPTION="line type MusicLine"/>
  </Tags>
  <Layout>
    <Page WIDTH="1180" HEIGHT="1844" PHYSICAL_IMG_NR="81" ID="eSc_dummypage_">
      <PrintSpace HPOS="0" VPOS="0" WIDTH="1180" HEIGHT="1844">
        <TextBlock HPOS="288" VPOS="139" WIDTH="797" HEIGHT="109" ID="block_1" TAGREFS="BT3824">
          <Shape><Polygon POINTS="375 139 1085 139 1085 248 288 248 288 139"/></Shape>
          <TextLine ID="line_1" TAGREFS="LT8" BASELINE="291 183 1071 177" HPOS="290" VPOS="140" WIDTH="781" HEIGHT="64">
            <Shape><Polygon POINTS="1038 140 1028 140 1020 140 1014 144 994 140 987 140 979 140 942 144 926 140 925 140 915 140 905 140 902 140 888 144 874 140 874 140 864 140 853 140 843 140 833 140 823 140 812 140 802 140 795 140 774 145 755 140 751 140 741 140 738 140 715 146 700 142 699 142 698 142 635 147 621 140 618 140 607 140 605 140 560 144 553 140 546 140 545 140 525 149 477 149 427 140 426 140 341 141 340 141 339 141 330 149 310 145 309 145 308 145 290 150 291 183 291 204 320 204 320 203 321 203 340 195 355 203 356 203 357 204 403 204 403 203 404 203 405 203 421 193 444 202 445 202 446 202 448 202 474 193 542 198 543 198 544 198 545 198 553 192 606 201 607 202 639 202 639 201 640 201 641 201 655 192 696 197 697 197 698 197 699 197 706 191 713 196 714 196 715 196 716 196 767 192 778 199 779 199 780 199 781 199 782 199 809 190 825 195 826 195 827 195 828 195 847 190 881 199 882 199 883 199 963 191 996 198 997 198 998 198 1014 193 1030 198 1031 198 1032 198 1071 195 1071 177 1068 142 1048 144 1039 140 1038 140"/></Shape>
            <String CONTENT="quid ſi relaberemini in priorem infidelitatem, nonne" HPOS="290" VPOS="140" WIDTH="781" HEIGHT="64" WC="0.9933171799549689"/>
          </TextLine>
          <TextLine ID="line_2" TAGREFS="LT8" BASELINE="293 235 706 227" HPOS="291" VPOS="190" WIDTH="415" HEIGHT="63">
            <Shape><Polygon POINTS="293 235 293 247 341 253 342 253 343 253 368 246 391 252 392 252 436 245 443 250 444 250 445 250 446 250 511 243 549 248 550 248 608 241 652 246 653 246 654 246 667 241 697 245 698 245 699 245 700 245 706 239 706 227 704 199 653 190 652 190 650 190 629 200 609 195 608 195 607 195 563 201 551 192 550 192 549 192 548 192 512 194 511 194 510 194 496 203 476 194 475 194 449 194 448 194 446 194 445 194 445 195 434 205 415 205 398 196 397 196 396 196 395 196 394 196 381 205 363 198 362 198 361 198 360 198 341 206 316 200 315 200 314 200 313 200 291 206 293 235"/></Shape>
            <String CONTENT="&amp; uos rurſus abijceremini." HPOS="291" VPOS="190" WIDTH="415" HEIGHT="63" WC="0.9974868274652041"/>
          </TextLine>
        </TextBlock>
        <TextBlock HPOS="366" VPOS="73" WIDTH="656" HEIGHT="55" ID="block_2" TAGREFS="BT18">
          <Shape><Polygon POINTS="1022 73 1022 128 366 128 366 73"/></Shape>
          <TextLine ID="line_3" TAGREFS="LT8" BASELINE="371 115 1021 107" HPOS="370" VPOS="72" WIDTH="651" HEIGHT="64">
            <Shape><Polygon POINTS="1005 72 995 72 985 72 974 72 964 72 958 72 943 74 926 72 923 72 913 72 903 72 892 72 885 72 884 73 871 72 862 72 851 72 841 72 831 72 821 72 810 72 803 72 800 73 796 72 790 72 780 72 769 72 761 78 706 78 700 72 698 72 687 72 677 72 667 72 657 72 646 72 636 72 626 72 616 72 605 72 595 72 585 72 575 72 564 79 540 72 534 72 525 72 507 80 482 72 482 72 474 72 460 78 435 75 434 75 433 75 412 81 399 75 398 75 397 75 396 75 370 82 371 115 371 128 377 134 377 135 378 135 379 135 380 136 448 136 448 135 449 135 450 135 457 130 482 133 483 133 484 133 503 123 518 132 519 132 520 132 561 122 642 132 643 132 644 132 668 121 681 130 682 130 683 130 684 130 685 130 703 120 775 124 776 124 811 119 828 126 829 126 830 126 831 126 832 126 840 119 870 119 890 129 891 129 892 129 1021 121 1021 107 1015 74 1007 72 1005 72"/></Shape>
            <String CONTENT="COMMENT· POMER·" HPOS="370" VPOS="72" WIDTH="651" HEIGHT="64"/>
          </TextLine>
        </TextBlock>
        <TextBlock HPOS="294" VPOS="248" WIDTH="791" HEIGHT="129" ID="block_3" TAGREFS="BT3826">
          <Shape><Polygon POINTS="1085 248 1085 377 294 377 294 248"/></Shape>
          <TextLine ID="line_4" TAGREFS="LT8" BASELINE="357 295 1085 291" HPOS="356" VPOS="249" WIDTH="729" HEIGHT="65">
            <Shape><Polygon POINTS="1064 249 1053 249 1043 249 1033 249 1031 249 1027 254 972 255 963 249 961 249 951 249 947 249 941 256 879 256 859 249 859 249 848 249 838 249 828 249 818 249 807 249 800 257 749 257 739 249 736 249 725 249 722 249 701 257 601 257 592 249 592 249 584 249 578 253 542 249 541 249 531 249 520 249 510 249 500 249 499 249 489 258 458 258 439 249 438 249 428 249 418 249 408 249 397 249 387 249 377 249 367 249 356 249 357 295 357 312 387 314 388 314 389 314 405 306 428 313 429 313 430 313 494 304 563 313 564 313 565 313 598 303 621 310 622 310 623 310 656 303 711 308 712 308 713 308 730 303 758 309 759 309 760 309 761 309 769 303 784 313 785 313 786 313 787 314 840 314 840 313 898 302 970 312 971 312 972 312 994 307 1005 312 1006 312 1007 312 1008 312 1021 306 1083 312 1085 291 1083 253 1067 249 1064 249"/></Shape>
            <String CONTENT="Nam ſi Deus naturalibus ramis." HPOS="356" VPOS="249" WIDTH="729" HEIGHT="65" WC="0.9883850038051605"/>
          </TextLine>
          <TextLine ID="line_5" TAGREFS="LT8" BASELINE="296 361 620 357" HPOS="295" VPOS="311" WIDTH="325" HEIGHT="71">
            <Shape><Polygon POINTS="296 361 296 371 310 378 311 378 312 378 313 378 329 371 342 376 343 376 344 376 381 370 391 380 391 381 392 381 393 381 394 382 457 382 457 381 500 370 510 378 511 378 512 378 513 378 570 369 579 376 580 376 581 376 582 376 619 367 620 357 618 321 564 311 563 311 562 311 545 317 458 312 457 312 456 312 455 312 455 313 442 324 412 324 401 317 400 317 399 317 398 317 350 322 342 316 342 315 341 315 340 315 339 315 338 315 337 315 322 324 308 317 307 317 306 317 305 317 304 317 295 322 296 361"/></Shape>
            <String CONTENT="non pepercit." HPOS="295" VPOS="311" WIDTH="325" HEIGHT="71" WC="0.9998022363736079"/>
          </TextLine>
        </TextBlock>
        <TextBlock HPOS="294" VPOS="377" WIDTH="789" HEIGHT="156" ID="block_4" TAGREFS="BT3827">
          <Shape><Polygon POINTS="1083 377 1083 533 294 533 294 377"/></Shape>
          <TextLine ID="line_6" TAGREFS="LT8" BASELINE="342 413 1078 408" HPOS="341" VPOS="376" WIDTH="737" HEIGHT="56">
            <Shape><Polygon POINTS="1069 376 1059 376 1048 376 1040 376 1024 378 1015 376 1007 376 997 376 987 376 977 376 966 376 956 376 946 376 944 376 925 379 922 376 915 376 905 376 894 376 884 376 874 376 864 376 853 376 843 376 833 376 827 376 824 380 778 380 774 376 771 376 761 376 751 376 741 376 730 376 720 376 710 376 700 376 689 376 681 376 679 379 673 376 669 376 659 376 648 376 644 376 631 381 615 376 607 376 604 376 592 381 574 376 566 376 556 376 546 376 536 376 525 376 515 376 505 376 495 376 484 376 478 376 462 382 444 376 443 376 442 376 407 382 399 376 392 376 382 376 372 376 362 376 341 383 342 413 342 424 367 432 368 432 369 432 370 432 399 425 487 432 489 432 490 432 515 424 577 424 612 431 613 431 614 431 637 423 685 429 686 429 789 422 853 429 855 429 856 429 857 429 857 428 865 422 909 422 927 429 928 429 929 429 930 429 931 429 939 424 971 428 972 428 973 428 987 421 1022 428 1023 428 1078 421 1078 408 1075 376 1069 376"/></Shape>
            <String CONTENT="Eſt amplificatio: ſi Deus Iudæos qui ex ſanctis paᛘ" HPOS="341" VPOS="376" WIDTH="737" HEIGHT="56"/>
          </TextLine>
          <TextLine ID="line_7" TAGREFS="LT8" BASELINE="294 463 1074 461" HPOS="294" VPOS="422" WIDTH="780" HEIGHT="60">
            <Shape><Polygon POINTS="294 463 294 482 327 476 338 480 339 480 340 480 341 480 342 480 352 474 467 481 468 482 497 482 497 481 498 481 499 481 511 474 646 481 647 481 684 473 731 480 733 480 734 480 762 473 777 480 778 480 779 480 780 480 806 473 879 480 880 480 929 473 1072 479 1074 461 1072 428 1040 423 1039 423 992 428 960 422 959 422 912 430 867 422 866 422 829 430 822 424 821 424 820 424 781 422 780 422 779 422 778 422 767 430 738 430 724 422 723 422 722 422 721 422 720 422 703 428 684 422 683 422 682 422 649 423 648 423 647 423 636 430 612 424 611 424 609 424 608 424 607 424 595 431 499 426 498 426 441 431 433 425 432 425 431 425 430 425 377 429 333 423 332 423 297 431 294 463"/></Shape>
            <String CONTENT="tribus erant procreati, abiecit propter incredulitatẽ," HPOS="294" VPOS="422" WIDTH="780" HEIGHT="60" WC="0.9901254523884166"/>
          </TextLine>
          <TextLine ID="line_8" TAGREFS="LT8" BASELINE="297 513 1061 513" HPOS="297" VPOS="472" WIDTH="764" HEIGHT="66">
            <Shape><Polygon POINTS="297 513 297 538 331 538 331 537 332 537 333 537 347 528 360 537 361 537 362 537 363 538 398 538 398 537 399 537 422 528 465 537 466 537 467 537 493 528 513 536 514 536 515 536 516 536 538 528 565 536 566 536 567 536 568 536 597 528 607 537 608 537 609 537 611 538 677 538 677 537 678 537 679 537 694 528 751 528 780 536 781 536 782 536 810 531 819 537 820 537 821 537 822 537 823 537 845 528 951 528 970 536 971 536 972 536 973 536 993 531 1035 537 1036 537 1037 537 1061 527 1061 513 1061 475 946 472 945 472 944 472 918 478 890 472 889 472 840 479 831 473 830 473 829 473 828 473 793 478 748 472 747 472 696 479 680 472 679 472 678 472 677 472 660 479 580 474 579 474 548 479 533 472 532 472 531 472 530 472 513 480 417 480 391 472 390 472 389 472 388 472 378 477 342 473 341 473 340 473 339 473 328 480 297 480 297 513"/></Shape>
            <String CONTENT="quid futurum eſt uobis, qui eſtis malæ arboris filij?" HPOS="297" VPOS="472" WIDTH="764" HEIGHT="66" WC="0.9909383103532611"/>
          </TextLine>
        </TextBlock>
        <TextBlock HPOS="409" VPOS="547" WIDTH="547" HEIGHT="60" ID="block_5" TAGREFS="BT3826">
          <Shape><Polygon POINTS="956 547 956 607 409 607 409 547"/></Shape>
          <TextLine ID="line_9" TAGREFS="LT8" BASELINE="424 595 946 594" HPOS="423" VPOS="548" WIDTH="523" HEIGHT="66">
            <Shape><Polygon POINTS="859 548 858 548 857 548 805 553 790 548 782 548 780 548 776 552 765 548 761 548 757 548 746 558 714 558 703 548 700 548 689 548 679 548 669 548 659 548 658 548 611 553 603 548 597 548 587 548 580 548 568 551 562 548 556 548 546 548 536 548 532 548 521 550 518 548 515 548 505 548 503 548 498 552 466 548 464 548 454 548 443 548 433 548 428 548 423 553 424 595 424 605 478 605 512 613 513 613 514 614 601 614 601 613 602 613 628 604 654 609 655 609 689 604 714 613 715 613 716 613 791 604 829 605 835 611 835 612 836 612 837 612 838 612 839 612 871 604 906 612 907 612 945 604 946 594 944 558 871 558 860 548 859 548"/></Shape>
            <String CONTENT="Ecce igitur bonitatem." HPOS="423" VPOS="548" WIDTH="523" HEIGHT="66" WC="0.9995178200981834"/>
          </TextLine>
        </TextBlock>
        <TextBlock HPOS="290" VPOS="611" WIDTH="795" HEIGHT="909" ID="block_6" TAGREFS="BT3827">
          <Shape><Polygon POINTS="1085 611 1085 1520 290 1520 290 611"/></Shape>
          <TextLine ID="line_10" TAGREFS="LT8" BASELINE="342 647 1076 647" HPOS="342" VPOS="611" WIDTH="734" HEIGHT="55">
            <Shape><Polygon POINTS="1049 611 1039 611 1029 611 1028 611 1006 615 974 615 970 611 967 611 957 611 950 611 938 614 886 611 885 611 875 611 865 611 855 611 844 611 834 611 824 611 815 611 794 614 779 611 772 611 762 611 756 611 748 615 685 615 658 611 649 611 639 611 631 611 628 614 614 611 608 611 598 611 588 611 581 611 564 614 519 611 516 611 506 611 496 611 485 611 475 611 467 611 461 615 419 615 375 611 373 611 362 611 352 611 342 611 342 647 342 658 436 658 451 665 452 665 453 665 542 658 576 665 577 666 656 666 656 665 657 665 658 665 665 660 678 665 679 665 680 665 681 665 682 665 690 658 705 665 706 665 707 666 729 666 729 665 730 665 731 665 731 664 740 658 811 665 812 666 862 666 862 665 863 665 881 658 958 665 959 665 1004 658 1027 664 1028 664 1029 664 1076 657 1076 647 1076 615 1059 611 1049 611"/></Shape>
            <String CONTENT="Hæc ex prædictis infert. q.d. In his omnibus ali¬" HPOS="342" VPOS="611" WIDTH="734" HEIGHT="55" WC="0.9984316460940302"/>
          </TextLine>
          <TextLine ID="line_11" TAGREFS="LT8" BASELINE="295 695 1080 699" HPOS="294" VPOS="656" WIDTH="786" HEIGHT="55">
            <Shape><Polygon POINTS="295 695 294 707 1078 711 1080 699 1077 663 1064 667 1037 659 1036 659 983 659 982 659 981 659 959 668 893 668 885 661 885 660 884 660 883 660 882 660 881 660 856 666 812 658 739 658 738 658 737 658 707 666 673 657 672 657 671 657 670 657 652 666 600 666 543 657 542 657 503 662 493 656 492 656 491 656 420 656 419 656 356 664 335 656 334 656 333 656 332 656 331 656 318 663 295 663 295 695"/></Shape>
            <String CONTENT="ud non eſt cernere, quàm Dei bonitatem in credẽtes," HPOS="294" VPOS="656" WIDTH="786" HEIGHT="55" WC="0.9935858609541407"/>
          </TextLine>
          <TextLine ID="line_12" TAGREFS="LT8" BASELINE="295 746 1075 748" HPOS="294" VPOS="711" WIDTH="781" HEIGHT="57">
            <Shape><Polygon POINTS="295 746 294 765 317 766 318 766 319 766 320 766 331 759 371 764 372 764 373 764 387 759 412 764 413 764 414 764 415 764 424 759 517 759 554 766 555 766 766 760 782 767 783 767 784 767 819 760 839 767 840 767 841 767 842 767 865 761 892 767 893 768 917 768 917 767 918 767 919 767 928 760 954 760 963 767 964 767 965 767 966 767 1074 760 1075 748 1073 711 295 714 295 746"/></Shape>
            <String CONTENT="ſeueritatem in impios &amp; contemptores ſui Verbi :" HPOS="294" VPOS="711" WIDTH="781" HEIGHT="57" WC="0.9640358462929726"/>
          </TextLine>
          <TextLine ID="line_13" TAGREFS="LT8" BASELINE="295 799 1080 799" HPOS="295" VPOS="760" WIDTH="785" HEIGHT="57">
            <Shape><Polygon POINTS="295 799 295 809 308 815 309 815 310 815 370 809 393 816 394 816 395 817 433 817 433 816 434 816 453 809 478 816 479 816 480 816 584 815 585 815 599 810 615 816 616 816 617 816 618 816 636 809 655 816 656 816 657 817 696 817 696 816 697 816 709 810 719 815 720 815 721 815 763 809 806 816 807 816 808 816 809 816 820 809 881 815 882 815 883 815 884 815 892 809 961 809 1000 816 1001 816 1002 816 1022 810 1067 816 1068 816 1069 816 1070 816 1080 809 1080 799 1080 769 993 769 975 762 974 762 973 762 868 768 843 760 842 760 803 760 802 760 801 760 772 769 709 769 698 760 697 760 696 760 653 760 652 760 650 760 623 768 575 760 574 760 533 767 515 760 514 760 492 760 491 760 490 760 489 760 475 768 453 760 452 760 451 760 295 766 295 799"/></Shape>
            <String CONTENT="non abijcit niſi malos, nõ ſeruat niſi bonos·Vos Genᛘ" HPOS="295" VPOS="760" WIDTH="785" HEIGHT="57"/>
          </TextLine>
          <TextLine ID="line_14" TAGREFS="LT8" BASELINE="294 847 1078 851" HPOS="293" VPOS="808" WIDTH="785" HEIGHT="59">
            <Shape><Polygon POINTS="294 847 293 859 358 864 359 864 398 858 457 864 458 864 459 864 481 858 515 865 516 865 550 859 581 865 582 865 583 865 584 865 593 859 668 859 687 866 688 866 689 866 969 861 984 867 985 867 986 867 1077 860 1078 851 1077 821 986 820 952 811 951 811 950 811 916 812 915 812 914 812 904 820 802 820 791 810 790 810 789 810 788 810 744 815 715 810 714 810 713 810 696 819 633 809 632 809 600 814 575 809 574 809 573 809 556 816 545 809 544 809 543 809 542 809 500 813 473 808 449 808 448 808 446 808 425 818 396 818 374 808 373 808 349 808 348 808 347 808 346 808 334 817 294 817 294 847"/></Shape>
            <String CONTENT="tes ſi manſeritis in bonitate, in fide, erit uobis bonus:" HPOS="293" VPOS="808" WIDTH="785" HEIGHT="59" WC="0.9937818343179268"/>
          </TextLine>
          <TextLine ID="line_15" TAGREFS="LT8" BASELINE="297 899 1074 901" HPOS="297" VPOS="859" WIDTH="777" HEIGHT="58">
            <Shape><Polygon POINTS="297 899 297 914 337 910 349 915 350 915 351 915 352 915 372 909 384 915 385 915 386 916 463 916 463 915 464 915 476 910 481 915 482 915 483 915 484 915 485 915 486 915 495 909 531 915 532 915 604 909 654 914 655 914 656 914 671 909 742 909 751 916 752 916 753 916 754 916 755 916 769 910 800 915 801 915 802 915 814 910 846 915 847 915 848 915 849 915 857 910 912 910 927 916 928 916 929 916 986 910 996 916 997 916 998 916 999 917 1066 917 1066 916 1067 916 1068 916 1073 911 1074 901 1073 872 997 872 973 861 972 861 971 861 886 862 885 862 884 862 874 869 839 861 838 861 837 861 821 866 782 861 781 861 739 869 719 861 718 861 717 861 716 861 715 861 698 871 679 863 678 863 677 863 618 870 601 860 600 860 599 860 598 860 597 860 565 871 482 871 468 860 467 860 466 860 448 860 446 860 445 860 423 871 340 871 326 860 324 860 323 860 297 859 297 899"/></Shape>
            <String CONTENT="ſin uero gloriari uolueritis de Iudæorum calamitate," HPOS="297" VPOS="859" WIDTH="777" HEIGHT="58" WC="0.9827900861318295"/>
          </TextLine>
          <TextLine ID="line_16" TAGREFS="LT8" BASELINE="299 947 1078 950" HPOS="298" VPOS="911" WIDTH="780" HEIGHT="60">
            <Shape><Polygon POINTS="299 947 298 968 332 969 333 969 334 969 335 969 346 959 426 968 427 968 428 968 450 959 489 969 490 969 529 960 540 966 541 966 542 966 580 960 588 967 589 967 590 967 591 967 592 967 613 960 643 970 644 970 645 971 706 971 706 970 707 970 708 970 720 961 758 968 759 968 792 960 834 971 835 971 836 971 902 961 983 961 995 967 996 967 997 967 1077 960 1078 950 1078 923 1051 913 1050 913 1049 913 1048 913 1047 913 1038 919 995 913 994 913 993 913 992 913 983 919 958 914 957 914 890 922 878 913 877 913 876 913 856 913 855 913 853 913 852 913 840 922 781 916 780 916 729 920 716 912 715 912 714 912 713 912 712 912 686 922 639 922 627 913 626 913 625 913 624 913 623 913 600 920 590 912 589 912 588 912 558 911 557 911 556 911 531 920 469 920 455 911 454 911 453 911 452 911 451 911 430 919 417 911 416 911 415 911 414 911 299 918 299 947"/></Shape>
            <String CONTENT="quid aliud expectabitis, quàm ut rurſus excindami¬" HPOS="298" VPOS="911" WIDTH="780" HEIGHT="60" WC="0.994095455197727"/>
          </TextLine>
          <TextLine ID="line_17" TAGREFS="LT8" BASELINE="298 997 1076 1002" HPOS="297" VPOS="958" WIDTH="779" HEIGHT="67">
            <Shape><Polygon POINTS="298 997 297 1009 313 1017 314 1017 315 1017 316 1017 335 1010 368 1010 423 1018 424 1018 425 1018 444 1012 482 1016 483 1016 545 1011 562 1021 563 1021 564 1021 609 1022 611 1023 665 1023 665 1022 666 1022 667 1022 675 1015 684 1022 685 1022 686 1022 687 1023 717 1023 717 1022 718 1022 719 1022 733 1013 756 1021 757 1021 758 1021 759 1021 760 1021 765 1017 772 1023 774 1023 775 1023 776 1024 810 1024 810 1023 811 1023 834 1013 916 1013 959 1018 960 1018 994 1014 1013 1024 1014 1024 1015 1025 1058 1025 1058 1024 1059 1024 1060 1024 1075 1013 1076 1002 1076 974 1034 962 1033 962 1032 962 1031 962 996 974 961 974 948 962 947 962 946 962 920 961 919 961 918 961 917 961 905 972 873 962 872 962 871 962 870 962 845 972 826 961 825 961 809 961 808 961 807 961 806 961 792 972 672 970 644 960 643 960 642 960 641 960 605 970 594 959 593 959 592 959 571 959 570 959 568 959 567 959 554 970 537 970 525 959 524 959 523 959 522 959 521 959 500 970 441 970 414 958 413 958 354 958 353 958 352 958 326 969 298 969 298 997"/></Shape>
            <String CONTENT="ni? Illi uero Iudæi ſi reſipuerint, uobis abiectis, rurſus" HPOS="297" VPOS="958" WIDTH="779" HEIGHT="67" WC="0.9972025608194286"/>
          </TextLine>
          <TextLine ID="line_18" TAGREFS="LT8" BASELINE="299 1049 1077 1052" HPOS="298" VPOS="1015" WIDTH="779" HEIGHT="55">
            <Shape><Polygon POINTS="299 1049 298 1064 344 1067 345 1067 388 1060 438 1067 439 1067 440 1067 475 1058 533 1058 607 1068 608 1068 609 1068 633 1061 655 1068 656 1068 657 1069 706 1069 706 1068 751 1059 760 1066 761 1066 762 1066 808 1068 809 1068 810 1068 844 1060 923 1067 924 1067 925 1067 947 1060 958 1069 959 1069 960 1069 961 1070 985 1070 985 1069 986 1069 987 1069 996 1062 1059 1067 1060 1067 1061 1067 1076 1060 1077 1052 1076 1025 993 1017 992 1017 947 1024 883 1017 882 1017 881 1017 864 1025 821 1025 768 1018 767 1018 678 1023 609 1016 608 1016 574 1022 533 1015 532 1015 531 1015 530 1015 519 1023 422 1023 411 1016 410 1016 409 1016 408 1016 381 1021 373 1015 372 1015 371 1015 299 1015 299 1049"/></Shape>
            <String CONTENT="adſumentur. Tam bonus, tanque ettam ſeuerus" HPOS="298" VPOS="1015" WIDTH="779" HEIGHT="55" WC="0.9994313883226972"/>
          </TextLine>
          <TextLine ID="line_19" TAGREFS="LT8" BASELINE="298 1101 1077 1101" HPOS="298" VPOS="1101" WIDTH="779" HEIGHT="0">
            <String CONTENT="eſt Deus, ut non patiatur eos perire, quos videt in" HPOS="298" VPOS="1101" WIDTH="779" HEIGHT="0"/>
          </TextLine>
          <TextLine ID="line_20" TAGREFS="LT8" BASELINE="298 1152 1079 1150" HPOS="298" VPOS="1150" WIDTH="781" HEIGHT="2">
            <String CONTENT="viam redire, neq etiam ferat eos qui cum boni fue¬" HPOS="298" VPOS="1150" WIDTH="781" HEIGHT="2"/>
          </TextLine>
          <TextLine ID="line_21" TAGREFS="LT8" BASELINE="301 1200 1075 1202" HPOS="301" VPOS="1165" WIDTH="774" HEIGHT="59">
            <Shape><Polygon POINTS="301 1200 301 1216 342 1210 367 1220 368 1220 369 1220 370 1220 395 1209 438 1222 439 1222 440 1222 490 1210 503 1222 504 1222 505 1222 506 1222 507 1222 508 1222 521 1212 535 1219 536 1219 537 1219 538 1219 539 1219 551 1209 586 1209 658 1222 777 1223 778 1223 779 1223 780 1223 793 1212 827 1219 828 1219 871 1211 903 1223 904 1223 905 1224 939 1224 939 1223 940 1223 941 1223 956 1210 990 1217 991 1217 992 1217 1012 1210 1052 1217 1053 1217 1054 1217 1074 1210 1075 1202 1072 1170 1055 1175 1029 1166 1028 1166 1027 1166 1026 1166 1007 1175 927 1166 926 1166 925 1166 924 1166 912 1176 839 1176 823 1168 822 1168 821 1168 820 1168 819 1168 809 1176 749 1176 738 1167 737 1167 736 1167 735 1167 734 1167 733 1167 722 1175 704 1166 703 1166 702 1166 658 1174 646 1165 645 1165 644 1165 601 1165 600 1165 599 1165 574 1174 546 1167 545 1167 544 1167 520 1174 474 1168 473 1168 422 1174 403 1165 402 1165 401 1165 400 1165 399 1165 389 1175 372 1175 321 1165 320 1165 319 1165 301 1170 301 1200"/></Shape>
            <String CONTENT="rint, degenerent. Vide igitur quam mire ſe Paulus" HPOS="301" VPOS="1165" WIDTH="774" HEIGHT="59" WC="0.997950300878408"/>
          </TextLine>
          <TextLine ID="line_22" TAGREFS="LT8" BASELINE="299 1253 1071 1251" HPOS="298" VPOS="1216" WIDTH="773" HEIGHT="57">
            <Shape><Polygon POINTS="299 1253 299 1267 346 1272 347 1272 348 1272 367 1265 376 1272 377 1272 378 1272 379 1272 380 1272 400 1264 507 1264 533 1270 534 1270 535 1270 573 1264 584 1272 585 1272 586 1272 587 1273 684 1273 684 1272 805 1263 825 1271 826 1271 827 1271 939 1265 948 1271 949 1271 950 1271 951 1271 1021 1265 1069 1269 1071 1251 1069 1225 1007 1224 998 1216 997 1216 996 1216 941 1216 940 1216 939 1216 911 1224 830 1223 817 1216 816 1216 815 1216 814 1216 790 1224 719 1219 718 1219 676 1226 654 1226 639 1217 638 1217 637 1217 636 1217 515 1225 499 1217 498 1217 448 1217 446 1217 445 1217 444 1217 436 1224 422 1217 421 1217 387 1217 386 1217 336 1224 315 1218 314 1218 313 1218 312 1218 298 1225 299 1253"/></Shape>
            <String CONTENT="transformet? nunc Iudæos, nunc Gentes conſolatur," HPOS="298" VPOS="1216" WIDTH="773" HEIGHT="57" WC="0.9902493734748996"/>
          </TextLine>
          <TextLine ID="line_23" TAGREFS="LT8" BASELINE="300 1303 1076 1303" HPOS="300" VPOS="1266" WIDTH="776" HEIGHT="50">
            <Shape><Polygon POINTS="300 1303 300 1313 1075 1316 1076 1303 1076 1270 909 1266 908 1266 907 1266 884 1273 792 1273 762 1266 761 1266 760 1266 738 1272 724 1266 723 1266 629 1266 628 1266 627 1266 614 1271 605 1266 604 1266 603 1266 602 1266 601 1266 588 1273 543 1273 510 1266 509 1266 508 1266 507 1266 499 1273 416 1273 400 1266 399 1266 328 1266 327 1266 326 1266 300 1272 300 1303"/></Shape>
            <String CONTENT="ut diſcamus ad omnes pertinere De i gratiam, Deum" HPOS="300" VPOS="1266" WIDTH="776" HEIGHT="50" WC="0.988358237305466"/>
          </TextLine>
          <TextLine ID="line_24" TAGREFS="LT8" BASELINE="301 1351 1077 1353" HPOS="300" VPOS="1307" WIDTH="777" HEIGHT="62">
            <Shape><Polygon POINTS="301 1351 300 1359 331 1368 332 1368 333 1368 392 1363 497 1368 498 1368 499 1368 500 1368 510 1361 558 1361 639 1368 640 1368 676 1364 688 1369 689 1369 690 1369 716 1364 784 1369 785 1369 786 1369 799 1362 833 1368 834 1368 835 1368 858 1362 908 1362 915 1368 916 1368 917 1368 918 1368 919 1368 934 1362 1020 1367 1021 1367 1022 1367 1023 1367 1031 1362 1063 1369 1064 1369 1065 1369 1066 1369 1076 1361 1077 1353 1077 1320 1055 1308 1054 1308 1035 1308 1034 1308 1033 1308 1012 1319 909 1309 908 1309 907 1309 882 1319 858 1309 857 1309 856 1309 855 1309 853 1309 838 1320 766 1320 745 1308 744 1308 688 1307 687 1307 639 1309 638 1309 637 1309 625 1318 553 1307 471 1307 470 1307 469 1307 437 1318 411 1309 410 1309 409 1309 386 1310 385 1310 384 1310 372 1318 301 1318 301 1351"/></Shape>
            <String CONTENT="non uelle abijcere ullum populum. Sed unde hæc haᛘ" HPOS="300" VPOS="1307" WIDTH="777" HEIGHT="62"/>
          </TextLine>
          <TextLine ID="line_25" TAGREFS="LT8" BASELINE="301 1402 1078 1402" HPOS="301" VPOS="1360" WIDTH="777" HEIGHT="60">
            <Shape><Polygon POINTS="301 1402 301 1419 350 1414 364 1419 365 1419 367 1420 503 1420 503 1419 504 1419 505 1419 511 1414 625 1419 626 1419 673 1414 726 1419 727 1419 772 1414 798 1419 799 1419 800 1419 814 1414 821 1419 822 1419 823 1419 824 1419 848 1414 1077 1417 1078 1402 1078 1363 1042 1360 1041 1360 1040 1360 1039 1360 1018 1373 984 1373 965 1360 964 1360 963 1360 942 1360 941 1360 940 1360 913 1373 843 1373 827 1360 826 1360 825 1360 824 1360 823 1360 793 1369 776 1360 775 1360 742 1360 741 1360 740 1360 739 1360 724 1372 707 1366 706 1366 705 1366 704 1366 703 1366 695 1373 645 1373 620 1360 619 1360 589 1360 588 1360 587 1360 558 1371 530 1360 529 1360 527 1360 526 1360 525 1360 507 1373 492 1373 481 1364 480 1364 479 1364 478 1364 477 1364 476 1364 466 1370 443 1361 442 1361 441 1361 440 1361 421 1372 404 1360 403 1360 402 1360 348 1360 347 1360 346 1360 333 1367 322 1362 321 1362 320 1362 319 1362 301 1371 301 1402"/></Shape>
            <String CONTENT="bet Apoſtolus? ex charitatis æſtu, hoc enim impelliᛘ" HPOS="301" VPOS="1360" WIDTH="777" HEIGHT="60"/>
          </TextLine>
          <TextLine ID="line_26" TAGREFS="LT8" BASELINE="301 1450 1080 1453" HPOS="301" VPOS="1410" WIDTH="779" HEIGHT="62">
            <Shape><Polygon POINTS="301 1450 301 1465 340 1463 361 1470 362 1470 363 1470 395 1463 420 1470 421 1470 422 1470 477 1464 503 1470 504 1470 505 1470 530 1463 539 1470 540 1470 541 1470 542 1470 573 1465 628 1471 629 1471 630 1471 646 1464 662 1471 663 1471 664 1471 695 1464 708 1471 709 1471 710 1471 754 1464 845 1472 846 1472 847 1472 862 1465 955 1465 970 1472 971 1472 972 1472 973 1472 974 1472 983 1465 1008 1465 1062 1472 1063 1472 1064 1472 1079 1464 1080 1453 1079 1412 964 1425 889 1425 873 1412 872 1412 871 1412 870 1412 869 1412 839 1425 713 1425 688 1411 687 1411 561 1410 560 1410 559 1410 535 1423 509 1423 491 1410 490 1410 489 1410 487 1410 428 1411 427 1411 407 1420 301 1420 301 1450"/></Shape>
            <String CONTENT="tur, ut ſimul conſoletur &amp; terreat, plus tamen in ijs" HPOS="301" VPOS="1410" WIDTH="779" HEIGHT="62" WC="0.9905935042309311"/>
          </TextLine>
          <TextLine ID="line_27" TAGREFS="LT8" BASELINE="302 1501 1077 1503" HPOS="301" VPOS="1459" WIDTH="776" HEIGHT="76">
            <Shape><Polygon POINTS="302 1501 301 1532 338 1533 339 1533 340 1533 362 1523 395 1527 396 1527 397 1527 398 1527 404 1522 448 1522 458 1529 459 1529 460 1529 500 1533 501 1533 502 1533 521 1525 659 1533 660 1533 661 1533 662 1533 672 1525 698 1534 699 1534 700 1535 821 1535 821 1534 822 1534 843 1523 898 1523 920 1534 921 1534 922 1535 980 1535 980 1534 981 1534 982 1534 996 1523 1076 1523 1077 1503 1076 1473 1023 1473 991 1460 990 1460 989 1460 988 1460 975 1465 931 1460 930 1460 904 1465 886 1460 885 1460 884 1460 883 1460 882 1460 868 1473 797 1473 774 1460 772 1460 771 1460 708 1465 689 1459 688 1459 653 1459 652 1459 650 1459 649 1459 636 1469 618 1459 617 1459 558 1459 557 1459 556 1459 535 1472 520 1472 508 1461 507 1461 506 1461 505 1461 504 1461 472 1470 449 1463 448 1463 446 1463 412 1471 400 1461 399 1461 398 1461 397 1461 396 1461 377 1471 302 1471 302 1501"/></Shape>
            <String CONTENT="omnibus ineſt conſolationis, quàm terroris, ſi uideas·" HPOS="301" VPOS="1459" WIDTH="776" HEIGHT="76" WC="0.9836852149529891"/>
          </TextLine>
        </TextBlock>
        <TextBlock HPOS="89" VPOS="1065" WIDTH="203" HEIGHT="109" ID="block_7" TAGREFS="BT3825">
          <Shape><Polygon POINTS="292 1065 292 1174 89 1174 89 1065"/></Shape>
          <TextLine ID="line_28" TAGREFS="LT8" BASELINE="93 1101 289 1101" HPOS="93" VPOS="1063" WIDTH="196" HEIGHT="55">
            <Shape><Polygon POINTS="288 1101 289 1084 289 1117 287 1118 285 1118 251 1113 93 1113 93 1066 114 1064 116 1064 145 1071 173 1063 176 1063 208 1071 228 1063 230 1063 287 1070"/></Shape>
            <String CONTENT="Gratia ad omᛘ" HPOS="93" VPOS="1063" WIDTH="196" HEIGHT="55"/>
          </TextLine>
          <TextLine ID="line_29" TAGREFS="LT8" BASELINE="92 1153 289 1152" HPOS="91" VPOS="1116" WIDTH="198" HEIGHT="64">
            <Shape><Polygon POINTS="92 1153 91 1124 221 1116 223 1116 246 1124 282 1118 285 1118 289 1119 289 1165 260 1165 232 1180 229 1180 210 1169 190 1178 188 1178 92 1171"/></Shape>
            <String CONTENT="nes pertinet·" HPOS="91" VPOS="1116" WIDTH="198" HEIGHT="64"/>
          </TextLine>
        </TextBlock>
        <TextBlock HPOS="988" VPOS="1525" WIDTH="90" HEIGHT="48" ID="block_8" TAGREFS="BT17">
          <Shape><Polygon POINTS="1078 1525 1078 1573 988 1573 988 1525"/></Shape>
          <TextLine ID="line_30" TAGREFS="LT8" BASELINE="994 1557 1074 1555" HPOS="993" VPOS="1525" WIDTH="81" HEIGHT="48">
            <Shape><Polygon POINTS="1034 1525 1024 1525 1013 1525 1003 1525 993 1529 994 1557 994 1573 1074 1568 1074 1555 1072 1528 1035 1525 1034 1525"/></Shape>
            <String CONTENT="Non" HPOS="993" VPOS="1525" WIDTH="81" HEIGHT="48" WC="0.9998924930890402"/>
          </TextLine>
        </TextBlock>
      </PrintSpace>
    </Page>
  </Layout>
</alto>
