1175 1868
411.0 107.0 621.0 64.0 COMMENT· POMER·

540.0 177.0 330.0 64.0 Vt obediatur.

391.0 237.0 721.0 60.0 Id eſt, ut omnes Gentes ſubdantur fidei, & cre

336.0 284.0 778.0 64.0 dant Euangelio· Nullus hominum maneat in ſuis iu¬

336.0 334.0 775.0 67.0 ſtitijs & uiribus: decedant à fiducia ſui, ſintq́; in no

335.0 390.0 550.0 64.0 uo regno fidet: neminem uult excipi.

467.0 466.0 506.0 66.0 Super ipſius nomine.

385.0 526.0 725.0 57.0 Hoc addit, ut ſciamus, de qua fide dicat, finxe¬

334.0 572.0 778.0 61.0 runt enim Gentes & Iudæi hypocritæ, ſibi fidẽ quanᛘ

336.0 622.0 774.0 61.0 dam, fidebant ſuis ceremonijs & iuſtitijs carnis·  Veᛘ

334.0 676.0 777.0 55.0 rum illa coram Deo non ualet· Fides ergo uera eſt inᛘ

337.0 726.0 771.0 59.0 unigenitum Dei filium, ut eſt in Iohan· Nemo ita

338.0 776.0 773.0 58.0 ſperare poteſt ſalutem, ex ullius creaturæ uirtute, aut

336.0 822.0 774.0 63.0 ullis ſuis meritis· Non eſt aliud nomen ſub cœlo, in

336.0 877.0 570.0 63.0 quo ſaluamur, ut ait Petrus in Actis:

131.0 661.0 175.0 61.0 Fides uera·

472.0 954.0 506.0 63.0 Quorum de numero.

381.0 1011.0 685.0 63.0 Id eſt, eorum, qui ſanctificandi ſunt per fidem·

610.0 1070.0 186.0 61.0 Vocati.

135.0 1152.0 200.0 59.0 Vocari in ſcriᛘ

131.0 1204.0 202.0 64.0 ptura bifariã

133.0 1260.0 150.0 70.0 accipitur·

397.0 1128.0 718.0 60.0 Quaſi dicat, Vocaticij·  Vocari, in ſcriptura bifaᛘ

341.0 1176.0 772.0 63.0 riã accipitur·  Nam aliud eſt uocari ad munus Apoſtoᛘ

340.0 1226.0 773.0 61.0 licum, ut ſupra dixit Paulus de ſeipſo, Vocatus ad muᛘ

335.0 1278.0 777.0 58.0 nus Apoſtolicum·  Aliud item uocari ad Chriſtum per

337.0 1329.0 778.0 58.0 Euangelij prædicationem· Ad Chriſtum uocati ſunt

337.0 1381.0 778.0 56.0 omnes Chriſtiani, quia omnes illius nomen confiteri

337.0 1432.0 777.0 55.0 debent·  Verum non omnes uocati ſunt ad prædican¬

339.0 1479.0 777.0 74.0 dum Euangelium·  Eſt igitur prædicatio, miniſterium

1020.0 1534.0 94.0 68.0 quod
