1208 1850
417 91 654 70 COMMENT· POMER·

333 169 787 63 roſolymis, præter hoc enim, ꝙ eis bona erant dire¬

335 213 784 71 pta, erat & illic magna fames ſub Claudio facta, quaᛘ

333 261 778 74 re, & ipſe collegerat in eccleſijs Græcorũ eleemoſy

333 315 776 67 nam, quam Hieroſolymam portabat: interim uero,

332 365 785 70 & modeſtiſſime hortatur Romanos, exemplo Græᛘ

332 415 784 70 carum eccleſiarum, ut & ipſi ægentibus ſua eleemoᛘ

333 466 674 67 ſyna ſubueniant: ſed textus hæc clarius dicit·

335 525 778 60 COMMVNICATIONEM, Id eſt, eleemoſynã

393 579 537 67 Nam ita uiſum eſt ipſis.

373 637 737 60 Id eſt, ita eis placuit: non dicit, nos noſtra præ

333 682 769 68 dicatione eos coëgimus ut darent, ſed ſponte, &

334 737 343 60 hilari animo dederunt·

394 795 505 58 Et debitores illorum.

380 856 616 57 Scilicet, qui ſunt pauperes Hieroſolymis·

456 912 164 58 Sunt.

384 969 728 62 Quia ex Ieruſalem, propagatum eſt ad eos om¬

336 1021 268 59 nes Euangelium·

392 1077 552 61 Etenim ſi ſpiritualia ſua.

380 1138 735 55 Eodem argumento in Corinthijs utitur, item ad

335 1181 782 63 Gala.6. Non poſſumus noſtram fidem, & Verbum

334 1227 779 72 quo ditati ſumus in cordibus noſtris, alijs communi¬

339 1276 774 69 care aliter, niſi prædicatione Euangelij, quæ commu

336 1353 776 46 nicatio ſanc eſt ſpiritualis : par eſt igitur, ut ij quibus

336 1384 783 64 communicamus, communicent & nobis ſua tempo¬

339 1430 658 73 ralia, & quæ ſunt neceßitatis uitæ noſtræ·

336 1302 777 43 carc aliter, niſi prædicatione Enangelij, quæ commu

339 1333 773 66 nicatio ſane eſt ſpiritualis: par eſt igitur, ut ij quibus

375 1493 621 69 Hoc igitur ubi perlecero.

129 1262 199 80 Docetibus de

131 1333 197 65 bere uictum·

1035 1555 88 66 Satis
