1182 1840
127 99 648 65 IN EPIST· AD ROM·

70 176 772 57 ti, id est, qui autor eſt omnis peccati, qualis hactenus

74 219 763 67 fuit Papa · Miſſus eſt itaq; ille ſpiritus ſanctificans

74 271 770 62 in corda credentiũ, poſt Chriſti aſcenſionẽ· Anima

63 323 782 60 enim cũ adhuc eſſet in carne mortali, non id crede¬

72 375 772 58 re potuit· Et ut dicit Eſaias· Non reputauimus eum·

72 426 774 57 Neceſſario igitur moriebatur, ut ueniret aliquando il

71 472 773 61 le ſpiritus, qui declararet cũ potentia in cordibus hoᛘ

72 524 446 62 minum iplum eſſe filium Dei·

205 585 489 57 Reſurrexit emortuis.

120 644 725 56 Sic declaratus & oſtenſus eſt manifeſte corã omniᛘ

72 691 773 60 bus, in confuſionẽ impiorum, quod eſſet non homoᛘ

69 745 777 58 tantu, ſed & Deus. Hominẽ nemo ignorabat, quia

70 787 776 68 ex ſe mine Dauidis erat genttus, ſed Deum nemo eſſe

70 843 776 64 Jenſit, donec uirtute Det reſuſcitatus eſt· Quis enim

68 895 777 58 hominum unquam è morte potuit ſuis uiribus reſurgeᛘ

68 942 779 57 re? Hæc ideo dicuntur, ut confidamus firmiter per

68 991 781 64 eum nos ſaluandos, qui Deus & homo eſt, & mediaᛘ

70 1044 457 58 tor inter Deum & hominem·

806 118 29 53 6

206 1105 497 62 Per quem accepimus.

116 1164 724 57 Iã redit ad id quod de ſua uocatione dicere ceperat·

331 1218 229 61 Gratiam.

849 769 200 130 Chriſtus ſolus

855 877 141 1 me diator·

119 1276 721 55 Non poſſunt homines munus Apoſtolicum accipeᛘ

74 1323 769 61 re, niſi prius gratiam accipiant, niſi Deus illis fa¬

71 1375 767 58 ueat, & mittat ſuum ſpiritum, per quem prædicent

69 1424 770 58 efficaciter Verbum· Deinde addit: Ad hoc accepimuᛘ

61 1475 658 69 nus Apoſtolicum, uel legationem Euangelij·
