1209 1844
155 82 658 68 IN EPIST· AD ROM·

334 159 290 67 Et per illud.

159 220 722 56 Scilicet, peccatum, occidit me lex, quia ipſa eſt

111 268 715 61 uirtus peccati, habetq́ ius occidendi peccatores·

316 328 352 61 Ita lex ſancta.

167 385 711 62 Quia Dei eſt, eſt enim peccati agnitio, uetat́

115 434 487 62 malum, ideo́ mala eſſe nequit·

246 495 464 63 Ergo quod bonum.

152 550 734 55 Alia eſt Occupatio, ſic caro infert: Lex cum ſit boᛘ

115 595 772 60 na, mihi facta eſt mors & damnatio, quæ ſane non eſt

113 647 772 63 niſi peßimares, ergo non poteſt eſſe, aut dici bona,

115 698 328 67 Reſpondet Apoſtolus

389 753 166 64 Abſit.

169 814 715 59 Quaſi diceret, impietatis hæc ſunt argumenta,

118 860 306 65 & Dei blaſphemia·

827 86 46 58 70

311 924 358 55 Imo peccatum.

169 979 720 57 Eſt mihi mortis cauſſa, per legem, quæ bona eſt,

118 1024 773 63 in hoc, dum oſtendit mihi ipſum peccatum, quod

115 1073 774 62 latebat in corde, me neſciente: uoluit lex prohibere

117 1117 769 71 & oſtendere mihi concupiſcentiam, dum́ id egiſ¬

118 1172 767 72 ſet, cœpi inſanire, cognoui́ per eam me damnari,

114 1225 775 62 tametſi id non agebat primum, at magis ut peccatum

116 1276 774 62 cognoſcerem: meo uitio ergo factum quod lex ma¬

116 1322 772 65 la uideri poterat· Quemadmodum culter, qui fa¬

116 1374 771 62 ctus eſt in bonum uſum, ſcindendi panis, bonus

114 1422 772 62 eſt, at ſi eo abutar, me hoc occidendo, malus di¬

110 1473 772 72 cipoſſet, cum tamen malus non ſit· Sic de legis

897 1159 199 2 Peccatũ mor¬

897 1208 142 2 tis cauſſa·
