1189 1841
434.0 98.0 620.0 53.0 COMMENT· POMER·

355.0 166.0 771.0 52.0 trahimur deſyderio, quemadmodum ſpiritu carnis

356.0 212.0 772.0 56.0 trahimur & ferimur in carnalia, ut ille dixit: Tra¬

355.0 260.0 774.0 61.0 hit ſua quenque uoluptas. Verũ ne quis dicat: Si tra¬

354.0 312.0 773.0 56.0 himur, ergo non eſt libertas? Recte-Hæc tractio miᛘ

355.0 364.0 769.0 55.0 ro quodam fit gaudio & cordis dilatatione, in Deo:

353.0 410.0 772.0 61.0 tametſi interim quoq; nõ per omnia Adæ ueteri plaᛘ

354.0 462.0 762.0 59.0 ceat, ideoq́; magis ad hunc quod trahatur referes, 

354.0 512.0 768.0 53.0 ad Dei ſpiritum, aut nouum hominem, nam is ſua

359.0 560.0 763.0 62.0 ſponte in omne bonum fertur, ne etiam niſi deſy¬

353.0 613.0 769.0 58.0 derantem trahit Deus per illum ſpiritum, qui dum

353.0 660.0 771.0 62.0 traheris, tibi deſyderium in Deum ſimul ingeßit, ſed

351.0 714.0 769.0 60.0 hoc caret caro, habet autem & ſuum deſyderium,

356.0 762.0 766.0 64.0 quo fertur, ſicut ſuum ſpiritum, quod ex diametro

357.0 814.0 619.0 68.0 pugnat cum ſancto hoc deſyderio ſpiritus·

562.0 886.0 301.0 62.0 Spiritu Dei.

397.0 949.0 728.0 56.0 Scilicet, non ſuo· Hic iterum uides, quid ſit car¬

353.0 993.0 772.0 62.0 naliter uiuere, nempe ſuo ſpiritu agi, & ambulare

354.0 1043.0 772.0 64.0 ſecundũ adfectus qui ſunt in carne. Ergo optima quæ

355.0 1094.0 770.0 62.0 que opera in ſpeciem, ſi non è Dei ſpiritu profluant,

351.0 1142.0 779.0 64.0 impia ſunt · Niſi ille te doceat, & moneat quid faci¬

350.0 1193.0 427.0 62.0 as, nihil tua ratione efficies·

546.0 1250.0 385.0 64.0 Hi ſunt filij Dei.

398.0 1314.0 731.0 56.0 Propter ſpiritum inhabitantem, quẽ eundem ha¬

350.0 1362.0 777.0 57.0 bent cum Deo· Quemadmodũ filius carnalis unam

347.0 1409.0 780.0 60.0 habet carnem cum patre, & uxor & maritus ſunt

343.0 1457.0 787.0 77.0 'una caro: Sic, Cuius ſpiritus nos & Deum unum faᛘ

957.0 1519.0 166.0 67.0 cu, id eſt,
