1179 1845
127 83 651 70 IN EPIST· AD ROM·

71.0 153.0 779.0 69.0 dominis huius temporis, ſubditi ſimus, non tantum

73.0 193.0 774.0 86.0 propter publicam pacem, ſed etiã propter conſcientiã

130 276 633 69 Omnis anima poteſtatibus.

115.0 334.0 725.0 63.0 Hebraiſmus eſt: de Chriſtianis hæc dicit, quid ad

70.0 377.0 767.0 73.0 Apoſtolos non pertinent ij, qui foris ſunt, ut in Corin.

69.0 428.0 771.0 71.0 dicit. Noſtri principes deberent multum gaudere,

69.0 477.0 770.0 71.0 etiam ſecundum carnem de talt prædicatione: at quia

71.0 528.0 772.0 72.0 excæcati ſunt, aliud non poſſunt, quàm blaſphema¬

71.0 581.0 774.0 68.0 re, & impudentißime mentiri, dicentes, nos tantũ

73.0 630.0 773.0 70.0 prædicare, ne obediatur, ſed breui mercedem ſuam

72.0 677.0 776.0 75.0 accepturt ſunt, niſi meliorẽ gloriã dent Verbo Dei, iã

72.0 729.0 773.0 68.0 reuelato. Nos pro illis docemus: Papiſtæ ſe dominos

71.0 782.0 778.0 70.0 eorũ faciebãt, tamẽ propẽſiores ſemper in illos quàm

72.0 830.0 776.0 83.0 in nos adhuc hodie ſunt· At hæc ſunt Dei iudicia.

789 70 60 71 149

70.0 906.0 781.0 75.0 Non enim eſt poteſtas, niſi a Deo.

864.0 339.0 187.0 60.0 Magiſtratus

850.0 401.0 201.0 51.0 autoritas non

847.0 438.0 191.0 61.0 labefactatur

849.0 491.0 175.0 65.0 Euangelio·

117.0 973.0 735.0 60.0 Eſt hoc labefactare, aut infringere, autoritatem

72.0 1016.0 779.0 70.0 Magiſtratuum, & poteſtatum mundi? Vix poteſt in

72.0 1067.0 779.0 68.0 tota Scriptura tam inſigne Principum mundi Enco¬

73.0 1115.0 777.0 68.0 mium inuenti, quàm habet, uel hic unicus locus,

73.0 1165.0 779.0 74.0 ne tam ſtultus quiſpiam eſt, ut intelligat, hic Paulũ

73.0 1217.0 779.0 64.0 de alia, quàm mundi poteſtate loqui, à Deo ordinata,

74.0 1263.0 780.0 73.0 hoc eſt, de illa, quæ portat gladium in defenßionem boᛘ

74.0 1318.0 776.0 68.0 norunt, cui propter damus honorem, tributum &c¬

74.0 1364.0 784.0 74.0 An hæc obſcura ſunt? non loquitur de poteſtate Sa¬

76.0 1421.0 361.0 65.0 thanæ, aut inferorum·

150 1485 606 72 Quæ uero ſunt poteſtates?

676.0 1547.0 67.0 55.0 T 5
