<?xml version='1.0' encoding='UTF-8'?>
<alto xmlns:xsi="http://www.w3.org/2001/XMLSchema-instance" xmlns="http://www.loc.gov/standards/alto/ns-v4#" xsi:schemaLocation="http://www.loc.gov/standards/alto/ns-v4# http://www.loc.gov/standards/alto/v4/alto-4-2.xsd">
  <Description>
    <MeasurementUnit>pixel</MeasurementUnit>
    <sourceImageInformation>
      <fileName>10AC1F79_uk4nGb4rzjN2nTBF_00302.jpg</fileName>
    </sourceImageInformation>
  </Description>
  <Tags>
    <OtherTag ID="BT7" LABEL="CustomZone" DESCRIPTION="block type CustomZone"/><OtherTag ID="BT8" LABEL="DamageZone" DESCRIPTION="block type DamageZone"/><OtherTag ID="BT9" LABEL="DigitizationArtefactZone" DESCRIPTION="block type DigitizationArtefactZone"/><OtherTag ID="BT10" LABEL="DropCapitalZone" DESCRIPTION="block type DropCapitalZone"/><OtherTag ID="BT11" LABEL="GraphicZone" DESCRIPTION="block type GraphicZone"/><OtherTag ID="BT12" LABEL="MainZone" DESCRIPTION="block type MainZone"/><OtherTag ID="BT13" LABEL="MarginTextZone" DESCRIPTION="block type MarginTextZone"/><OtherTag ID="BT14" LABEL="MusicZone" DESCRIPTION="block type MusicZone"/><OtherTag ID="BT15" LABEL="NumberingZone" DESCRIPTION="block type NumberingZone"/><OtherTag ID="BT17" LABEL="QuireMarksZone" DESCRIPTION="block type QuireMarksZone"/><OtherTag ID="BT18" LABEL="RunningTitleZone" DESCRIPTION="block type RunningTitleZone"/><OtherTag ID="BT19" LABEL="SealZone" DESCRIPTION="block type SealZone"/><OtherTag ID="BT20" LABEL="StampZone" DESCRIPTION="block type StampZone"/><OtherTag ID="BT21" LABEL="TableZone" DESCRIPTION="block type TableZone"/><OtherTag ID="BT22" LABEL="TitlePageZone" DESCRIPTION="block type TitlePageZone"/><OtherTag ID="BT3824" LABEL="MainZone-Continued" DESCRIPTION="block type MainZone-Continued"/><OtherTag ID="BT3825" LABEL="MarginTextZone-Notes" DESCRIPTION="block type MarginTextZone-Notes"/><OtherTag ID="BT3826" LABEL="MainZone-Head" DESCRIPTION="block type MainZone-Head"/><OtherTag ID="BT3827" LABEL="MainZone-P" DESCRIPTION="block type MainZone-P"/>
    <OtherTag ID="LT7" LABEL="CustomLine" DESCRIPTION="line type CustomLine"/><OtherTag ID="LT8" LABEL="DefaultLine" DESCRIPTION="line type DefaultLine"/><OtherTag ID="LT9" LABEL="DropCapitalLine" DESCRIPTION="line type DropCapitalLine"/><OtherTag ID="LT10" LABEL="HeadingLine" DESCRIPTION="line type HeadingLine"/><OtherTag ID="LT11" LABEL="InterlinearLine" DESCRIPTION="line type InterlinearLine"/><OtherTag ID="LT12" LABEL="MusicLine" DESCRIPTION="line type MusicLine"/>
  </Tags>
  <Layout>
    <Page WIDTH="1193" HEIGHT="1843" PHYSICAL_IMG_NR="103" ID="eSc_dummypage_">
      <PrintSpace HPOS="0" VPOS="0" WIDTH="1193" HEIGHT="1843">
        <TextBlock HPOS="381" VPOS="101" WIDTH="625" HEIGHT="53" ID="block_1" TAGREFS="BT18">
          <Shape><Polygon POINTS="1006 101 1006 154 381 154 381 101"/></Shape>
          <TextLine ID="line_1" TAGREFS="LT8" BASELINE="387 139 1002 135" HPOS="386" VPOS="101" WIDTH="616" HEIGHT="55">
            <Shape><Polygon POINTS="969 101 959 101 949 101 939 101 928 101 918 101 908 101 898 101 887 101 877 101 876 101 875 102 846 101 846 101 836 101 826 101 816 101 805 101 795 101 785 101 775 101 764 101 756 101 753 104 717 104 706 101 703 101 693 101 689 101 685 105 569 105 555 101 549 101 539 101 531 105 484 101 478 101 469 101 460 105 415 101 406 101 399 101 386 106 387 139 387 156 465 148 489 155 490 155 491 155 539 154 572 147 587 154 588 154 589 155 650 155 650 154 651 154 671 147 692 154 693 154 694 154 695 154 696 154 706 147 720 152 721 152 722 152 723 152 725 152 725 151 731 146 755 146 762 152 762 153 763 153 764 153 765 153 767 153 785 146 886 151 887 151 888 151 889 151 896 145 921 152 922 152 923 152 924 152 939 145 980 152 981 152 982 152 1002 144 1002 135 1000 102 976 101 969 101"/></Shape>
            <String CONTENT="COMMENT· POMER·" HPOS="386" VPOS="101" WIDTH="616" HEIGHT="55"/>
          </TextLine>
        </TextBlock>
        <TextBlock HPOS="95" VPOS="258" WIDTH="210" HEIGHT="212" ID="block_2" TAGREFS="BT3825">
          <Shape><Polygon POINTS="305 258 305 470 95 470 95 258"/></Shape>
          <TextLine ID="line_2" TAGREFS="LT8" BASELINE="131 299 305 300" HPOS="129" VPOS="245" WIDTH="175" HEIGHT="72">
            <Shape><Polygon POINTS="130 297 129 308 158 317 159 317 161 317 302 311 304 299 304 258 253 245 252 245 250 245 130 256 130 297"/></Shape>
            <String CONTENT="Sacrificium" HPOS="129" VPOS="245" WIDTH="175" HEIGHT="72" WC="0.9992941509593617"/>
          </TextLine>
          <TextLine ID="line_3" TAGREFS="LT8" BASELINE="104 349 305 352" HPOS="101" VPOS="304" WIDTH="203" HEIGHT="63">
            <Shape><Polygon POINTS="103 348 101 365 301 367 304 351 304 314 282 305 281 305 279 305 206 311 201 305 199 305 199 304 198 304 196 304 195 304 103 310 103 348"/></Shape>
            <String CONTENT="Chriſtianorũ" HPOS="101" VPOS="304" WIDTH="203" HEIGHT="63" WC="0.9990664903934185"/>
          </TextLine>
          <TextLine ID="line_4" TAGREFS="LT8" BASELINE="102 401 305 401" HPOS="101" VPOS="359" WIDTH="203" HEIGHT="71">
            <Shape><Polygon POINTS="101 400 101 423 161 417 193 428 195 428 302 430 304 400 302 359 101 363 101 400"/></Shape>
            <String CONTENT="non ſemel per" HPOS="101" VPOS="359" WIDTH="203" HEIGHT="71" WC="0.9698793979791495"/>
          </TextLine>
          <TextLine ID="line_5" TAGREFS="LT8" BASELINE="106 450 223 452" HPOS="105" VPOS="407" WIDTH="118" HEIGHT="69">
            <Shape><Polygon POINTS="106 450 105 473 160 468 180 476 181 476 182 476 183 476 184 476 196 466 221 466 223 452 223 421 171 420 149 409 148 409 106 407 106 450"/></Shape>
            <String CONTENT="ficitur." HPOS="105" VPOS="407" WIDTH="118" HEIGHT="69" WC="0.9994385987520218"/>
          </TextLine>
        </TextBlock>
        <TextBlock HPOS="306" VPOS="167" WIDTH="789" HEIGHT="1293" ID="block_3" TAGREFS="BT3824">
          <Shape><Polygon POINTS="1095 167 1095 1460 306 1460 306 167"/></Shape>
          <TextLine ID="line_6" TAGREFS="LT8" BASELINE="309 205 1091 199" HPOS="308" VPOS="167" WIDTH="783" HEIGHT="59">
            <Shape><Polygon POINTS="1004 167 994 167 984 167 973 167 963 167 953 167 943 167 932 167 922 167 912 167 902 167 891 167 881 167 871 167 861 167 850 167 840 167 839 167 836 170 792 170 787 167 779 167 769 167 758 167 748 167 738 167 728 167 720 167 716 170 702 167 697 167 687 167 676 167 666 167 656 167 646 167 635 167 625 167 615 167 605 167 602 167 594 172 554 167 554 167 543 167 533 167 528 167 522 174 450 174 443 167 441 167 431 167 420 167 410 167 400 167 390 167 386 167 378 174 315 169 314 169 313 169 312 169 308 173 309 205 309 217 325 225 326 225 327 225 362 218 376 225 377 225 378 226 410 226 410 225 411 225 440 217 479 224 480 225 534 225 534 224 535 224 536 224 545 218 576 223 577 223 578 223 591 216 698 223 699 223 1090 211 1091 199 1089 169 1008 167 1004 167"/></Shape>
            <String CONTENT="egregium, quod non iudicio Dei proſternatur · Verũ" HPOS="308" VPOS="167" WIDTH="783" HEIGHT="59" WC="0.9814588041866527"/>
          </TextLine>
          <TextLine ID="line_7" TAGREFS="LT8" BASELINE="309 254 1089 250" HPOS="308" VPOS="212" WIDTH="781" HEIGHT="62">
            <Shape><Polygon POINTS="309 254 309 267 437 272 438 272 464 267 501 274 502 274 503 274 518 267 565 267 573 273 574 273 575 273 576 273 648 268 660 273 661 273 662 273 663 273 664 273 673 267 696 273 697 273 698 273 699 273 717 266 776 272 777 273 873 273 873 272 874 272 896 265 921 271 922 271 923 271 1088 265 1089 250 1088 219 1071 212 1070 212 971 212 970 212 969 212 945 219 900 212 899 212 898 212 897 212 883 222 813 213 812 213 811 213 777 223 702 223 692 215 691 215 690 215 615 215 614 215 613 215 592 223 523 219 522 219 488 224 466 216 465 216 464 216 390 218 389 218 388 218 378 225 341 225 324 216 323 216 322 216 321 216 308 219 309 254"/></Shape>
            <String CONTENT="interim aduerte, quã diligenter ſemper loquatur deᛘ" HPOS="308" VPOS="212" WIDTH="781" HEIGHT="62"/>
          </TextLine>
          <TextLine ID="line_8" TAGREFS="LT8" BASELINE="316 300 1089 302" HPOS="313" VPOS="259" WIDTH="775" HEIGHT="60">
            <Shape><Polygon POINTS="315 299 313 319 1086 314 1088 301 1085 259 1016 268 1000 259 999 259 997 259 996 259 936 267 874 259 873 259 871 259 837 270 733 270 724 261 724 259 722 259 721 259 719 259 717 259 694 268 624 259 622 259 621 259 619 259 619 261 610 268 315 262 315 299"/></Shape>
            <String CONTENT="ſacrificio hoc corporum noſtrorum, id ſcilicet nondũ" HPOS="313" VPOS="259" WIDTH="775" HEIGHT="60" WC="0.9944079597041292"/>
          </TextLine>
          <TextLine ID="line_9" TAGREFS="LT8" BASELINE="316 352 430 354 1089 350" HPOS="313" VPOS="307" WIDTH="775" HEIGHT="64">
            <Shape><Polygon POINTS="315 351 315 371 1086 370 1088 348 1083 307 1030 317 994 308 993 308 896 308 894 308 834 317 650 310 648 310 550 320 339 311 338 311 336 311 313 320 315 351"/></Shape>
            <String CONTENT="eſſe perfectum, uerum adhuc fiert, quia ſacrificamus" HPOS="313" VPOS="307" WIDTH="775" HEIGHT="64" WC="0.9985881745815277"/>
          </TextLine>
          <TextLine ID="line_10" TAGREFS="LT8" BASELINE="316 401 1086 401" HPOS="315" VPOS="362" WIDTH="770" HEIGHT="63">
            <Shape><Polygon POINTS="315 400 315 425 475 417 545 425 647 417 668 425 1085 419 1085 371 1030 362 1025 362 1010 371 947 363 939 373 830 373 785 362 780 362 771 373 737 373 613 362 608 362 599 370 561 362 516 371 476 362 465 373 378 373 365 362 361 362 315 371 315 400"/></Shape>
            <String CONTENT="adhuc, necdum ſacrificautmus plene: &amp; quemadmo" HPOS="315" VPOS="362" WIDTH="770" HEIGHT="63" WC="0.9991106313207875"/>
          </TextLine>
          <TextLine ID="line_11" TAGREFS="LT8" BASELINE="308 455 1087 450" HPOS="307" VPOS="413" WIDTH="780" HEIGHT="61">
            <Shape><Polygon POINTS="308 455 308 470 417 467 461 474 462 474 463 474 464 474 475 467 519 472 520 472 521 472 539 466 584 473 585 473 586 473 602 466 617 473 618 473 619 473 687 466 707 470 708 470 709 470 710 470 718 465 812 470 813 470 814 470 835 464 874 470 875 470 876 470 877 470 885 464 920 469 921 469 922 469 935 463 1028 469 1029 469 1086 462 1087 450 1084 413 1039 421 1032 416 1031 416 1030 416 981 414 980 414 978 414 977 414 971 419 953 413 952 413 951 413 950 413 928 422 871 414 870 414 869 414 839 423 774 423 739 417 738 417 666 423 628 415 627 415 626 415 606 424 597 417 595 417 594 417 593 417 592 417 571 424 546 417 545 417 544 417 513 424 499 416 498 416 497 416 496 416 400 417 399 417 398 417 389 423 333 417 332 417 331 417 307 426 308 455"/></Shape>
            <String CONTENT="dum Chriſtus obtulit ſe patri in cruce, ſic nos iam cruᛘ" HPOS="307" VPOS="413" WIDTH="780" HEIGHT="61"/>
          </TextLine>
          <TextLine ID="line_12" TAGREFS="LT8" BASELINE="308 505 1087 501" HPOS="307" VPOS="463" WIDTH="780" HEIGHT="64">
            <Shape><Polygon POINTS="308 505 308 519 324 519 335 526 336 526 337 526 338 527 455 527 455 526 456 526 481 519 584 525 585 525 635 518 653 525 654 525 655 525 656 525 669 520 735 524 736 524 737 524 750 517 770 524 771 524 772 524 773 524 800 517 832 524 833 524 834 524 835 524 844 517 934 523 935 523 936 523 960 516 1086 516 1087 501 1084 465 973 473 948 463 947 463 905 463 904 463 903 463 880 474 850 464 849 464 813 464 812 464 811 464 810 464 797 475 716 475 672 465 671 465 617 473 592 465 591 465 590 465 589 465 588 465 577 475 354 466 353 466 307 477 308 505"/></Shape>
            <String CONTENT="ci ſuffixi ſumus &amp; ſacrificamur, deſtinati ſumus toti" HPOS="307" VPOS="463" WIDTH="780" HEIGHT="64" WC="0.9933832591434695"/>
          </TextLine>
          <TextLine ID="line_13" TAGREFS="LT8" BASELINE="309 555 1087 551" HPOS="308" VPOS="517" WIDTH="779" HEIGHT="57">
            <Shape><Polygon POINTS="309 555 309 567 322 573 323 573 324 573 373 568 409 574 410 574 411 574 431 568 470 574 471 574 513 573 514 573 515 573 525 567 627 573 628 573 663 567 713 571 714 571 715 571 716 571 722 566 776 572 777 572 812 566 842 572 843 572 844 572 845 572 853 567 906 571 907 571 908 571 926 565 943 571 944 571 945 571 981 565 1059 571 1060 571 1061 571 1087 564 1087 551 1085 524 1040 517 1039 517 962 523 953 517 952 517 951 517 892 517 891 517 890 517 864 524 772 518 771 518 770 518 743 524 661 519 660 519 609 525 600 519 599 519 598 519 567 519 566 519 565 519 564 519 556 525 465 520 464 520 408 526 398 520 397 520 396 520 395 520 308 527 309 555"/></Shape>
            <String CONTENT="morti, attamen adhuc uiuunt corpora noſtra: habenᛘ" HPOS="308" VPOS="517" WIDTH="779" HEIGHT="57"/>
          </TextLine>
          <TextLine ID="line_14" TAGREFS="LT8" BASELINE="310 606 1084 601" HPOS="309" VPOS="566" WIDTH="775" HEIGHT="60">
            <Shape><Polygon POINTS="310 606 310 626 339 620 425 625 427 625 464 619 604 624 605 624 650 618 773 623 774 623 1084 615 1084 601 1082 569 1044 566 1043 566 1042 566 1041 566 1032 574 990 574 969 566 968 566 967 566 927 573 909 567 908 567 907 567 906 567 905 567 896 573 867 569 866 569 865 569 847 574 833 567 832 567 803 567 802 567 801 567 783 574 765 569 764 569 763 569 762 569 761 569 754 576 677 576 622 568 621 568 620 568 619 568 608 576 569 569 568 569 534 576 515 569 514 569 513 569 462 577 372 570 371 570 309 578 310 606"/></Shape>
            <String CONTENT="tur pro mortuis coram Deo, tametſi nondum prorſus" HPOS="309" VPOS="566" WIDTH="775" HEIGHT="60" WC="0.9954010479304255"/>
          </TextLine>
          <TextLine ID="line_15" TAGREFS="LT8" BASELINE="311 656 1081 651" HPOS="310" VPOS="613" WIDTH="771" HEIGHT="64">
            <Shape><Polygon POINTS="311 656 311 668 403 668 419 676 420 676 421 677 454 677 454 676 455 676 477 667 727 667 763 673 764 673 765 673 786 665 798 673 799 673 800 673 801 674 836 674 836 673 837 673 838 673 847 666 863 673 864 673 865 673 917 672 918 672 932 666 947 672 948 672 949 673 984 673 984 672 985 672 986 672 995 665 1004 672 1005 672 1006 672 1007 672 1080 668 1081 651 1078 614 1007 621 997 613 996 613 995 613 994 613 961 618 951 613 950 613 949 613 864 614 863 614 841 623 769 624 691 624 662 615 661 615 660 615 659 615 658 615 646 624 621 624 565 616 564 616 563 616 562 616 549 624 526 617 525 617 524 617 523 617 522 617 509 625 475 625 454 617 453 617 390 617 389 617 388 617 368 625 342 620 341 620 310 626 311 656"/></Shape>
            <String CONTENT="mortua ſunt. Sed hæc uita eorum, quid aliud eſt, qui" HPOS="310" VPOS="613" WIDTH="771" HEIGHT="64" WC="0.9844857190663998"/>
          </TextLine>
          <TextLine ID="line_16" TAGREFS="LT8" BASELINE="312 706 1084 703" HPOS="311" VPOS="666" WIDTH="773" HEIGHT="58">
            <Shape><Polygon POINTS="312 706 312 716 335 721 336 721 337 721 353 716 452 716 469 724 470 724 471 724 494 719 506 723 507 723 508 723 509 723 510 723 520 716 626 720 627 720 628 720 641 715 693 715 713 723 714 723 715 723 772 716 788 723 789 723 790 723 791 723 805 718 876 721 877 721 878 721 879 721 885 716 898 722 899 722 900 722 950 716 970 722 971 722 972 722 1083 720 1084 703 1082 674 1061 674 1051 666 1050 666 1049 666 1048 666 1047 666 1019 673 989 666 988 666 987 666 967 673 931 667 930 667 929 667 915 673 903 667 902 667 901 667 900 667 899 667 890 672 877 668 876 668 875 668 786 674 769 667 768 667 675 667 674 667 673 667 672 667 664 672 638 667 637 667 636 667 616 675 475 675 463 669 462 669 461 669 460 669 444 675 428 669 427 669 425 669 378 675 366 669 365 669 364 669 363 669 348 675 330 668 329 668 328 668 327 668 311 674 312 706"/></Shape>
            <String CONTENT="ta mortis? per eam enim in ipſam mortem tranſeunt," HPOS="311" VPOS="666" WIDTH="773" HEIGHT="58" WC="0.9922773182392121"/>
          </TextLine>
          <TextLine ID="line_17" TAGREFS="LT8" BASELINE="311 757 1084 751" HPOS="310" VPOS="714" WIDTH="774" HEIGHT="61">
            <Shape><Polygon POINTS="311 757 311 769 396 775 397 775 441 768 580 773 581 773 665 767 695 773 696 773 803 772 804 772 816 766 1082 766 1084 751 1082 723 1035 723 1012 714 1011 714 1010 714 974 720 956 714 955 714 954 714 953 714 934 723 876 715 875 715 874 715 850 723 767 716 765 716 764 716 742 724 665 720 664 720 613 725 602 720 601 720 600 720 599 720 587 725 569 717 568 717 567 717 524 726 472 721 471 721 444 726 430 719 429 719 396 719 395 719 394 719 379 726 367 722 366 722 365 722 364 722 363 722 357 727 349 720 348 720 347 720 346 720 310 724 311 757"/></Shape>
            <String CONTENT="ut poſtea &amp; ex illa morte, rurſus in uitam aliam no¬" HPOS="310" VPOS="714" WIDTH="774" HEIGHT="61" WC="0.9900330878221072"/>
          </TextLine>
          <TextLine ID="line_18" TAGREFS="LT8" BASELINE="312 806 1076 800" HPOS="311" VPOS="764" WIDTH="765" HEIGHT="60">
            <Shape><Polygon POINTS="312 806 312 817 438 824 439 824 440 824 471 816 565 823 566 823 567 823 568 823 577 817 636 822 637 822 638 822 640 822 647 816 663 821 664 821 665 821 666 821 684 815 717 821 718 821 719 821 720 821 730 815 741 821 742 821 743 821 790 816 811 821 812 821 813 821 870 812 884 820 885 820 886 821 948 821 948 820 984 819 985 819 986 819 995 811 1075 811 1076 800 1074 776 994 776 981 764 980 764 978 764 977 764 976 764 951 775 935 768 934 768 933 768 907 774 888 768 887 768 886 768 820 777 785 769 784 769 764 774 756 766 755 766 754 766 753 766 643 767 642 767 611 778 582 773 581 773 580 773 579 773 572 778 558 768 557 768 556 768 555 768 554 768 527 778 507 768 506 768 439 768 438 768 437 768 392 780 378 774 377 774 331 774 330 774 329 774 311 781 312 806"/></Shape>
            <String CONTENT="uam conſtituamur, uide Paulum.1. Corinih ·16·" HPOS="311" VPOS="764" WIDTH="765" HEIGHT="60"/>
          </TextLine>
          <TextLine ID="line_19" TAGREFS="LT8" BASELINE="312 856 1082 853" HPOS="311" VPOS="815" WIDTH="771" HEIGHT="60">
            <Shape><Polygon POINTS="312 856 312 872 339 867 349 874 350 874 351 874 352 875 400 875 400 874 401 874 402 874 412 867 462 874 463 874 464 874 465 874 477 867 517 872 518 872 519 872 520 872 526 867 568 871 569 871 598 866 654 871 655 871 688 866 705 873 706 873 707 873 846 866 935 872 936 872 998 865 1024 872 1025 872 1026 873 1081 873 1082 853 1080 815 1052 815 1051 815 1050 815 1049 815 1037 824 967 824 951 816 950 816 949 816 948 816 922 823 903 815 902 815 901 815 865 822 841 815 840 815 839 815 838 815 813 825 754 825 744 816 743 816 742 816 741 816 740 816 716 824 656 816 655 816 654 816 637 823 614 816 613 816 612 816 611 816 595 824 568 818 567 818 526 825 510 817 509 817 465 817 464 817 463 817 441 825 425 817 424 817 390 817 389 817 388 817 387 817 376 826 348 826 331 817 330 817 329 817 328 817 311 823 312 856"/></Shape>
            <String CONTENT="Itaq ſacrificium &amp; holocauſtoma Chriſtianorum eſt" HPOS="311" VPOS="815" WIDTH="771" HEIGHT="60" WC="0.9791309286137017"/>
          </TextLine>
          <TextLine ID="line_20" TAGREFS="LT8" BASELINE="311 908 1079 905" HPOS="310" VPOS="865" WIDTH="769" HEIGHT="59">
            <Shape><Polygon POINTS="311 908 311 918 554 924 555 924 556 924 557 924 568 917 620 923 621 923 748 917 777 923 778 923 779 923 780 923 790 917 874 922 875 922 876 922 899 916 990 916 1013 922 1014 922 1015 923 1078 923 1079 905 1078 875 1051 865 1050 865 1049 865 1048 865 1027 873 989 865 988 865 987 865 960 875 897 875 850 865 849 865 793 875 762 874 753 866 752 866 751 866 732 866 731 866 730 866 729 866 716 875 696 866 695 866 694 866 615 875 567 866 566 866 506 876 434 867 433 867 432 867 431 867 414 877 339 877 328 867 327 867 326 867 325 867 310 867 311 908"/></Shape>
            <String CONTENT="iam in altare poſitum, ſed adhuc conſummandũ eſt," HPOS="310" VPOS="865" WIDTH="769" HEIGHT="59" WC="0.9987094700336456"/>
          </TextLine>
          <TextLine ID="line_21" TAGREFS="LT8" BASELINE="310 958 1086 953" HPOS="309" VPOS="915" WIDTH="777" HEIGHT="60">
            <Shape><Polygon POINTS="310 958 310 969 460 975 461 975 462 975 479 969 497 974 498 974 499 974 500 974 501 974 509 968 600 974 601 974 602 974 621 967 641 973 642 973 643 973 709 967 758 973 759 973 760 973 774 968 786 972 787 972 788 972 789 972 790 972 796 966 814 972 815 972 816 972 817 972 837 967 844 972 845 972 846 972 847 973 930 973 930 972 931 972 957 965 972 971 973 971 974 972 1000 972 1000 971 1001 971 1002 971 1009 965 1039 971 1040 971 1085 965 1086 953 1084 923 1043 915 1042 915 1041 915 1025 923 921 918 920 918 919 918 906 925 870 925 830 916 829 916 828 916 827 916 814 924 727 918 726 918 725 918 701 925 619 917 618 917 617 917 595 926 549 918 470 918 469 918 467 918 444 925 423 919 422 919 359 919 358 919 309 927 310 958"/></Shape>
            <String CONTENT="ut in Iſaac hiſtoria uidemus·Hinc eſt quod toties di¬" HPOS="309" VPOS="915" WIDTH="777" HEIGHT="60" WC="0.9796436912608597"/>
          </TextLine>
          <TextLine ID="line_22" TAGREFS="LT8" BASELINE="311 1008 1087 1003" HPOS="310" VPOS="964" WIDTH="777" HEIGHT="61">
            <Shape><Polygon POINTS="311 1008 311 1020 397 1019 419 1025 420 1025 421 1025 422 1025 445 1019 463 1025 464 1025 465 1025 466 1025 467 1025 478 1018 577 1022 578 1022 679 1017 690 1023 691 1023 692 1023 693 1023 720 1018 758 1023 759 1023 760 1023 761 1023 768 1017 784 1022 785 1022 786 1022 888 1017 930 1022 931 1022 985 1015 1004 1021 1005 1021 1006 1022 1067 1022 1067 1021 1068 1021 1087 1014 1087 1003 1086 974 1070 964 1069 964 1068 964 1067 964 1003 965 1002 965 1001 965 989 974 901 968 900 968 899 968 898 968 888 976 817 976 781 965 780 965 779 965 778 965 737 976 680 966 679 966 641 972 629 967 628 967 627 967 626 967 605 975 587 969 586 969 585 969 584 969 583 969 571 977 460 972 459 972 427 978 411 968 410 968 409 968 408 968 310 971 311 1008"/></Shape>
            <String CONTENT="cat: Ne accommodetis: Transformemini &amp; c·Perfi¬" HPOS="310" VPOS="964" WIDTH="777" HEIGHT="61" WC="0.9861558980130135"/>
          </TextLine>
          <TextLine ID="line_23" TAGREFS="LT8" BASELINE="310 1056 1089 1052" HPOS="309" VPOS="1014" WIDTH="780" HEIGHT="63">
            <Shape><Polygon POINTS="310 1056 310 1068 436 1068 447 1076 448 1076 449 1076 450 1077 499 1077 499 1076 500 1076 525 1067 545 1075 546 1075 547 1075 613 1067 649 1075 650 1075 682 1068 892 1074 893 1074 1029 1065 1087 1073 1089 1052 1085 1016 1055 1024 954 1024 938 1014 936 1014 935 1014 902 1014 901 1014 853 1024 841 1017 840 1017 839 1017 838 1017 773 1022 762 1015 761 1015 760 1015 759 1015 758 1015 734 1023 710 1015 709 1015 708 1015 707 1015 684 1026 647 1026 637 1019 636 1019 635 1019 634 1019 606 1023 589 1015 588 1015 505 1015 504 1015 436 1026 406 1016 405 1016 347 1016 346 1016 345 1016 309 1027 310 1056"/></Shape>
            <String CONTENT="ciendum eſt ſacrificium, non ſomnianda ulla carnis liᛘ" HPOS="309" VPOS="1014" WIDTH="780" HEIGHT="63"/>
          </TextLine>
          <TextLine ID="line_24" TAGREFS="LT8" BASELINE="312 1105 1085 1102" HPOS="311" VPOS="1065" WIDTH="774" HEIGHT="58">
            <Shape><Polygon POINTS="312 1105 312 1119 445 1123 446 1123 523 1118 536 1123 537 1123 538 1123 539 1123 540 1123 548 1118 567 1123 568 1123 569 1123 570 1123 589 1117 621 1122 622 1122 702 1117 787 1122 788 1122 906 1116 1003 1121 1004 1121 1084 1115 1085 1102 1083 1073 1036 1065 995 1065 994 1065 993 1065 992 1065 983 1072 827 1066 826 1066 825 1066 811 1073 783 1066 666 1066 665 1066 664 1066 643 1072 587 1066 586 1066 585 1066 567 1074 532 1067 531 1067 447 1074 311 1068 312 1105"/></Shape>
            <String CONTENT="bertas, quam hic uehemẽter damnari uidemus: ſumus" HPOS="311" VPOS="1065" WIDTH="774" HEIGHT="58" WC="0.9903819453716278"/>
          </TextLine>
          <TextLine ID="line_25" TAGREFS="LT8" BASELINE="313 1155 1085 1151" HPOS="312" VPOS="1113" WIDTH="773" HEIGHT="64">
            <Shape><Polygon POINTS="313 1155 313 1177 351 1176 352 1176 369 1168 480 1176 481 1176 482 1176 506 1167 544 1175 545 1175 546 1175 568 1167 619 1167 629 1175 630 1175 631 1175 632 1175 671 1168 706 1174 707 1174 708 1174 737 1166 760 1174 761 1174 762 1175 798 1175 798 1174 799 1174 817 1166 890 1174 891 1174 892 1174 893 1174 908 1165 925 1173 926 1173 927 1173 993 1165 1007 1170 1008 1170 1009 1170 1084 1164 1085 1151 1084 1124 1049 1113 1048 1113 1005 1113 1004 1113 1003 1113 1002 1113 992 1120 952 1113 951 1113 950 1113 923 1123 892 1113 891 1113 890 1113 889 1113 863 1124 744 1119 743 1119 697 1125 644 1116 643 1116 555 1125 540 1116 539 1116 538 1116 537 1116 536 1116 535 1116 525 1122 507 1116 506 1116 505 1116 504 1116 503 1116 494 1123 478 1117 477 1117 476 1117 400 1123 392 1117 391 1117 390 1117 333 1117 332 1117 331 1117 312 1126 313 1155"/></Shape>
            <String CONTENT="quidem filij Det, ut dicamus: Pater noſter, ſed dici¬" HPOS="312" VPOS="1113" WIDTH="773" HEIGHT="64" WC="0.9779802841960259"/>
          </TextLine>
          <TextLine ID="line_26" TAGREFS="LT8" BASELINE="313 1208 1087 1203" HPOS="312" VPOS="1166" WIDTH="775" HEIGHT="61">
            <Shape><Polygon POINTS="313 1208 313 1220 465 1227 466 1227 467 1227 469 1227 482 1219 568 1219 582 1226 583 1226 584 1226 632 1218 658 1224 659 1224 660 1224 661 1224 687 1218 723 1224 725 1224 726 1224 740 1218 748 1224 749 1224 750 1224 751 1224 828 1218 849 1224 850 1224 851 1224 853 1224 869 1217 880 1224 881 1224 882 1224 883 1225 931 1225 931 1224 969 1216 1013 1216 1023 1223 1024 1223 1025 1223 1026 1223 1086 1215 1087 1203 1084 1169 1008 1173 958 1166 957 1166 890 1174 876 1167 875 1167 835 1167 834 1167 833 1167 832 1167 823 1175 773 1175 763 1168 762 1168 761 1168 760 1168 732 1174 723 1168 722 1168 721 1168 720 1168 719 1168 700 1175 685 1169 684 1169 683 1169 682 1169 680 1169 674 1173 632 1168 631 1168 630 1168 613 1176 578 1169 577 1169 529 1176 493 1169 492 1169 491 1169 465 1177 375 1173 374 1173 312 1178 313 1208"/></Shape>
            <String CONTENT="mus quo: Remitte nobis debita noſtra, quibus preᛘ" HPOS="312" VPOS="1166" WIDTH="775" HEIGHT="61"/>
          </TextLine>
          <TextLine ID="line_27" TAGREFS="LT8" BASELINE="313 1258 1088 1253" HPOS="312" VPOS="1217" WIDTH="776" HEIGHT="57">
            <Shape><Polygon POINTS="313 1258 313 1269 442 1274 443 1274 444 1274 469 1268 544 1268 554 1273 555 1273 556 1273 557 1273 598 1268 664 1274 665 1274 666 1274 667 1274 677 1268 690 1274 691 1274 692 1274 693 1274 694 1274 703 1267 765 1274 767 1274 841 1267 861 1273 862 1273 863 1274 915 1274 915 1273 916 1273 942 1266 956 1272 957 1272 958 1273 1071 1273 1071 1272 1072 1272 1088 1265 1088 1253 1087 1224 1072 1217 1071 1217 1070 1217 1023 1225 971 1217 970 1217 969 1217 968 1217 956 1226 911 1227 796 1227 741 1219 740 1219 739 1219 738 1219 726 1227 531 1220 530 1220 489 1229 447 1229 436 1221 435 1221 434 1221 433 1221 312 1227 313 1258"/></Shape>
            <String CONTENT="cationibus conuincimur nos eſſe peccatores, ſi peccaᛘ" HPOS="312" VPOS="1217" WIDTH="776" HEIGHT="57"/>
          </TextLine>
          <TextLine ID="line_28" TAGREFS="LT8" BASELINE="314 1307 1088 1303" HPOS="313" VPOS="1266" WIDTH="775" HEIGHT="61">
            <Shape><Polygon POINTS="314 1307 314 1322 357 1319 365 1324 366 1324 367 1324 368 1324 369 1324 382 1320 402 1326 403 1326 404 1327 459 1327 459 1326 460 1326 461 1326 472 1319 530 1324 531 1324 532 1324 554 1319 561 1325 562 1325 563 1325 564 1326 590 1326 590 1325 591 1325 605 1319 618 1325 619 1325 620 1326 691 1326 691 1325 792 1324 793 1324 794 1324 804 1317 863 1323 864 1323 897 1316 945 1316 961 1322 962 1322 963 1322 964 1322 965 1322 976 1316 1087 1316 1088 1303 1085 1270 1007 1275 993 1266 992 1266 991 1266 990 1266 989 1266 968 1273 946 1266 945 1266 944 1266 943 1266 942 1266 929 1274 846 1276 816 1267 815 1267 814 1267 813 1267 796 1274 782 1268 781 1268 780 1268 779 1268 755 1274 721 1267 720 1267 719 1267 718 1267 709 1275 611 1277 595 1268 594 1268 593 1268 592 1268 532 1273 510 1268 509 1268 508 1268 507 1268 494 1274 470 1269 469 1269 467 1269 435 1279 364 1279 342 1270 341 1270 339 1270 338 1270 313 1279 314 1307"/></Shape>
            <String CONTENT="tores, quid aliud faciemus, q̃ ut peccatum aboleamus" HPOS="313" VPOS="1266" WIDTH="775" HEIGHT="61" WC="0.9857736757168403"/>
          </TextLine>
          <TextLine ID="line_29" TAGREFS="LT8" BASELINE="315 1361 386 1357 1091 1352" HPOS="314" VPOS="1314" WIDTH="777" HEIGHT="64">
            <Shape><Polygon POINTS="315 1361 316 1378 336 1373 378 1378 379 1378 380 1378 393 1372 548 1377 549 1377 609 1369 709 1376 710 1376 747 1368 776 1375 777 1375 810 1368 825 1375 826 1375 827 1375 880 1374 881 1374 895 1367 920 1374 921 1374 922 1374 974 1366 1089 1367 1091 1352 1087 1314 1060 1322 982 1314 981 1314 980 1314 978 1314 970 1319 943 1315 942 1315 941 1315 921 1323 842 1315 841 1315 840 1315 813 1324 713 1316 712 1316 711 1316 689 1322 655 1317 654 1317 653 1317 621 1326 576 1326 545 1318 544 1318 543 1318 542 1318 517 1326 508 1322 507 1322 506 1322 424 1327 402 1319 401 1319 400 1319 399 1319 374 1327 314 1326 315 1361"/></Shape>
            <String CONTENT="per fidem, quod uere Chriſtianum eſt ſacrificiũ? Sed" HPOS="314" VPOS="1314" WIDTH="777" HEIGHT="64" WC="0.9989813015146075"/>
          </TextLine>
          <TextLine ID="line_30" TAGREFS="LT8" BASELINE="314 1407 1089 1403" HPOS="313" VPOS="1367" WIDTH="776" HEIGHT="63">
            <Shape><Polygon POINTS="314 1407 314 1428 336 1430 337 1430 338 1430 339 1430 352 1421 400 1421 408 1426 409 1426 410 1426 411 1426 441 1421 449 1427 450 1427 451 1427 452 1428 452 1427 453 1427 454 1427 462 1421 484 1426 485 1426 486 1426 507 1422 517 1429 518 1429 519 1429 520 1429 521 1429 541 1423 644 1429 645 1429 646 1429 664 1420 702 1420 721 1428 722 1428 723 1428 768 1421 817 1428 818 1429 870 1429 870 1428 871 1428 872 1428 882 1420 920 1426 921 1426 922 1426 956 1418 987 1418 1007 1427 1008 1427 1009 1427 1053 1418 1087 1422 1089 1403 1086 1370 928 1374 921 1368 920 1368 919 1368 918 1368 917 1368 892 1376 829 1376 821 1368 820 1368 819 1368 785 1367 784 1367 783 1367 764 1375 719 1367 718 1367 717 1367 699 1377 662 1377 652 1368 651 1368 650 1368 572 1368 571 1368 570 1368 569 1368 562 1374 517 1368 516 1368 478 1377 466 1369 465 1369 464 1369 391 1369 390 1369 389 1369 376 1375 365 1369 364 1369 363 1369 313 1378 314 1407"/></Shape>
            <String CONTENT="quod addit, miræ eſt ſuauitatis: His quorum corporaᛘ" HPOS="313" VPOS="1367" WIDTH="776" HEIGHT="63"/>
          </TextLine>
          <TextLine ID="line_31" TAGREFS="LT8" BASELINE="315 1456 590 1454" HPOS="314" VPOS="1417" WIDTH="276" HEIGHT="60">
            <Shape><Polygon POINTS="315 1456 315 1469 365 1468 377 1476 378 1476 379 1476 380 1477 452 1477 452 1476 453 1476 469 1470 486 1474 487 1474 488 1474 536 1468 542 1473 543 1473 544 1473 545 1473 590 1465 590 1454 588 1428 456 1417 455 1417 454 1417 438 1424 377 1418 376 1418 375 1418 374 1418 360 1428 329 1423 328 1423 327 1423 314 1428 315 1456"/></Shape>
            <String CONTENT="iæm ſacrificantur." HPOS="314" VPOS="1417" WIDTH="276" HEIGHT="60" WC="0.9950327111615075"/>
          </TextLine>
        </TextBlock>
        <TextBlock HPOS="308" VPOS="1473" WIDTH="793" HEIGHT="69" ID="block_4" TAGREFS="BT3826">
          <Shape><Polygon POINTS="1101 1473 1101 1542 308 1542 308 1473"/></Shape>
          <TextLine ID="line_32" TAGREFS="LT8" BASELINE="318 1521 1091 1517" HPOS="317" VPOS="1473" WIDTH="774" HEIGHT="83">
            <Shape><Polygon POINTS="1085 1473 1075 1473 1064 1473 1054 1473 1044 1473 1037 1473 1014 1478 992 1473 983 1473 972 1473 962 1473 958 1473 939 1479 868 1479 828 1473 819 1473 808 1473 801 1473 793 1480 747 1480 728 1473 727 1473 716 1473 710 1473 694 1481 602 1481 590 1473 583 1473 573 1473 563 1473 552 1473 551 1473 510 1480 501 1473 501 1473 491 1473 481 1473 474 1473 453 1481 391 1473 389 1473 378 1473 368 1473 358 1473 348 1473 337 1473 327 1473 317 1473 318 1521 318 1535 351 1535 378 1555 379 1555 380 1555 381 1556 414 1556 414 1555 415 1555 416 1555 444 1533 526 1533 577 1537 603 1554 604 1554 605 1554 606 1555 704 1555 704 1554 705 1554 706 1554 725 1543 764 1553 765 1553 767 1554 835 1554 835 1553 836 1553 837 1553 849 1544 859 1549 860 1549 861 1549 862 1549 863 1549 889 1531 909 1531 969 1531 1011 1543 1012 1543 1013 1543 1043 1536 1054 1545 1055 1545 1056 1545 1057 1545 1058 1545 1091 1530 1091 1517 1089 1473 1085 1473"/></Shape>
            <String CONTENT="Vt probetis quæ ſit uoluntas Dei." HPOS="317" VPOS="1473" WIDTH="774" HEIGHT="83" WC="0.9919321085467483"/>
          </TextLine>
        </TextBlock>
      </PrintSpace>
    </Page>
  </Layout>
</alto>
