1196 1845
409 77 638 59 COMMENT· POMER·

327 151 779 57 fic formaſti? Sed quid ille reſpondet? Nunquid lutum

326 197 780 57 in manu mea eſt, an non poſſum eo uti ad uaſa for¬

324 247 780 61 manda honoris, id eſt, quæ etiam principibus poſ¬

324 296 778 61 fint digne apponi, & ad uaſa ignominiæ, id eſt, in quæ

324 348 526 61 recipiantur ſordes, & abijciantur.

386 413 712 75 Ideo Deus uolens oſtendere

326 480 268 65 iram, tulit.

336 544 765 56 Id eſt, protulit, ne intelligas ſuſtinuit, quod uer ¬

324 590 775 62 bum ſatis horrendum eſt, profert enim impios, us

330 636 254 66 figulus uaſa ſua·

453 700 486 61 Multa animi lenitate.

370 759 729 54 Non eſt ut ex hoc loco probes, Deum non liberᛘ

323 797 776 65 ter damnare impios, imò ideo profert, ut in illis ex¬

329 865 768 57 erteat jauut tuuiciun, ſea poſes proruaie iuos, fere paᛘ

329 919 763 49 fieler torn blajphenaa& corelpra, ue Pharuonu,

326 959 769 57 & patitur Deus ab illis, in electis patientibus &c·,

330 1009 750 71 Vt notas faceret diuitias gloriæ.

372 1070 557 60 Id eſt, abundantiam ſuæ beneficentiæ¬

112 830 206 81 Electis tantũ

112 902 206 74 contingit graᛘ

116 952 75 62 tia·

417 1130 550 66 Erga uaſa miſericordiæ.

370 1186 726 65 Id eſt, ipſis electis, ut intelligerẽt, experiẽtur

325 1234 774 68 ipſum ſolũ eſſe potentem, & omnia agere potenter·

350 1308 717 67 Quos & uocauit , nimirumnos.

370 1375 732 56 Iam quod cœperat, pergit clarius exponere, nemᛘ

327 1419 797 62 pe, gratiam non contingere, niſi electis, uel præde

325 1465 784 77 ſtinatis: Iudæos uero abijct, Gentes ſuſcipi: & in

987 1528 121 63 ſumma
