<?xml version='1.0' encoding='UTF-8'?>
<alto xmlns:xsi="http://www.w3.org/2001/XMLSchema-instance" xmlns="http://www.loc.gov/standards/alto/ns-v4#" xsi:schemaLocation="http://www.loc.gov/standards/alto/ns-v4# http://www.loc.gov/standards/alto/v4/alto-4-2.xsd">
  <Description>
    <MeasurementUnit>pixel</MeasurementUnit>
    <sourceImageInformation>
      <fileName>10AC1F79_uk4nGb4psESQ3e73_00281.jpg</fileName>
    </sourceImageInformation>
  </Description>
  <Tags>
    <OtherTag ID="BT7" LABEL="CustomZone" DESCRIPTION="block type CustomZone"/><OtherTag ID="BT8" LABEL="DamageZone" DESCRIPTION="block type DamageZone"/><OtherTag ID="BT9" LABEL="DigitizationArtefactZone" DESCRIPTION="block type DigitizationArtefactZone"/><OtherTag ID="BT10" LABEL="DropCapitalZone" DESCRIPTION="block type DropCapitalZone"/><OtherTag ID="BT11" LABEL="GraphicZone" DESCRIPTION="block type GraphicZone"/><OtherTag ID="BT12" LABEL="MainZone" DESCRIPTION="block type MainZone"/><OtherTag ID="BT13" LABEL="MarginTextZone" DESCRIPTION="block type MarginTextZone"/><OtherTag ID="BT14" LABEL="MusicZone" DESCRIPTION="block type MusicZone"/><OtherTag ID="BT15" LABEL="NumberingZone" DESCRIPTION="block type NumberingZone"/><OtherTag ID="BT17" LABEL="QuireMarksZone" DESCRIPTION="block type QuireMarksZone"/><OtherTag ID="BT18" LABEL="RunningTitleZone" DESCRIPTION="block type RunningTitleZone"/><OtherTag ID="BT19" LABEL="SealZone" DESCRIPTION="block type SealZone"/><OtherTag ID="BT20" LABEL="StampZone" DESCRIPTION="block type StampZone"/><OtherTag ID="BT21" LABEL="TableZone" DESCRIPTION="block type TableZone"/><OtherTag ID="BT22" LABEL="TitlePageZone" DESCRIPTION="block type TitlePageZone"/><OtherTag ID="BT3824" LABEL="MainZone-Continued" DESCRIPTION="block type MainZone-Continued"/><OtherTag ID="BT3825" LABEL="MarginTextZone-Notes" DESCRIPTION="block type MarginTextZone-Notes"/><OtherTag ID="BT3826" LABEL="MainZone-Head" DESCRIPTION="block type MainZone-Head"/><OtherTag ID="BT3827" LABEL="MainZone-P" DESCRIPTION="block type MainZone-P"/>
    <OtherTag ID="LT7" LABEL="CustomLine" DESCRIPTION="line type CustomLine"/><OtherTag ID="LT8" LABEL="DefaultLine" DESCRIPTION="line type DefaultLine"/><OtherTag ID="LT9" LABEL="DropCapitalLine" DESCRIPTION="line type DropCapitalLine"/><OtherTag ID="LT10" LABEL="HeadingLine" DESCRIPTION="line type HeadingLine"/><OtherTag ID="LT11" LABEL="InterlinearLine" DESCRIPTION="line type InterlinearLine"/><OtherTag ID="LT12" LABEL="MusicLine" DESCRIPTION="line type MusicLine"/>
  </Tags>
  <Layout>
    <Page WIDTH="1185" HEIGHT="1838" PHYSICAL_IMG_NR="82" ID="eSc_dummypage_">
      <PrintSpace HPOS="0" VPOS="0" WIDTH="1185" HEIGHT="1838">
        <TextBlock HPOS="116" VPOS="83" WIDTH="646" HEIGHT="52" ID="block_1" TAGREFS="BT18">
          <Shape><Polygon POINTS="762 83 762 135 116 135 116 83"/></Shape>
          <TextLine ID="line_1" TAGREFS="LT8" BASELINE="127 119 763 119" HPOS="134" VPOS="81" WIDTH="627" HEIGHT="72">
            <Shape><Polygon POINTS="134 84 134 133 171 151 206 150 222 134 259 134 286 151 294 151 306 143 346 150 361 136 386 151 393 151 420 134 487 134 508 153 535 153 553 136 579 153 732 153 761 136 760 81 748 84"/></Shape>
            <String CONTENT="IN EPIST· AD ROM·" HPOS="134" VPOS="81" WIDTH="627" HEIGHT="72"/>
          </TextLine>
        </TextBlock>
        <TextBlock HPOS="56" VPOS="150" WIDTH="788" HEIGHT="150" ID="block_2" TAGREFS="BT3824">
          <Shape><Polygon POINTS="844 153 844 300 56 300 56 150"/></Shape>
          <TextLine ID="line_2" TAGREFS="LT8" BASELINE="65 184 841 184" HPOS="65.0" VPOS="150.0" WIDTH="776.0" HEIGHT="55.0">
            <Shape><Polygon POINTS="719 150 708 150 698 150 688 150 678 150 668 150 657 150 647 150 637 150 627 150 617 150 606 150 596 150 594 150 584 152 570 150 565 150 555 150 545 150 535 150 527 150 513 152 491 150 484 150 474 150 463 150 453 150 443 150 433 150 424 150 402 152 396 150 392 150 382 150 371 150 364 150 351 152 333 150 330 150 320 150 310 150 300 150 290 150 279 150 272 150 252 152 249 150 249 150 239 150 228 150 218 150 208 150 198 150 187 150 177 150 167 150 157 150 147 150 121 152 108 150 106 150 96 150 85 150 76 150 65 152 65 184 65 197 140 197 150 204 151 204 152 204 153 204 191 198 201 204 202 204 203 204 204 205 265 205 265 204 266 204 267 204 273 199 303 204 304 204 305 204 320 197 364 197 374 204 375 204 376 204 377 204 419 198 455 203 456 203 457 203 458 203 466 197 523 203 524 203 555 197 580 204 581 204 582 204 737 199 755 204 756 204 757 204 759 204 760 204 770 197 841 197 841 184 841 153 726 150 719 150"/></Shape>
            <String CONTENT="alium ſibi aſſumit: nos Gentes, illis abiectis, Dei conᛘ" HPOS="65.0" VPOS="150.0" WIDTH="776.0" HEIGHT="55.0"/>
          </TextLine>
          <TextLine ID="line_3" TAGREFS="LT8" BASELINE="63 232 840 235" HPOS="63.0" VPOS="192.0" WIDTH="777.0" HEIGHT="63.0">
            <Shape><Polygon POINTS="63 232 63 252 131 248 169 253 170 253 171 253 172 253 179 247 185 252 186 252 187 252 188 252 219 247 256 253 257 253 309 249 357 254 358 254 391 248 398 254 399 254 400 254 401 255 487 255 487 254 488 254 489 254 499 248 561 248 575 253 576 253 577 253 699 249 706 255 707 255 708 255 709 255 775 249 804 255 806 255 839 248 840 235 839 206 746 197 745 197 670 205 633 196 632 196 574 196 573 196 572 196 551 204 510 198 509 198 508 198 495 204 450 195 449 195 218 203 203 194 202 194 201 194 200 194 175 195 174 195 173 195 162 204 102 204 91 195 90 195 89 195 63 192 63 232"/></Shape>
            <String CONTENT="ſecutæ ſumus gratiã, et ipſi Deo recõciliatæ·QVAE" HPOS="63.0" VPOS="192.0" WIDTH="777.0" HEIGHT="63.0" WC="0.9958746690376132"/>
          </TextLine>
          <TextLine ID="line_4" TAGREFS="LT8" BASELINE="63 286 822 286" HPOS="63.0" VPOS="247.0" WIDTH="759.0" HEIGHT="56.0">
            <Shape><Polygon POINTS="63 286 63 303 138 303 138 302 139 302 161 296 194 296 202 302 203 302 204 302 205 303 273 303 273 302 274 302 287 297 361 302 362 302 363 302 364 302 372 296 404 302 405 302 457 296 786 302 787 302 822 295 822 286 822 260 715 260 695 247 694 247 693 247 692 247 653 252 584 247 583 247 582 247 581 247 569 257 550 248 549 248 548 248 547 248 526 260 471 260 448 247 447 247 446 247 445 247 444 247 431 255 399 247 398 247 397 247 260 253 247 247 246 247 245 247 244 247 243 247 232 254 214 247 213 247 212 247 211 247 210 247 195 257 151 250 150 250 149 250 123 257 75 247 74 247 73 247 72 247 63 253 63 286"/></Shape>
            <String CONTENT="ERIT ASSVMPTIO· Scilicet Iudæorum·" HPOS="63.0" VPOS="247.0" WIDTH="759.0" HEIGHT="56.0"/>
          </TextLine>
        </TextBlock>
        <TextBlock HPOS="115" VPOS="307" WIDTH="501" HEIGHT="52" ID="block_3" TAGREFS="BT3826">
          <Shape><Polygon POINTS="616 307 616 359 115 359 115 307"/></Shape>
          <TextLine ID="line_5" TAGREFS="LT8" BASELINE="126 349 606 347" HPOS="125.0" VPOS="307.0" WIDTH="481.0" HEIGHT="51.0">
            <Shape><Polygon POINTS="554 307 544 307 534 307 524 307 513 307 503 307 502 307 488 313 465 307 462 307 452 307 448 307 439 316 423 316 416 309 416 308 415 308 414 308 405 307 401 307 391 307 381 307 371 307 369 309 353 307 350 307 340 307 330 307 323 312 308 307 300 307 281 315 245 311 244 311 243 311 215 320 163 320 143 307 135 307 133 307 125 316 126 349 126 357 604 358 606 347 604 319 574 319 557 307 554 307"/></Shape>
            <String CONTENT="Niſi uita ex mortuis." HPOS="125.0" VPOS="307.0" WIDTH="481.0" HEIGHT="51.0" WC="0.994243533838363"/>
          </TextLine>
        </TextBlock>
        <TextBlock HPOS="57" VPOS="364" WIDTH="788" HEIGHT="203" ID="block_4" TAGREFS="BT3827">
          <Shape><Polygon POINTS="845 364 845 567 57 567 57 364"/></Shape>
          <TextLine ID="line_6" TAGREFS="LT8" BASELINE="114 400 838 402" HPOS="113.0" VPOS="364.0" WIDTH="725.0" HEIGHT="55.0">
            <Shape><Polygon POINTS="476 364 475 364 348 372 268 364 267 364 266 364 250 373 211 373 199 364 198 364 197 364 196 364 185 364 175 364 165 364 155 364 145 364 144 364 143 364 141 364 140 364 135 369 118 364 114 364 114 400 113 409 153 410 169 418 170 418 171 419 276 419 276 418 277 418 301 411 442 411 480 418 481 418 536 412 547 419 548 419 549 419 550 419 551 419 570 412 583 419 584 419 585 419 657 418 658 418 672 412 692 417 693 417 694 417 728 412 745 419 746 419 747 419 788 412 836 416 838 402 838 373 824 365 823 365 822 365 821 365 820 365 800 374 689 374 665 366 664 366 662 366 661 366 660 366 650 373 622 368 621 368 573 373 565 368 564 368 563 368 562 368 561 368 543 373 515 365 514 365 513 365 512 365 511 365 499 373 477 364 476 364"/></Shape>
            <String CONTENT="Id eſt, poſt hanc reiectionem tanquam ex morte" HPOS="113.0" VPOS="364.0" WIDTH="725.0" HEIGHT="55.0" WC="0.9940353204374728"/>
          </TextLine>
          <TextLine ID="line_7" TAGREFS="LT8" BASELINE="58 452 838 452" HPOS="58.0" VPOS="412.0" WIDTH="780.0" HEIGHT="56.0">
            <Shape><Polygon POINTS="58 452 58 465 836 468 838 452 838 423 802 412 801 412 772 412 771 412 770 412 748 423 566 423 548 412 547 412 546 412 484 412 483 412 482 412 481 412 470 419 407 412 406 412 405 412 404 412 392 421 362 412 361 412 360 412 359 412 358 412 342 423 312 423 280 412 279 412 278 412 277 412 257 422 207 422 163 412 162 412 161 412 160 412 143 422 107 412 106 412 105 412 61 422 58 452"/></Shape>
            <String CONTENT="reſurgẽt, nam dum ſunt in infidelitate, in morte ſunt," HPOS="58.0" VPOS="412.0" WIDTH="780.0" HEIGHT="56.0" WC="0.9863132140853188"/>
          </TextLine>
          <TextLine ID="line_8" TAGREFS="LT8" BASELINE="58 502 839 499" HPOS="58.0" VPOS="465.0" WIDTH="781.0" HEIGHT="57.0">
            <Shape><Polygon POINTS="58 502 58 522 155 515 276 515 285 521 286 521 287 521 288 521 356 520 357 520 358 520 367 514 433 514 442 519 443 519 444 519 445 519 500 514 508 520 509 520 510 520 511 520 605 519 606 519 632 513 680 519 681 519 725 513 749 519 750 519 751 519 782 513 837 516 839 499 836 472 810 473 796 465 795 465 794 465 793 465 792 465 791 465 781 474 715 474 704 465 703 465 702 465 679 465 678 465 677 465 676 465 664 473 613 465 612 465 611 465 589 474 539 474 531 467 530 467 529 467 528 467 527 467 526 467 513 475 452 475 431 467 430 467 429 467 428 467 427 467 416 474 397 466 396 466 365 466 364 466 329 474 308 469 307 469 306 469 305 469 280 475 258 468 257 468 256 468 225 475 193 467 192 467 115 467 114 467 62 475 58 502"/></Shape>
            <String CONTENT="ne habentur populus Dei, quemadmodum pater" HPOS="58.0" VPOS="465.0" WIDTH="781.0" HEIGHT="57.0" WC="0.9971868492836176"/>
          </TextLine>
          <TextLine ID="line_9" TAGREFS="LT8" BASELINE="58 552 837 549" HPOS="58.0" VPOS="514.0" WIDTH="779.0" HEIGHT="57.0">
            <Shape><Polygon POINTS="58 552 58 563 101 571 102 571 163 565 194 570 195 570 196 570 197 570 205 564 276 571 277 571 278 571 302 564 356 568 357 568 358 568 359 568 367 563 435 563 483 569 484 569 485 569 500 564 518 569 519 569 520 569 583 562 600 569 601 569 602 569 659 562 678 569 679 569 680 570 775 570 775 569 837 560 837 549 835 524 743 514 742 514 741 514 723 524 647 524 632 514 631 514 630 514 596 514 595 514 594 514 573 525 490 525 460 515 459 515 458 515 369 521 357 515 356 515 318 515 317 515 316 515 315 515 315 516 304 526 277 526 255 516 254 516 253 516 177 524 155 516 154 516 121 516 120 516 119 516 118 516 106 526 62 526 58 552"/></Shape>
            <String CONTENT="de filio prodigo dicit: Filius meus erat mortuus &amp;c¬" HPOS="58.0" VPOS="514.0" WIDTH="779.0" HEIGHT="57.0" WC="0.9970659762620926"/>
          </TextLine>
        </TextBlock>
        <TextBlock HPOS="116" VPOS="572" WIDTH="599" HEIGHT="55" ID="block_5" TAGREFS="BT3826">
          <Shape><Polygon POINTS="715 572 715 627 116 627 116 572"/></Shape>
          <TextLine ID="line_10" TAGREFS="LT8" BASELINE="128 615 715 613" HPOS="127.0" VPOS="572.0" WIDTH="588.0" HEIGHT="63.0">
            <Shape><Polygon POINTS="618 572 607 572 605 572 599 577 570 581 547 578 541 572 536 572 526 572 525 572 503 579 493 572 485 572 475 572 464 572 454 572 444 572 434 572 433 572 418 582 404 572 403 572 393 572 384 572 363 582 306 582 290 572 280 572 270 572 260 572 256 572 250 578 226 573 225 573 224 573 211 581 196 572 188 572 178 572 168 572 158 572 148 572 137 572 127 572 128 615 128 622 155 625 162 633 162 634 163 634 164 634 165 635 196 635 196 634 197 634 198 634 214 622 230 627 231 627 232 627 280 623 311 634 312 634 313 635 355 635 355 634 356 634 357 634 357 633 365 626 376 634 377 634 378 634 380 634 381 634 382 634 392 625 397 630 397 631 398 631 399 631 400 631 401 631 402 631 409 624 444 631 445 631 446 631 468 622 507 631 508 631 509 631 510 631 526 621 583 633 584 633 585 633 586 633 600 623 642 630 643 630 714 620 715 613 713 582 650 574 649 574 648 574 640 578 627 572 618 572"/></Shape>
            <String CONTENT="Quod ſi primitiæ ſanctæ." HPOS="127.0" VPOS="572.0" WIDTH="588.0" HEIGHT="63.0" WC="0.9983089293042818"/>
          </TextLine>
        </TextBlock>
        <TextBlock HPOS="53" VPOS="622" WIDTH="794" HEIGHT="921" ID="block_6" TAGREFS="BT3827">
          <Shape><Polygon POINTS="839 622 847 1543 53 1543 53 630"/></Shape>
          <TextLine ID="line_11" TAGREFS="LT8" BASELINE="112 668 839 663" HPOS="111" VPOS="631" WIDTH="728" HEIGHT="57">
            <Shape><Polygon POINTS="816 631 806 631 795 631 785 631 775 631 765 631 754 631 753 631 739 636 723 631 714 631 713 631 691 637 604 631 601 631 591 631 581 631 571 631 567 631 546 639 482 639 454 631 448 631 445 631 437 639 402 639 389 631 388 631 387 631 386 631 385 631 384 631 369 640 322 640 310 631 309 631 308 631 305 631 295 631 289 631 288 631 287 631 270 639 214 632 213 632 212 632 190 640 174 632 173 632 150 632 149 632 148 632 111 641 112 668 112 680 166 681 173 688 174 688 175 688 176 688 229 682 243 687 244 687 245 687 246 687 260 680 283 687 285 687 286 687 287 687 303 679 348 679 361 685 362 685 363 685 393 679 401 686 402 686 403 686 404 687 453 687 453 686 454 686 472 678 567 685 569 685 570 685 585 679 608 685 609 685 610 685 611 685 637 676 680 685 681 685 682 685 695 678 771 684 772 684 773 684 786 676 808 682 809 682 810 682 838 674 839 663 838 637 824 631 816 631"/></Shape>
            <String CONTENT="Adagium eſt: ex deguſtatione fruſti carnis, iudi¬" HPOS="111" VPOS="631" WIDTH="728" HEIGHT="57" WC="0.9872581970934965"/>
          </TextLine>
          <TextLine ID="line_12" TAGREFS="LT8" BASELINE="59 717 839 717" HPOS="59" VPOS="681" WIDTH="780" HEIGHT="57">
            <Shape><Polygon POINTS="59 717 59 730 167 730 178 737 179 737 180 737 181 737 244 731 255 736 256 736 257 736 258 736 273 730 298 736 299 736 300 736 388 732 397 737 398 737 399 737 400 738 460 738 460 737 461 737 476 730 492 735 493 735 589 737 590 737 591 737 607 732 635 737 636 737 680 730 702 737 703 737 704 737 705 737 731 731 748 737 749 737 750 737 751 737 766 730 837 737 839 717 838 684 773 681 772 681 771 681 736 690 728 683 727 683 726 683 725 683 724 683 695 690 686 682 685 682 684 682 683 682 682 682 650 690 633 681 632 681 631 681 630 681 601 690 547 681 546 681 545 681 544 681 533 691 518 691 457 681 456 681 455 681 454 681 444 689 414 690 399 681 398 681 397 681 396 681 395 681 363 690 278 685 277 685 276 685 260 691 158 691 148 682 147 682 146 682 145 682 59 689 59 717"/></Shape>
            <String CONTENT="camus totam carnem: deguſtaia aliqua parte panis de" HPOS="59" VPOS="681" WIDTH="780" HEIGHT="57" WC="0.9961870967173109"/>
          </TextLine>
          <TextLine ID="line_13" TAGREFS="LT8" BASELINE="60 769 838 766" HPOS="59" VPOS="728" WIDTH="779" HEIGHT="60">
            <Shape><Polygon POINTS="60 769 61 788 90 781 276 787 277 787 319 780 351 785 352 785 410 780 419 786 420 786 421 786 422 786 485 780 552 786 553 786 554 786 566 780 575 786 576 786 577 786 578 786 705 780 792 785 793 785 837 778 838 766 836 737 795 728 794 728 658 736 648 728 647 728 646 728 645 728 644 728 626 733 591 728 590 728 589 728 588 728 576 737 547 729 546 729 545 729 479 737 319 733 318 733 317 733 316 733 310 739 254 739 234 731 233 731 232 731 231 731 210 737 201 730 200 730 199 730 198 730 147 736 132 730 131 730 130 730 129 730 109 735 59 731 60 769"/></Shape>
            <String CONTENT="prehendimus, num totus panis boni ſit ſaporis: idem" HPOS="59" VPOS="728" WIDTH="779" HEIGHT="60" WC="0.9934472511796391"/>
          </TextLine>
          <TextLine ID="line_14" TAGREFS="LT8" BASELINE="59 819 839 814" HPOS="58" VPOS="778" WIDTH="781" HEIGHT="58">
            <Shape><Polygon POINTS="59 819 59 830 191 836 192 836 231 828 276 835 277 836 298 836 298 835 299 835 300 835 308 828 342 835 343 835 344 835 371 827 399 834 400 834 401 834 402 834 419 827 486 834 487 834 517 828 543 833 544 833 545 833 561 826 618 826 628 833 629 833 630 833 631 833 632 833 651 828 713 832 714 832 715 832 732 825 751 832 752 832 753 832 838 826 839 814 838 787 804 778 803 778 802 778 765 786 735 782 734 782 577 787 566 779 565 779 564 779 546 779 545 779 544 779 526 787 468 780 467 780 431 788 405 780 404 780 383 780 382 780 381 780 380 780 367 790 324 790 314 781 313 781 312 781 218 781 217 781 216 781 215 781 210 786 199 782 198 782 197 782 196 782 170 790 147 784 146 784 145 784 105 788 91 782 90 782 89 782 58 786 59 819"/></Shape>
            <String CONTENT="de tota uini amphora dicendum eſt· Vocat uero pri¬" HPOS="58" VPOS="778" WIDTH="781" HEIGHT="58" WC="0.9787757992744446"/>
          </TextLine>
          <TextLine ID="line_15" TAGREFS="LT8" BASELINE="60 871 839 864" HPOS="59" VPOS="825" WIDTH="780" HEIGHT="64">
            <Shape><Polygon POINTS="60 871 60 883 89 889 90 889 91 889 92 889 100 883 117 888 118 888 119 888 206 881 240 888 241 888 242 888 254 882 314 887 315 887 377 880 390 886 391 886 448 887 449 887 450 887 475 879 520 879 543 886 544 886 545 886 611 878 627 885 628 885 629 886 708 886 708 885 781 884 782 884 783 884 793 877 815 884 816 884 817 884 818 884 839 876 839 864 836 826 774 830 721 825 720 825 719 825 691 835 671 826 670 826 644 826 643 826 642 826 641 826 629 836 577 837 501 837 489 827 488 827 487 827 486 827 428 828 427 828 425 828 412 837 359 837 345 829 344 829 343 829 342 829 320 837 308 829 307 829 306 829 305 829 227 837 200 829 199 829 198 829 197 829 173 840 119 840 106 831 105 831 104 831 103 831 102 831 101 831 93 836 76 830 75 830 74 830 59 833 60 871"/></Shape>
            <String CONTENT="mitias, id quod primum guſtamus: maſſa eſt ipſum" HPOS="59" VPOS="825" WIDTH="780" HEIGHT="64" WC="0.9806516530613104"/>
          </TextLine>
          <TextLine ID="line_16" TAGREFS="LT8" BASELINE="59 921 839 913" HPOS="58" VPOS="880" WIDTH="781" HEIGHT="57">
            <Shape><Polygon POINTS="59 921 59 935 136 931 156 937 157 937 158 937 159 937 172 931 187 937 188 937 190 937 191 937 192 937 202 930 269 935 270 935 271 935 291 929 407 933 408 933 409 933 419 928 435 935 436 935 437 935 575 934 576 934 577 934 586 927 618 931 619 931 620 931 621 931 627 926 654 933 655 933 656 934 727 934 727 933 728 933 751 925 769 931 770 931 771 931 772 931 773 931 780 925 814 931 815 931 816 931 839 924 839 913 836 887 591 888 575 880 574 880 523 880 522 880 460 881 459 881 458 881 449 888 422 883 421 883 360 889 335 882 334 882 333 882 302 887 289 882 288 882 287 882 286 882 285 882 285 883 275 891 241 891 226 883 225 883 224 883 166 891 147 884 146 884 145 884 58 889 59 921"/></Shape>
            <String CONTENT="totum: patres ludæorum, ſunt primitiæ, quos nemo" HPOS="58" VPOS="880" WIDTH="781" HEIGHT="57" WC="0.9830694471796354"/>
          </TextLine>
          <TextLine ID="line_17" TAGREFS="LT8" BASELINE="58 972 842 964" HPOS="57" VPOS="924" WIDTH="785" HEIGHT="67">
            <Shape><Polygon POINTS="58 972 58 982 77 981 91 990 92 990 93 990 95 991 169 991 169 990 287 979 337 986 338 986 339 986 340 986 351 979 385 984 386 984 449 978 460 985 461 985 462 985 463 985 464 985 478 979 488 984 489 984 490 984 546 977 594 986 595 986 596 986 634 976 656 983 657 983 658 983 702 978 728 985 729 985 730 985 731 985 754 978 769 984 770 984 771 984 841 974 842 964 838 924 812 934 772 925 771 925 770 925 736 934 717 927 716 927 715 927 714 927 713 927 703 935 676 926 675 926 674 926 673 926 646 935 617 926 615 926 614 926 593 927 592 927 591 927 579 937 439 937 420 928 419 928 418 928 417 928 388 938 303 938 293 929 292 929 291 929 290 929 180 930 132 940 57 938 58 972"/></Shape>
            <String CONTENT="negat eſſe ſanctos, &amp; bonos: maſſa Iudæi poſteri" HPOS="57" VPOS="924" WIDTH="785" HEIGHT="67" WC="0.9994126384456953"/>
          </TextLine>
          <TextLine ID="line_18" TAGREFS="LT8" BASELINE="57 1021 841 1014" HPOS="56" VPOS="975" WIDTH="785" HEIGHT="61">
            <Shape><Polygon POINTS="57 1021 57 1031 152 1036 153 1036 190 1030 230 1035 231 1035 303 1030 315 1035 316 1035 317 1035 501 1028 576 1033 577 1033 610 1027 623 1032 624 1032 625 1033 709 1033 709 1032 841 1024 841 1014 835 984 814 975 813 975 776 975 775 975 774 975 738 986 691 986 675 978 674 978 673 978 672 978 651 987 567 987 542 977 541 977 540 977 539 977 503 987 446 977 445 977 353 978 352 978 327 985 234 979 233 979 232 979 231 979 214 990 181 991 99 991 83 980 82 980 81 980 80 980 79 980 56 989 57 1021"/></Shape>
            <String CONTENT="dicuntur-Eſt ita ſentẽtia Pauli, coram Deo Iudæis" HPOS="56" VPOS="975" WIDTH="785" HEIGHT="61" WC="0.9967234742407706"/>
          </TextLine>
          <TextLine ID="line_19" TAGREFS="LT8" BASELINE="59 1071 839 1066" HPOS="58" VPOS="1028" WIDTH="781" HEIGHT="63">
            <Shape><Polygon POINTS="59 1071 59 1091 123 1090 124 1090 125 1090 135 1082 195 1090 196 1090 197 1090 216 1081 328 1089 329 1089 370 1080 438 1080 454 1088 455 1088 456 1088 457 1088 472 1082 542 1087 543 1087 544 1087 566 1079 608 1087 609 1087 808 1078 818 1086 819 1086 820 1086 821 1087 838 1087 839 1066 837 1038 806 1038 784 1029 783 1029 782 1029 781 1029 780 1029 768 1038 702 1038 684 1028 683 1028 682 1028 630 1039 609 1039 599 1030 598 1030 597 1030 541 1029 540 1029 539 1029 538 1029 524 1039 429 1039 418 1030 417 1030 416 1030 383 1030 382 1030 381 1030 380 1030 367 1040 351 1031 350 1031 300 1031 299 1031 298 1031 277 1040 252 1031 251 1031 250 1031 249 1031 213 1041 186 1032 185 1032 184 1032 183 1032 156 1039 147 1032 146 1032 145 1032 144 1032 143 1032 105 1041 58 1039 59 1071"/></Shape>
            <String CONTENT="quaſi cõgenita eſt fanctitas, nam ſunt ex illis patribus" HPOS="58" VPOS="1028" WIDTH="781" HEIGHT="63" WC="0.9864560020597357"/>
          </TextLine>
          <TextLine ID="line_20" TAGREFS="LT8" BASELINE="59 1122 835 1116" HPOS="58" VPOS="1080" WIDTH="777" HEIGHT="59">
            <Shape><Polygon POINTS="59 1122 59 1137 194 1133 213 1139 214 1139 215 1139 216 1139 238 1133 247 1139 248 1139 249 1139 250 1139 251 1139 263 1134 306 1139 307 1139 308 1139 328 1132 338 1138 339 1138 340 1138 341 1138 375 1132 407 1138 408 1138 409 1138 423 1132 485 1137 486 1137 487 1137 488 1137 496 1131 594 1136 595 1136 596 1136 597 1136 604 1130 632 1136 633 1136 687 1130 767 1135 768 1135 835 1127 835 1116 833 1090 769 1085 768 1085 691 1090 678 1080 677 1080 676 1080 643 1080 642 1080 641 1080 640 1080 627 1090 590 1086 589 1086 537 1091 527 1083 526 1083 525 1083 502 1082 501 1082 444 1090 416 1082 415 1082 414 1082 413 1082 390 1088 358 1082 357 1082 356 1082 342 1089 304 1087 303 1087 275 1093 243 1083 242 1083 187 1083 186 1083 185 1083 157 1090 109 1084 108 1084 58 1095 59 1122"/></Shape>
            <String CONTENT="qui ſancti ſunt, &amp; placuerunt Deo per fidem, quàm" HPOS="58" VPOS="1080" WIDTH="777" HEIGHT="59" WC="0.9961816966533661"/>
          </TextLine>
          <TextLine ID="line_21" TAGREFS="LT8" BASELINE="61 1174 838 1167" HPOS="60" VPOS="1131" WIDTH="778" HEIGHT="60">
            <Shape><Polygon POINTS="61 1174 61 1189 172 1183 250 1183 277 1191 278 1191 279 1191 399 1183 471 1189 472 1189 528 1184 681 1187 682 1187 683 1187 696 1181 719 1184 720 1184 721 1184 730 1179 740 1186 741 1186 742 1186 743 1186 744 1186 745 1186 752 1179 810 1178 818 1183 819 1183 820 1183 821 1183 822 1183 838 1177 838 1167 835 1133 769 1138 753 1131 752 1131 751 1131 750 1131 736 1139 705 1139 687 1131 686 1131 647 1131 646 1131 645 1131 613 1141 541 1141 528 1134 527 1134 526 1134 525 1134 502 1142 470 1142 459 1133 458 1133 457 1133 439 1133 438 1133 437 1133 436 1133 424 1141 397 1133 396 1133 395 1133 370 1134 369 1134 368 1134 359 1141 343 1134 342 1134 341 1134 340 1134 313 1140 255 1135 254 1135 253 1135 234 1143 136 1137 135 1137 134 1137 120 1143 77 1138 76 1138 75 1138 60 1143 61 1174"/></Shape>
            <String CONTENT="primum eos deguſtauit. Ne tamen quiſpiam hic tã" HPOS="60" VPOS="1131" WIDTH="778" HEIGHT="60" WC="0.9714797869020578"/>
          </TextLine>
          <TextLine ID="line_22" TAGREFS="LT8" BASELINE="64 1223 834 1217" HPOS="63" VPOS="1178" WIDTH="771" HEIGHT="62">
            <Shape><Polygon POINTS="64 1223 64 1240 112 1233 125 1239 126 1239 127 1239 128 1239 146 1233 187 1239 188 1239 190 1239 203 1234 275 1238 276 1238 277 1238 278 1238 286 1232 308 1236 309 1236 336 1231 358 1237 359 1237 360 1237 393 1231 420 1236 421 1236 422 1236 449 1230 507 1230 517 1236 518 1236 519 1236 520 1236 556 1231 563 1236 564 1236 565 1236 566 1236 567 1236 569 1236 578 1229 599 1235 600 1235 601 1235 602 1235 614 1229 624 1235 625 1235 626 1235 627 1236 691 1236 691 1235 692 1235 707 1228 778 1228 832 1234 834 1217 833 1188 808 1178 807 1178 705 1178 704 1178 686 1179 685 1179 684 1179 674 1188 648 1179 647 1179 646 1179 645 1179 624 1189 590 1189 578 1180 577 1180 576 1180 575 1180 574 1180 573 1180 560 1190 501 1190 482 1183 481 1183 480 1183 479 1183 478 1183 469 1190 430 1190 416 1181 415 1181 414 1181 413 1181 412 1181 394 1190 332 1184 330 1184 329 1184 304 1191 244 1186 243 1186 212 1191 200 1182 199 1182 198 1182 197 1182 176 1183 175 1183 174 1183 162 1193 137 1193 124 1183 123 1183 122 1183 121 1183 63 1187 64 1223"/></Shape>
            <String CONTENT="ſtultus ſit, ut putet Paulum dicere innaſci ſanctitatẽ," HPOS="63" VPOS="1178" WIDTH="771" HEIGHT="62" WC="0.9979331291147641"/>
          </TextLine>
          <TextLine ID="line_23" TAGREFS="LT8" BASELINE="62 1273 834 1264" HPOS="61" VPOS="1230" WIDTH="773" HEIGHT="60">
            <Shape><Polygon POINTS="62 1273 62 1284 119 1284 138 1290 139 1290 140 1290 141 1290 170 1283 203 1288 204 1288 251 1282 259 1288 260 1288 261 1288 262 1288 289 1283 317 1288 318 1288 416 1281 476 1286 477 1286 478 1286 495 1279 539 1285 540 1285 577 1278 633 1284 634 1284 679 1277 701 1283 702 1283 703 1283 798 1282 833 1275 834 1264 831 1234 660 1239 646 1231 645 1231 644 1231 643 1231 642 1231 618 1239 606 1230 605 1230 604 1230 603 1230 602 1230 601 1230 587 1240 525 1240 514 1234 513 1234 512 1234 511 1234 510 1234 509 1234 500 1240 460 1232 459 1232 458 1232 457 1232 446 1240 411 1235 410 1235 409 1235 395 1243 367 1243 346 1233 345 1233 318 1233 317 1233 316 1233 315 1233 306 1239 259 1234 258 1234 257 1234 229 1242 206 1235 205 1235 204 1235 203 1235 168 1244 88 1236 87 1236 86 1236 61 1245 62 1273"/></Shape>
            <String CONTENT="utitur enim iſto figurato ſermone tantum propter" HPOS="61" VPOS="1230" WIDTH="773" HEIGHT="60" WC="0.9980521375934283"/>
          </TextLine>
          <TextLine ID="line_24" TAGREFS="LT8" BASELINE="62 1323 840 1315" HPOS="61" VPOS="1279" WIDTH="779" HEIGHT="59">
            <Shape><Polygon POINTS="62 1323 62 1332 138 1338 139 1338 169 1332 188 1338 190 1338 191 1338 262 1331 351 1337 352 1337 353 1337 354 1337 364 1330 439 1336 440 1336 441 1336 468 1329 500 1335 501 1335 502 1335 523 1329 539 1335 540 1335 541 1335 542 1335 543 1335 550 1330 628 1334 629 1334 630 1334 646 1327 671 1333 672 1333 673 1333 764 1326 839 1328 840 1315 838 1287 756 1282 755 1282 754 1282 733 1287 711 1279 709 1279 708 1279 707 1279 688 1288 654 1288 642 1280 641 1280 640 1280 639 1280 594 1285 548 1280 547 1280 546 1280 525 1290 477 1290 451 1281 450 1281 449 1281 448 1281 421 1290 298 1283 297 1283 254 1292 227 1287 226 1287 171 1292 162 1285 161 1285 160 1285 137 1285 136 1285 135 1285 114 1293 61 1286 62 1323"/></Shape>
            <String CONTENT="Gentes, ut intelligant, ſe non etiam ſecundum car¬" HPOS="61" VPOS="1279" WIDTH="779" HEIGHT="59" WC="0.9894749069213867"/>
          </TextLine>
          <TextLine ID="line_25" TAGREFS="LT8" BASELINE="62 1373 839 1366" HPOS="61" VPOS="1329" WIDTH="778" HEIGHT="60">
            <Shape><Polygon POINTS="62 1373 62 1389 96 1383 111 1389 112 1389 113 1389 114 1389 131 1383 190 1388 191 1388 192 1388 193 1388 200 1382 273 1388 274 1388 309 1381 393 1387 394 1387 505 1379 518 1385 519 1385 520 1386 565 1386 565 1385 566 1385 567 1385 577 1379 645 1384 646 1384 647 1384 667 1378 706 1382 707 1382 782 1377 798 1383 799 1383 800 1383 839 1377 839 1366 837 1334 794 1329 793 1329 765 1335 749 1329 748 1329 747 1329 746 1329 719 1336 708 1330 707 1330 706 1330 667 1330 666 1330 665 1330 648 1337 583 1337 572 1331 571 1331 570 1331 569 1331 490 1338 445 1332 444 1332 386 1339 285 1333 283 1333 282 1333 281 1333 273 1340 253 1334 252 1334 183 1334 182 1334 181 1334 180 1334 169 1341 122 1335 121 1335 120 1335 119 1335 111 1341 97 1337 96 1337 95 1337 61 1342 62 1373"/></Shape>
            <String CONTENT="nem ex bonis patribus genitas·q.d·Vos ò Gentes miᛘ" HPOS="61" VPOS="1329" WIDTH="778" HEIGHT="60"/>
          </TextLine>
          <TextLine ID="line_26" TAGREFS="LT8" BASELINE="61 1424 837 1416" HPOS="60" VPOS="1378" WIDTH="777" HEIGHT="67">
            <Shape><Polygon POINTS="61 1424 61 1436 101 1436 120 1444 121 1444 122 1445 153 1445 153 1444 154 1444 155 1444 162 1438 253 1443 254 1443 255 1443 278 1434 389 1441 390 1441 391 1441 392 1441 402 1432 498 1432 508 1439 509 1439 510 1439 511 1439 512 1439 530 1435 543 1440 544 1440 545 1440 604 1439 605 1439 643 1430 673 1430 689 1438 690 1438 691 1438 692 1438 718 1430 815 1437 816 1437 817 1437 837 1428 837 1416 834 1378 721 1384 644 1378 643 1378 605 1385 567 1379 566 1379 565 1379 540 1386 489 1381 488 1381 434 1387 408 1381 407 1381 406 1381 405 1381 404 1381 396 1387 367 1382 366 1382 365 1382 347 1388 294 1382 293 1382 250 1389 219 1383 218 1383 190 1389 60 1388 61 1424"/></Shape>
            <String CONTENT="nus poteſtis gloriari quàm ludæt, ſiquidem ex impijs" HPOS="60" VPOS="1378" WIDTH="777" HEIGHT="67" WC="0.9917423354004914"/>
          </TextLine>
          <TextLine ID="line_27" TAGREFS="LT8" BASELINE="61 1474 840 1467" HPOS="60" VPOS="1427" WIDTH="780" HEIGHT="65">
            <Shape><Polygon POINTS="61 1474 61 1487 89 1491 90 1491 91 1491 92 1491 101 1484 145 1484 163 1492 164 1492 165 1492 223 1491 224 1491 239 1483 337 1482 386 1490 387 1490 434 1481 459 1489 460 1489 461 1489 462 1489 463 1489 471 1482 509 1480 528 1486 529 1486 530 1486 531 1486 532 1486 542 1480 585 1488 586 1488 620 1483 727 1487 728 1487 783 1478 821 1483 822 1483 823 1483 840 1476 840 1467 838 1437 779 1437 761 1427 760 1427 733 1427 732 1427 731 1427 711 1437 651 1428 650 1428 649 1428 615 1438 517 1429 516 1429 515 1429 497 1437 459 1430 458 1430 457 1430 456 1430 443 1440 335 1440 282 1431 281 1431 280 1431 279 1431 264 1441 181 1432 180 1432 138 1441 115 1433 114 1433 113 1433 60 1440 61 1474"/></Shape>
            <String CONTENT="eſtis nati patribus: uos eſtis mala maſſa, quia ex" HPOS="60" VPOS="1427" WIDTH="780" HEIGHT="65" WC="0.9984144234657287"/>
          </TextLine>
          <TextLine ID="line_28" TAGREFS="LT8" BASELINE="63 1526 842 1520" HPOS="62" VPOS="1479" WIDTH="780" HEIGHT="74">
            <Shape><Polygon POINTS="63 1526 63 1553 88 1553 88 1552 89 1552 90 1552 104 1541 168 1549 169 1549 170 1549 193 1540 228 1551 229 1551 230 1551 302 1550 303 1550 323 1540 338 1550 339 1550 340 1550 341 1551 378 1551 378 1550 380 1550 414 1539 432 1539 443 1548 444 1548 445 1548 446 1548 447 1548 466 1540 480 1548 481 1548 482 1548 483 1548 484 1548 496 1539 509 1549 510 1549 511 1549 512 1550 553 1550 553 1549 615 1537 681 1537 699 1545 700 1545 701 1545 702 1545 716 1538 745 1546 746 1546 747 1546 748 1546 781 1538 841 1546 842 1520 838 1479 816 1487 753 1482 752 1482 704 1488 662 1482 661 1482 660 1482 648 1487 597 1480 596 1480 550 1489 490 1485 489 1485 450 1490 424 1482 423 1482 422 1482 421 1482 389 1490 356 1482 355 1482 354 1482 353 1482 336 1491 291 1491 277 1483 276 1483 275 1483 247 1483 246 1483 245 1483 244 1483 233 1491 171 1484 170 1484 62 1490 63 1526"/></Shape>
            <String CONTENT="pruuitijs malis genita: timete potius Deum, &amp; non" HPOS="62" VPOS="1479" WIDTH="780" HEIGHT="74" WC="0.9906430268774227"/>
          </TextLine>
        </TextBlock>
        <TextBlock HPOS="784" VPOS="92" WIDTH="59" HEIGHT="42" ID="block_7" TAGREFS="BT15">
          <Shape><Polygon POINTS="843 92 843 134 784 134 784 92"/></Shape>
          <TextLine ID="line_29" TAGREFS="LT8" BASELINE="781 119 835 119" HPOS="780" VPOS="84" WIDTH="53" HEIGHT="47">
            <Shape><Polygon POINTS="780 117 780 130 832 131 833 117 833 84 780 84 780 117"/></Shape>
            <String CONTENT="131" HPOS="780" VPOS="84" WIDTH="53" HEIGHT="47" WC="0.9999484221140543"/>
          </TextLine>
        </TextBlock>
        <TextBlock HPOS="650" VPOS="1541" WIDTH="87" HEIGHT="52" ID="block_8" TAGREFS="BT17">
          <Shape><Polygon POINTS="737 1541 737 1593 650 1593 650 1541"/></Shape>
          <TextLine ID="line_30" TAGREFS="LT8" BASELINE="664 1576 724 1576" HPOS="664.0" VPOS="1541.0" WIDTH="60.0" HEIGHT="63.0">
            <Shape><Polygon POINTS="704 1541 694 1541 684 1541 674 1541 664 1541 664 1576 664 1599 692 1604 693 1604 694 1604 724 1595 724 1576 724 1542 712 1541 704 1541"/></Shape>
            <String CONTENT="R3" HPOS="664.0" VPOS="1541.0" WIDTH="60.0" HEIGHT="63.0" WC="0.9998258650302887"/>
          </TextLine>
        </TextBlock>
      </PrintSpace>
    </Page>
  </Layout>
</alto>
