1207 1852
151 117 631 54 IN EPIST· AD ROM·

100 186 766 59 Gentes item, impio Idolorum cultu idem quærunt,

98 229 773 67 accuſantes & ipſi ſuam iniuſtitiam· Sed dum illam

100 279 771 70 per opera quærunt, quid aliud faciunt miſeri, quàm

98 332 774 67 quod ſtercus ſtercore abluere conantur? Nequaquã

97 381 775 66 enim potest arbor mala, fructus bonos ferre. Deinᛘ

96 430 776 72 de, nec Ifraël ſectando iuſtitiam legis, peruenit ad iuᛘ

101 481 295 61 ſtitiam, Roma·9·

194 541 574 48 SVMMA TOTIVS EPI¬

284 597 371 54 ſtolæ per ſingula capita·

106 694 77 49 c

170 637 699 60 Ertum eſt in nullo libro ſacræ ſcripturæ clarius

203 688 662 65 & apertius deſcribi legem & gratiam, quàm

96 734 768 68 in hac Epiſtola, ſed quo ordine id faciat Apoſtolus,

95 786 772 63 dicemus, ut uideamus curam & diligentiã hanc uni

93 837 773 64 cam fuiſſe Paulo, ut compendium tale totius ſcriptu¬

92 887 771 62 ræ formaret· In quo ſimul omnia capita ſcripturæ,

92 937 778 62 quibus nobis ad cognitionem noſtri peccati, & miſeri

90 984 780 64 cordiæ diuinæ opus eſt, ordine ac perſpicue cõplecte¬

91 1036 776 62 retur· Qui id ignorant, difficilimam & obſcurißimã

96 1086 764 62 (quod multis, qui docti haberi uolunt, accidiſſe ſcio)

89 1135 770 63 hanc Epiſtolam eſſe ſomniant· Sed capita uideamus·

136 1188 724 65 In primo capite omnes Gentes licet naturæ legem

98 1230 497 71 habeant, eſſe peccatores, probat·

835 74 29 95 2

127 1296 728 47 In ſecundo, idem de ludæis confirmat, ut maxime

87 1337 771 63 legem ſcriptam habeant & lactent, & quemadmo¬

85 1389 771 62 dum eæ, uirtute legis naturæ in conſcientijs eorum

84 1439 774 61 à peccati morſu liberari non poſſunt, ſic nec Iudæi

79 1487 774 68 lege ſcripta tam ſancta, & à Deo per Moſen data,

80 1540 448 70 in ſuis conſcientijs liberantur·

884 1206 26 59 1

887 1313 46 54 11

729 1553 74 62 A 2
