1217 1850
125 94 658 64 IN EPIST· AD ROM·

56 159 784 65 eutem ea, ut ſubinde per Euangelium illa in nobis

55 205 784 66 creſcat, quod Paulus in Corinth· dixit: A gloria in

56 254 781 69 glortam, tanquàm à domini ſpiritu. Item in Epheſ·a

56 305 779 69 Donec creſcamus in uirum perfectum· Item Pſalm·

55 356 786 66 De uirtute in uirtutem. Hæc omnia ſunt contra ſatuᛘ

55 404 784 68 ros & craſſos Chriſtianos, qui ſe putant omnia adſeᛘ

55 457 780 67 cutos, cũ tamen piorũ ſit ſemper ſitire, ut Matth·6·

53 508 585 68 Ideo ſubiungit teſtimonium Prophete·

192 580 453 70 Iuſtus exfide uiuet.

111 658 723 63 Non ex operibus, aut creaturis· Non eſt ergo fi¬

60 695 774 78 des quiddam ocioſum in homine, ſed ipſa uita, nunt

60 753 784 67 quieſcens. Viuet igitur, ut dicit Propheta, qui Chriᛘ

62 803 778 76 ſtum fide expectat· Perdetur is, qui in ſuis iuſtitijs

64 859 151 63 confidit·

807 127 33 2 VI

328 912 187 61 Palam.

121 974 724 57 Quæ hactenus ſunt dicta ad exordium pertine¬

63 1016 783 66 bant: Nunc, quod & erat faciendum, primum le¬

66 1069 783 64 ge omnes homines damnat, dicens, & Iudæos & Genᛘ

64 1118 789 72 tes eſſe peccatores, at hoc agit in tribus primis ca¬

67 1171 786 68 pitibus· Nam neceſſario Paulus docturus, quæ eſſet

65 1220 784 66 uera iuſtitia, legem, id eſt, iram prædicat, cunt dixe¬

66 1272 783 63 rat: Euangelium eſt potentia Dei, & iuſtitia Dei per

71 1321 779 63 illud patefit· Quid aliud conſequi oportebat, quàm

70 1373 781 59 omnibus hominibus Deum iraſci, quia omnes uacui

68 1421 777 67 ſunt iuſtitia Det? Ita Euangelium cum prædicatur,

68 1468 785 73 primum iræ plenum eſt et indignationis, non poteſt

852 613 170 90 Iuſtus ex fi¬

852 684 135 68 de uiuct·

859 1160 193 0 Lex prædicatᛘ

859 1212 82 1 iram·

670 1532 61 74 B2
