1201 1854
397 98 637 55 COMMENT· POMER·

340 164 766 70 Chriſtus pro nobis mortuus fuit.

357 244 748 59 Vt ſic ſua morte nos liberaret à peccatis, eramus

337 292 770 67 impij & damnati, & niſi nobis mors Chriſti ſubue¬

336 341 302 67 niſſet, perijſſemus·

487 404 457 63 Multo igitur magis.

387 463 719 56 Eſt Argumentum à maiori, ſi ſuſcepit & dilexit

337 508 774 60 nos inimicos & malos, iam magis tuebitur, & dili¬

340 559 770 59 get amicos, & ſanguine Chriſti redemptos· Benefiᛘ

338 607 768 63 cus fuit inimicis, quomodo non bene uellet amicis?

485 678 429 53 Nam cum inimici.

412 736 577 65 Idem argumentum eſt, ſed alijs uerbis·

581 798 270 64 Per uitam.

386 852 715 62 Scilicet, Chriſti, quia iam uiuit, & nos iam éregᛘ

338 904 702 60 no mortis, in regnum eius uitæ traducti ſumus·

132 1023 195 53 Gloriatio no¬

134 1075 87 58 ſtra·

432 960 549 60 Non ſolum autem hoc.

400 1018 700 49 Non tantum gloriamur ſub ſpe gloriæ Dei, &

337 1067 774 60 de cruce, qua nos Deus probat, ſed eſt tertia quoq gloᛘ

336 1117 774 58 riatio, qua gloriamur, quod Deus noſter eſt: non ſoᛘ

337 1165 775 62 lum gloriamur, quod iſte rex Deus det, & daturus

339 1214 777 63 ſit multa bona, quibus nos ditet· Eſt hoc omniũ ma¬

337 1266 776 62 ximum, quod is in manu noſtraſit, & noſter diciue

337 1317 777 57 lit· Nos Dei ſumus, & ipſe cũ omnibus ſuis uult eſſe

337 1363 779 60 noſter, id́ per Chriſtum Ieſum mediatorem· Sed

337 1413 780 60 hæc exuperant omnem ſenſum, quæ omnia eò perti¬

339 1463 775 72 rent, ut pacem conſcientijs noſtris infirmis, confir¬

975 1526 129 52 men &
