1176 1865
324 112 688 59 COMMENT- POMER.

308.0 182.0 769.0 59.0 quia propter legem naturæ habent legem ſcriptam,

308.0 228.0 773.0 60.0 ut grauius damnentur. Ita ſententia eſt Pauli, quod

309.0 274.0 772.0 63.0 neq; qui in manifeſto ſunt peccatores, neq illi qui bo¬

309.0 327.0 767.0 60.0 niutri ſunt, & in ſpeciem ſancti, ſunt excuſabiles,

310.0 379.0 773.0 57.0 quia nemo habet cor mundum. Sed cum hæc Paulus

310.0 425.0 773.0 59.0 de hypocritis dixerit, putabant Iudæi non de ſe di¬

310.0 477.0 775.0 61.0 ctum: ideoq́; iam manifeſtius loquitur, dicens: Ecce

310.0 524.0 777.0 62.0 tu ludæus uis dici, uir probus & ſanctus haberi ab om

310.0 574.0 776.0 64.0 nibus, gloriaris in Deo, ſed non ex fide in corde:

310.0 624.0 781.0 63.0 quod unum commendat Scriptura, quicquid agis, id

311.0 673.0 783.0 62.0 eſt hypocriſis, ut maxime bona ab hominibus iudicen

316.0 724.0 780.0 63.0 tur, alium doces, & teipſum non doces &c. Sicut

313.0 775.0 766.0 56.0 nos hodie Euangelium in ore habemus, alios uolu¬

313.0 826.0 774.0 59.0 mus docere, at in corde ipſi nihil habemus: Væ no¬

312.0 872.0 772.0 67.0 ſtræ hypocriſi, Iudæum eſſe aut Chriſtianum, eſt cor

313.0 927.0 775.0 66.0 de confiteri Chriſtum, non ore tantum. Hinc Mar¬

314.0 976.0 779.0 66.0 tyres & Confeſſores dicti ſunt, quicunq́; uere Chri¬

316.0 1026.0 771.0 67.0 ſtum ſunt confeßi. Tametſi in Papiſtico illo Catalogo

318.0 1079.0 537.0 67.0 Sanctorum non idem eſſe uideantur.

108.0 712.0 194.0 60.0 Euangeluũ ſo

108.0 763.0 197.0 65.0 lũmodo i ore

106.0 814.0 160.0 58.0 habemus.

365.0 1214.0 728.0 62.0 Id eſt, applaudis tibijpſi quod acceperis legem

325 1257 765 93 ſcriplam: GLORIARIS· Quaſiſis expe

323.0 1302.0 157.0 95.0 puoDei¬

514.0 1152.0 275.0 63.0 Acquieſcis.

526.0 1373.0 310.0 74.0 Voluntatem.

339.0 1443.0 759.0 63.0 Per literam, dicere potes, hoc placet Deo, hoc

326.0 1489.0 301.0 68.0 non placet.

980.0 1544.0 120.0 57.0 Laudas
