1215 1848
259 111 528 62 EPIST· AD ROM·

803 110 52 62 64

76.0 183.0 787.0 59.0 Gentiũ conſcientiæ olim erant alligatæ quibuſdã cultiᛘ

76.0 226.0 787.0 60.0 bus externis obſeruationi dierum· Prædicato autem

76.0 274.0 786.0 66.0 Euangelio, deprehendebant errorẽ, illaq́; eſſe prorᛘ

80.0 327.0 784.0 66.0 ſus ridicula: idem in ludæis quibuſdam uiſum eſt, qui

80.0 377.0 784.0 63.0 quo ſuis conſtitutionibus uexabantur, reuelato ue¬

76.0 429.0 784.0 63.0 ro Euangelio, intellexerũt eſſe fabulas· Sic nos quoq·

74.0 475.0 790.0 69.0 iim uulgato Euangelio per orbem, ſcire oportebat,

78.0 526.0 785.0 63.0 conſcientias noſtras liberatas per illud, à torturis &

80.0 576.0 800.0 64.0 uexa ationibus Papiſticis, nõ per id datã occaſionẽ ſtul

78.0 629.0 787.0 61.0 tæ carni, ut qui duis præſumat, quã inſaniam Paulus

77 676 789 57 & Apoſtoli ubi damnant· Norunt autẽ tantũ ueri

80.0 728.0 781.0 62.0 Chriſtiant, legis abrogationẽ, hanc admirantur, &

81.0 778.0 786.0 62.0 adorant in ſpiritu, cũ ſit ipſa Dei miſericordia· Mulᛘ

80.0 829.0 786.0 65.0 tis nunq̃ potuit perſuaderi totã legẽ abrogatã, quare

80 873 786 67 tantũ Ceremonialẽ legẽ ſublatã prædicabant : Proin

81.0 928.0 787.0 63.0 de dicebãt, ſi moralis lex eſt abrogata, ergo licet ſcorᛘ

83.0 978.0 782.0 62.0 tari, furari &c. quæ ſunt cõtra Deũ & proximum·

85.0 1028.0 783.0 67.0 Vſque adeo hæſerũt in ratione humana, ideoq́; uani faᛘ

83.0 1080.0 785.0 60.0 cti ſunt, nõ uiderũt neq intellexerũt Det diuitias, no¬

83.0 1128.0 785.0 63.0 bis per Chriſtũ exhibitas· Quid potuit hoc ſtultius diᛘ

83 1173 785 71 ci? ſi eni Ceremonialis lex abrogata eſſet, ergo tantũ

85.0 1230.0 783.0 62.0 Iudæis, nõ alijs hoibus abrogata eſſet: cũ tamẽ dicant

87.0 1280.0 778.0 64.0 Apoſtoli, neminẽ potuiſſe ſuſtinere onus legis, ideoq́

91.0 1330.0 776.0 61.0 ridiculũ eſt hæc audire· Sed hoc omnt demẽtta inepti

91.0 1376.0 777.0 67.0 us, ꝙ cũ nos per Chriſtũ aſſerãt liberatos à lege Cere

94.0 1430.0 773.0 63.0 moniærũ, interim tamẽ multo grauioribus nos oneraᛘ

93.0 1479.0 771.0 78.0 rint, ut eorum Decreta indicãt· Eſt hoc prædicare
