1196 1847
422.0 76.0 627.0 63.0 COMMENT· POMER·

457.0 148.0 491.0 62.0 Eſaias autem clamat.

132.0 736.0 195.0 63.0 Verbum ab¬

132.0 791.0 174.0 65.0 breuiatum

389.0 225.0 726.0 55.0 Locum hunc ex Propheta de Iuſticiarijs abiectis

338.0 272.0 776.0 62.0 adducit, quo teſtatius faciat, quod dixit, q·d· Innuᛘ

337.0 327.0 774.0 58.0 meri erunt operarij, & qui in ſuas uires reſpicient,

336.0 375.0 778.0 58.0 non in Deum, ſed ipſi perdentur, & tantum reli¬

338.0 421.0 775.0 64.0 quiæ, id eſt, pauci ſalui erunt, quod factum eſt in Apoᛘ

338.0 474.0 457.0 61.0 ſtolis, & Iudæis credentibus¬

382.0 548.0 667.0 66.0 Sermonem enim perficiens:

390.0 614.0 722.0 55.0 Lege potius perficit & abbreuiat, pro partici¬

339.0 654.0 773.0 63.0 pijs. Et pro, cũ iuſticia, in iuſticia. Paulus hunc locũ

338.0 711.0 775.0 56.0 citauit ex Septuaginta Interpretibus, nõ ex Hebræo¬

339.0 760.0 772.0 58.0 Siquidem Romanis gnaris Græcæ linguæ, in manu

336.0 811.0 774.0 55.0 erant Græca, non Hebraica biblia·Sunt in Hebræo

335.0 858.0 776.0 61.0 aliauerba, at non alia ſententia: in Paulo est obſcuᛘ

336.0 911.0 772.0 59.0 rior· Vulgo ſic interpretantur, quod Deus antea ſub

339.0 961.0 767.0 59.0 Veteri Teſtamento, dederit multa uerba, ceremonias,

335.0 1011.0 777.0 59.0 leges et præcepta, quæ omnia uoluit in Nouo Teſta

337.0 1063.0 771.0 57.0 mento colligere in breue quoddam uerbum, nempe,

335.0 1113.0 777.0 56.0 Dilige proximum, & crede Verbo Dei· Nunc ergo

338.0 1161.0 773.0 62.0 abbreuiatum eſt, & conſummatũ, perfectum́, id

339.0 1211.0 775.0 63.0 eſt, quod ſolum perficit, & in nobis conſummat Dei

337.0 1260.0 777.0 62.0 tuſticiam· Nihil tuſticiæ conſequebantur ij, qui uiueᛘ

335.0 1311.0 781.0 61.0 bant ſecundum Legem Moſi, & externa etus ope¬

335.0 1363.0 778.0 61.0 ra, ut maxime perpetuo multa præciperet, & urgeᛘ

337.0 1408.0 779.0 66.0 ret· Videtur tamen alia poſſe colligi ex uerbis Pro¬

341.0 1458.0 776.0 73.0 phetæ ſententia: quod hic uerbum habet, in Pro¬

1017.0 1523.0 96.0 68.0 pheta
