1178 1832
135 79 625 58 IN EPIST· AD ROM·

70 144 763 61 didit captionem, eſt multo horrendius: præterea,

73 195 758 58 offendicuulm eam menſam uocauit, quaſi diceret,

70 244 761 58 impingent in iſtam menſam, & cadent retrorſum,

65 293 770 60 quod alicubi quoque Eſaias habet, ubi Chriſtum la¬

66 340 772 62 pidem offenſionis uocat· Id ſemper accidit aduerſa¬

65 392 771 55 rijs Verbi, qui coguntur legere Biblia, ubi quid auᛘ

66 444 772 57 dierint inſuetum, & uident omnia conſonare quæ

65 497 773 54 Iegunt prædicationt, mirantur uehementer, ſed quia

63 543 775 60 ſtatim inueniunt quoſdam locos, impingunt & ex¬

65 594 770 55 cæcantur: qualis locus eſt in Primo ad Romanos:

66 642 768 58 Non auditores, ſed factores legis ſaluabuntur· In

66 695 757 57 fine omnium illorum, retaliationem adpoſuit, ſig¬

65 743 765 64 nificaturus cæcitatem eſſe præmum illorum ſcandeᛘ

66 792 299 61 lorum & pœnam¬

782 117 52 0 128

234 863 399 66 Obtenebrentur?

219 944 483 54 Id eſt, excæcentur ocult eorum.

128 1011 701 77 Et tergum illorum ſemper in¬

67 1078 168 64 curua.

120 1157 701 57 Deprime eos oneribus conſcientiæ peccatorum,

66 1207 759 59 ne ſurſum ſuſpicere in cœlum poßint, habeant ocu¬

64 1258 763 57 los ſemper defixos in ſuam iuſticiam, non in Dei graᛘ

66 1306 771 59 tiam·Ita profecto nunquam in libertatem, conſcienᛘ

64 1355 766 60 tiæ iuſticiariorum, & gaudium perduci poſſunt, laſᛘ

66 1405 765 68 ſantur & fatigantur onere iuſticiæ carnis, ſed ſine

104 1455 386 78 ſpe ſalutis aut conſolationis·

836 1136 204 58 Pax conſcienᛘ

834 1187 205 66 tiæ non eſt Iuᛘ

838 1238 141 75 ſticiarijs·
