1200 1870
353 98 639 58 COMMENT· POMER·

486 172 387 61 Omnes peccato.

316 228 748 59 Hactenus ergo hãc propoſitionẽ tractauit Paulus,

291 276 779 62 probabit & cõfirmabit eam iam quo Scripturis cerᛘ

289 328 769 59 tißimis, ne qua elabi poßimus: atq; ex hoc diſces,

285 375 782 66 qui ſit ordo prædicandi Euangelij. Primum, per le¬

303 420 767 73 gem sunt hominum peccata detegenda, ut ibijpſis inᛘ

289 477 783 61 cipiant diſplicere, & deſperare in ſuis uiribus· Deinᛘ

290 527 784 62 de ſubijcienda eſt conſolatio, Chriſtum ſcilicet eſſe

289 578 786 58 iuſtificatorem noſtrum, remitti nobis peccata, quia

290 625 781 62 ille placeat patri· Nemo utitur pharmacis, niſi mor¬

289 676 786 61 bum ante cognorit·Sic quomodo non intelliges Deũ

290 727 783 60 miſericordem eſſe, niſi uideas te filium iræ & damnaᛘ

289 776 778 59 tionis eſſe? Euangelium reuelat cogitationes cordiũ,

289 827 782 61 id eſt aperit, quanta ſit in nobis iniquitas, ut tandẽ

290 875 782 64 confugiamus ad Chriſtum, adblandientẽ nobis, quẽ

291 925 780 58 admodum mater ſuo filto blandiri ſolet. Sic Chriſtus

294 979 778 59 quando prædicabat, primum dicebat, Pœnitentiam

294 1030 776 59 agite, agnoſcite uos peccatores, & peruentet in uos

292 1081 779 57 regnum Dei· Quare prudenter Paulus præmiſit damᛘ

294 1129 777 61 nationem noſtri, priuſquàm iuſtitiam per Chriſtum

291 1180 781 60 deſcribat· Sed diceret Caro, Nunquid uerum eſt, omᛘ

292 1230 780 60 nes homines eſſe peccatores? nonne multi ſunt boni

292 1274 775 66 & deuoti (ut illi loquuntur) in Monaſterijs patres?

296 1331 778 59 Hæc præuidens Paulus, ne putent eſſe ſomnium hu¬

296 1380 779 59 manum, profert manifeſtas Scripturas contra eos, qui

294 1424 773 78 bus tamen uix conſcientiæ noſtræ conuinci poſſunt,

296 1475 391 70 uſq adeo ſumus excæcati·

84 350 188 92 Ordo prædi¬

85 424 118 67 candi·
