1186 1853
414 62 642 58 COMMENT· POMER·

137 228 191 64 Carnis & ſp

130 296 197 43 ritus pugna

131 339 187 63 in aduerſis.

340 138 780 49 fer à me calicem: Spiritus autem, Fiat uoluntas tua ¬

338 178 783 51 Idem Suſannæ docet hiſtoria, cui cum mors intentare

344 262 775 7 tur, niſi conſentiret ſenibus : caro in ſumma fuit an¬

344 312 773 9 guſtia, at ſpiritus dixit : Melius eſt, ut incidam & c·

336 339 8 46 et nemo eſt hodic, qui non time at mortem, quoties auᛘ

338 380 781 54 dit tumultuari Principes & Epiſcopos aduerſus Euan

341 429 778 56 gelium, hic cogitat caro, actum eſt de nobis, iam

340 478 775 58 iam occidemur, ue nobis, quid futurum eſt nobiſcum?

340 529 779 58 Sed contra ſpiritus occulte dicit: Ah iniquum & im¬

342 575 777 62 pium facinus, negabis Dei Euangeliũ? Timebis bul¬

343 631 776 53 las carnis & Sathanæ? quid facient nolente Deo?

342 680 778 58 etiamſi omnes creaturæ inſultent, tamen nihil poſſunt

343 726 776 61 efficere, conſiſte, conſiſte, ſuſtine, hæc Det eſt uoᛘ

345 779 770 57 luntas, ſatius eſt mori pro illius Verbo, quàm uiuere,

346 834 769 53 & eius miſericordiam negare· Hanc ſpiritus úocem,

345 883 776 56 audit Deus, non eam, quæ carnis eſt, quæ ſemper deᛘ

347 932 774 52 trectat crucem Tolerat autem Deus in nobis has in¬

349 981 772 58 firmitates, qui non uerſamur ſecundum carnemt, ſed

352 1028 769 62 qui primitias has ſpiritus habemus, uidet quod non ſit

350 1081 773 56 noſtrarum utrium perdurare in cruce, non tamen abij

350 1130 768 57 cit, propter eum ſpiritum clamantem in nobis, &

352 1181 777 57 agnoſcentem bonam eius uoluntatem· Quem, quæ¬

359 1229 770 66 ſo, hæc non conſolarentur, ettam in profundißima

354 1279 694 66 inferni uoragine? ſed exponit clarius quæ dixit·

385 1362 708 85 Siquidem hoc ipſum quod &c.

945 1434 180 78 dgnißimus
