1180 1835
780 79 44 61 48

133 82 627 64 IN EPIST· AD ROM·

68.0 154.0 762.0 60.0 collatio, conſolationis plena, Adæ & Chriſti· Reliᛘ

68.0 202.0 364.0 66.0 quauide inuerbis Pauli·

314.0 275.0 244.0 62.0 luſtificati.

110.0 352.0 722.0 59.0 Id eſt, ubi conſecuti ſumus remißionem peccato¬

64.0 398.0 769.0 64.0 rum per fidem, conſcientiæ noſtræ pacem habent:

63.0 449.0 774.0 57.0 nam nullum peccatum iam nos turbat· Habemus le¬

65.0 494.0 773.0 66.0 gendũ, nõ habeamus. In hoc loco lapſi ſunt Columnæ

63.0 550.0 776.0 60.0 cccleſiæ, ut putabantur, Origenes & cæteri, qui

64.0 597.0 749.0 61.0 dicebant, quædam moralia hic docere Paulum·

64.0 649.0 770.0 61.0 Hõc admoneo, ne ſimus ingrati Deo, pro ſua gratia,

66.0 699.0 772.0 61.0 quam hodie nobis in ſuo Euangelio dedit· Nam uel

65.0 751.0 776.0 64.0 pueri hodie id cernunt, imò in plateis clamant, quod

63.0 802.0 774.0 60.0 tanti Doctores uiderant· Non loquitur Apoſtolus, de

66.0 853.0 770.0 58.0 Ciuili quadam pace inter homines, ſed de pace erga

64.0 900.0 775.0 60.0 Deum, quam homines non uident, & qua ſolæ conᛘ

67.0 952.0 772.0 58.0 ſcientiæ adflictæ fruuntur, ut non timeant Deum iuᛘ

63.0 995.0 776.0 67.0 dicem, ſed ſciant ipſum eſſe patrem· Hunc fructum

67.0 1046.0 741.0 70.0 fidei ubi habemus, ſtatim ſequuntur bona opera·

257.0 1136.0 352.0 68.0 Per Chriſtum.

102 1211 733 56 Sine hoc mediatore Chriſto, nihil nobis donatur

68 1255 767 67 àDeo· CONTIGIT. Id eſt, nobis datũ eſt·

97.0 1347.0 736.0 71.0 In gratiã hanc. Id eſt, hoc interpellatore

63.0 1405.0 777.0 61.0 in fauorẽ patris reſtituti ſumus, ipſe adduxit nos ad paᛘ

65.0 1454.0 773.0 72.0 trẽ, in cuuus cõſpectũ antea, quia filijiræ, nõ eramus
