1184 1843
402 86 640 48 COMMENT· POMER·

127 124 200 87 Pij certiß..

130 198 197 70 prædeſtinati¬

132 250 195 58 one conſola¬

130 299 197 71 tionẽ habẽt

344 155 772 58 prædicant, certi ſunt ſe non è manu illius rapi poſſe¬

349 195 770 64 Sciunt ſe in ipſouiuere & mori: Liberij Arbitrij ad¬

349 247 767 61 ſertores, qui eò non perueniunt, hæc omnia contemᛘ

352 338 764 4 nunt, & ſtulticiam quandam vocant · Et quemadmo

340 351 772 61 dum non potes ſatis eloqui, cur tibi ignotus quiſpiam

339 402 772 58 donet mille aureos, ita neq; intelligis, cur te Deus

339 450 770 59 (ſiuoles in te totum reſpicere) ſaluet. Scimus ergo

337 500 776 62 & non ſcimus, nos eſſe Dei filios, nam in Pſalmo diᛘ

337 551 773 60 xit: & ſcitote, quoniam ſegregauit Dominus ſan¬

337 602 773 58 ctum &c· Deinde non ſcimus, quia uidemus in tota

335 650 772 61 Scriptura per ſpiritum nos admoneri, de Dei in nos

339 700 765 60 bona uoluntate, nihil enim fruſtra is agit: idpſum

339 750 768 62 quanta diligentia hic quo Paulus id fecerit, per eunᛘ

337 799 770 66 dem ſpiritum, iudicabit mens Chriſto obnoxia· Nihil

336 851 772 59 autem, quàm hanc & ſimiles ſententias, in tota illa

337 899 769 66 diſputatione de prædeſtinatiõe, explicauit: Qui uult

337 951 766 66 me ſequi, abneget ſemetipſum. Quare ignari ſunt

335 1003 768 62 Scripturarum & omnis pietatis, quicun hac Pau¬

335 1051 768 64 lina diſputatione offenduntur: multa quiritantur de

335 1097 770 70 Libero Arbitrio, et ſuis bonis operibus, ſed non ſunt

334 1151 766 65 operarij & cultores uineæ Domini, uerum cants &

337 1203 769 58 porci, qui eam tantum depopulantur. Sit autem hæc

337 1250 766 65 ſumma triũ ſequentiũ Capitũ, Noni, Decimi & Vn

335 1300 765 66 decimi: Gratia, de qua hactenus diximus, datur ijs

334 1350 772 68 qui non ſunt meriti, ſiue ij ſint ex Iudæis, ſiue Genti¬

330 1401 772 70 bus: qui aũt ſomniant ſibi merita, & ſua bona ope¬

332 1450 772 78 ra, illi abijciuntur, qui enim quærunt iuſticiã, non in

954 1522 144 57 ueniunt,
