1167 1843
140 111 635 61 IN EPIST· AD ROM·

73.0 183.0 772.0 55.0 tantum Miſſam celebrem, ut laicis alteram tantũ demᛘ

79.0 227.0 767.0 65.0 ſpeciem, quæ res per ſe non eſt media, nam Chriſtus

70.0 279.0 781.0 62.0 utram ſpeciem ſimul dari inſtituit, poteſt autem miᛘ

72.0 326.0 777.0 64.0 hires eſſe media ſine peccato, cũ ad tempus facio, ad

75.0 377.0 767.0 66.0 promouendũ Euangelium, quod & fides poſtulat, &

74.0 426.0 778.0 65.0 charitas illorũ qui ſunt docendi, attamen id eſt aliquã

73.0 477.0 779.0 59.0 to grauius, cũ Paulus hic de cibo tantum dicat-Sed

75.0 526.0 768.0 64.0 nihil nos hæc turbent, quiduis ad tẽpus ferendũ eſt,

77.0 577.0 770.0 67.0 Cappæ, Plattæ, propter infirmos, qui Euangelium

79.0 627.0 770.0 67.0 fuſcipiunt, donec intelligant ex noſtra prædicatione:

79.0 680.0 774.0 62.0 qui Euangelium non uolunt audire, non ſunt ex nu¬

80.0 726.0 777.0 65.0 mero infirmorum. Simili modo uirginitas ſi mihi da¬

82.0 777.0 775.0 65.0 ta eſſet, poſſem ducere uxorẽ, aut nõ ducere, iam eſt

84.0 825.0 770.0 65.0 mihtres media, at ſi nõ poſſum cõtinere, nõ eſt media,

85.0 876.0 772.0 68.0 ſed neceſſaria res, nõ poſſum ſaluari, mſi ducã uxorẽ,

86.0 927.0 773.0 68.0 nã ſcortator fio, quod Deus uetuit: uerũ quia hic de

85.0 975.0 777.0 69.0 cibis agit, uideamus quid ſit. Paulo hæc ſcribendi, iſta

88.0 1025.0 773.0 70.0 fuit haud dubie occaſio, uidebat quoſdã Iudæos, qui faᛘ

85.0 1078.0 776.0 64.0 cti erãt Chriſtiani, mordicus tenere ea quæ erãt in lege

87.0 1131.0 774.0 63.0 ſcripta, de porcina carne & alijs, ita cũ nõ intelligeᛘ

86.0 1178.0 777.0 62.0 bãt libertatẽ Chriſtianã, abſtinebãt: erãt alij, qui noᛘ

87.0 1227.0 778.0 67.0 rant libertatẽ, & hi ueſcebantur quibusuis, ſed nulᛘ

88.0 1276.0 777.0 69.0 lo reſpectu aliorũ, qui nondũ ſciebant, quod libere

82.0 1326.0 784.0 64.0 quis illis ueſci poſſet, contemnebant eos tanquam in

86 1373 764 75 digniores: rurſus iſti iudicabant hos, tanquã eos, qui

90.0 1427.0 779.0 65.0 facerent contra legem, & ſic ab utra parte peccabaᛘ

85.0 1475.0 781.0 83.0 tur, qui ergo in eis Chriſtiana charitas eſſe potuit?

741 1541 7 47 2

856.0 551.0 204.0 59.0 Media ad tem

864.0 603.0 192.0 68.0 pus ferenda·

788 104 49 68 154
