1180 1843
377 245 726 62 Scilicet, conuerſarum ad Chriſtum, nam ipſis

330 296 776 65 tanquam inſtrumentis uſus eſt Deus, ut me conſer¬

332 355 121 54 uaret·

397 104 649 56 COMMENT· POMER·

481 170 430 68 Eccleſiæ Gentium.

382 473 722 61 Id eſt, qui ex his quo eſt, qui primum illic, rudi

330 523 775 60 adhuc Euangelio, ad Chriſtum conuerſi ſunt: reſpiᛘ

331 573 772 72 cit uero in legem, in qua primitiæ ſacræ erant Deo.

598 400 243 64 Primitiæ.

394 644 707 67 Salutate Mariam, quæ multum

329 695 446 81 laborauit erga nos.

375 781 725 64 Id eſt, nobis commoda fuit, & diligentißime mi¬

329 830 773 61 niſtrauit ·Hoc loco abuſi ſunt Monachi, ut omnibus

124 871 980 75 Roſarij funda alijs Scripturis: uiderunt hic aliquid de Maria, quod

318 930 783 67 profecto nos non poſſumus uidere, interpretatiq; ſunt

328 977 774 66 omnia de ſuo Roſario, & in hoc multos Sermones

329 1029 776 65 ſcripſerunt, ſed quàm ſtulte hoc tentarint, uel puer uiᛘ

327 1081 774 64 dere poteſt: num hic Roſarij fundamentum quæritur?

327 1131 775 63 aiunt, Maria, quia multum laborauit, per Roſa¬

329 1176 772 72 rium eſt ſalutanda. O inſignes Theologos: nuſquam

329 1230 772 65 in ſcripturis eorum commentum locum habere po¬

325 1277 771 72 teſt ·Verum ridere hæc libet, ſi refellere nitar, inep

331 1330 441 85 tißimus cum ineptis fuero·

127 934 172 56 mentum·

588 1403 257 78 Cognatos.

535 1465 294 69 Scilicet, ex Iudæis·
