1197 1846
191 93 631 56 IN EPIST· AD ROM·

350.0 162.0 278.0 56.0 Scientibus.

157.0 226.0 732.0 59.0 Id eſt, illis qui tenent & intelligunt legem, quaᛘ

103.0 274.0 779.0 69.0 les quo tũ erãt Iudæi per gratiã Det Chriſtiani facti

388.0 340.0 189.0 62.0 Quoad.

177.0 391.0 701.0 63.0 Non eſt hæc ſententia, ſed quoad homo is uixeᛘ

98.0 438.0 777.0 64.0 rit·Lex quid ſit, uel ex ſuperioribus intelligere po¬

97.0 491.0 782.0 58.0 tes· Eſt ſententia quædam generalis, in uiuentes tanᛘ

96.0 540.0 783.0 62.0 tum, non in mortuos lata, ſicuti furibus uiuentibus

99.0 590.0 777.0 62.0 præcipitur: Non furaberis, uita functis, non poteſt

96 639 780 65 præcipi· Hic habes exemplum de lege coniugij, qua

97.0 691.0 775.0 62.0 dicitur: Sub uiri poteſtate eris, qua mulier premi¬

97.0 739.0 511.0 58.0 tur, quàmdiu in uiuis eſt maritus·

256.0 801.0 457.0 59.0 Adultera iudicatur.

94.0 855.0 780.0 57.0 Scilicet, per legẽ· ALTERI· Scilicet, adultero·

322.0 912.0 298.0 65.0 Ita fratres.

146.0 970.0 727.0 58.0 Hic ſimilitudinem accõmodat: uideti hæc ſimili¬

93.0 1016.0 777.0 64.0 tudo mirabilis & non ſatis adpoſite adducta, cum taᛘ

91.0 1065.0 775.0 66.0 men ſit adpoſitißima· Sic enim habet, cum ſumus morᛘ

88.0 1117.0 779.0 63.0 tui, per mortem Chriſti, etiam lex & peccatum noᛘ

91.0 1168.0 774.0 52.0 bis mortua ſunt: Sicut, quando maritus mortuus eſt,

94.0 1217.0 773.0 56.0 mortua eſt & mulier iuri illius, non hæc amplius eſt

92.0 1267.0 773.0 55.0 legi obnoxia, cum & ipſa lex, qua dicebatur, ſub

93.0 1312.0 773.0 63.0 uirt poteſtate eris, ſit cum marito mortua, neq iam

96.0 1363.0 768.0 63.0 poteſt illi progignere liberos, nupta alteri, nouæ

90.0 1413.0 771.0 62.0 cuipiam legi eſt mancipata, prioris oblita, facit

86.0 1466.0 758.0 70.0 ergo quæcunque uiuus uult, non mortuus ille,

843 143 39 0 68
