1252 1859
164 109 663 62 IN EPIST· AD ROM·

847 77 37 99 12

102 176 786 55 tum e cœlo· Vnde & Chriſtus dicit: Spirituſſanctus

101 226 785 59 arguet mundum de peccato·Hoc tudicium non ex huᛘ

102 273 783 60 manis uiribus uenit: latro qui furtum fecit, non nouit

103 326 779 59 radicem peccati, tametſi ſciat furtum eſſe peceatum·

102 372 778 71 Solus Sptrituſſanctus noſtram reuelat hypocriſim,

105 427 297 61 non ratio humana·

316 500 340 62 Qui ueritatem.

166 560 722 56 Veritas ea eſt, quod agnoſcant quædam de Deo·

108 607 782 61 Item ſciunt quid faciendũ ſit, quid omittendum in moᛘ

108 655 776 60 ribus, illam inquam ueritatem prætereunt, & non ueᛘ

110 707 779 60 nerantur Deum timore & fiducia in ipſum, ſed ſuam

111 758 779 60 iniuſtitiã, id eſt, quicquid eſt infidelitatis ipſorum, hoc

112 809 773 60 loco ueritatis honorant, faciunt́ ex ſuo peccato &

111 860 780 58 ignominia Deum, & ex Deo peccatũ· Hoc uitij omᛘ

112 907 780 63 nibus innatũ eſt hominibus, nec liberantur ab eo, niᛘ

116 955 370 70 ſi per Spiritumſanctum.

900 635 187 86 Veritas quid·

313 1030 358 64 Quod de Deo.

160 1095 732 56 Hic nõ accuſantur à Scriptura quod non cognorint

112 1142 775 60 myſteria Trinitatis, itẽ rationes chororũ Angelicorũ,

112 1191 780 61 ſed quod illud quod de Deo poteſt cognoſci, neglexe¬

111 1241 779 57 rint·Videbant opera Dei, uices temporũ, cœlũ dare

115 1289 774 62 pluuiã, Solem & Lunã ſplendorẽ ſuum· Item reliqua

116 1342 773 58 innumera beneficia, & quod ipſe nos fecerit, non

115 1392 775 59 nos, ut inquit Pſalm· Hæc omniapræteribant, ex quiᛘ

114 1441 774 59 bus Deum potuiſſent cognoſcere, ac deinde uenera¬

112 1492 592 67 ri· Et exponit id Paulus in ſequentibus·

694 1560 86 74 B4
