1198 1846
126 96 653 59 IN EPIST· AD ROM·

797 113 52 50 54

86.0 162.0 767.0 63.0 bis propitium ſuum patrem, niſi ipſe eum benignum

69.0 210.0 398.0 62.0 & propitium habuiſſet .

304.0 285.0 286.0 62.0 Exuberauit.

139.0 344.0 712.0 66.0 Abunde uenit peccatum, ſed abundantius gratia·

216.0 418.0 519.0 64.0 Et non ſicut per unum.

139 475 447 53 Scilicet, Adam uenerat mors·

271.0 535.0 329.0 60.0 lta & donum.

138.0 592.0 597.0 60.0 Scilicet, uenit: expontt dißimilitudinem·

218.0 649.0 465.0 60.0 Nam condemnatio.

139.0 719.0 714.0 61.0 Scilicet, omnium uenit· EX VNO DE¬

84.0 771.0 769.0 60.0 LICTO· Scilicet, unius hominis Adæ peccato:

89.0 823.0 535.0 60.0 & loquitur hic de peccato originali·

277.0 897.0 350.0 55.0 Donuim autem·

133.0 951.0 720.0 64.0 Scilicet, uenit, id eſt, ipſe Spiritus Dei datus eſt

87.0 999.0 231.0 61.0 per Chriſtum·

244 1047 407 74 Ex multis delictis.

131 1111 513 65 Id eſt, omnium hominum peccatis.

238.0 1186.0 451.0 64.0 Ad iuſtificationem.

126.0 1260.0 721.0 62.0 Id eſt, ut iuſtificaremur & abſolueremur ab illis·

76.0 1311.0 774.0 59.0 Sathan, qui hodie omnem mouet lapidem in ſuis miᛘ

78.0 1361.0 774.0 61.0 niſtris, audet tam impudenter nugari, contra

74.0 1410.0 776.0 61.0 Euangelicam lucem, ut uel pueri illius mendacium

71.0 1460.0 774.0 76.0 deprehendant , dicit enim, Chriſtus paſſus eſt,
