1172 1832
401 58 639 60 COMMENT· POMER·

323 130 776 51 Legem ſtabilimus, id eſt, docemus legem impleri per

325 174 774 57 fidẽ. Ex eo loco rectius et hunc intelliges: tam præſta

325 223 773 56 tur, quod lex exigit, olim uero non præſtabatur, cũ

325 271 770 61 adhuc eſſemus ſub dominio peccati, & affectuum noᛘ

325 321 771 59 ſtrorum. HOC, Id eſt, hanc iuſtificationem

327 371 769 60 præſtitit nobis Deus per Chriſtũ, quem miſitin hunc

327 423 769 59 mundum. Hic uide, quæ poßit in nobis eſſe damna¬

325 472 776 60 tio, cum ſatisfactũ ſit pro peccatis noſtris, per Chriᛘ

325 523 774 59 ſtum, datus eſt Dei ſpiritus, quem & ipſe emeruit noᛘ

325 575 773 57 bis, huius uirtute implentur omnia, quæ lex exigit:

326 625 772 57 peccatum dimittitur, manetq́; in nobis uera iuſticia,

322 676 773 56 per ſolam gratiam non noſtrum meritum. Porro &

322 719 779 58 ex hoc loco, quæ ſit libertas Chriſtiana & legis ab¬

325 772 777 58 rogatio, clarum eſt: non ſic abrogata eſt, ut quid ¬

326 821 774 59 uis facias. At tum uere eſt abrogata, quando nihil

326 873 777 56 in te inuenerit, quod accuſet aut damnet · Præterea

329 921 766 59 magna quædam eſt miſericordißima in nos dilectio,

329 968 773 63 quod proprium filium miſerit, nam ſi quid aliud chaᛘ

328 1020 775 59 rius & nobilius habuiſſet, miſiſſet uti· Eſt et in hoc

327 1072 781 59 æſtimanda peccati uis & potentia, quæ ſi alio quo¬

327 1121 778 56 dam modo, aut per ullam aliam creaturam, aut per

329 1171 774 60 nos tolli potuiſſet, cur ipſum filium miſiſſet? Is igitur

332 1221 775 62 ſolus eſt noſtra iuſticia & certißima anchora, ad quã

331 1277 221 55 confugiamus·

168 639 142 80 Libertatis

122 703 188 71 Chriſtianæ

122 768 91 64 uſus·

525 1333 407 57 Sub ſpecie carnis.

376 1390 733 53 His circunſtantijs Chriſti exinanitio, proinde et diᛘ

329 1438 781 78 gnitas quã pro nobis habuit, declaratur:noſtra, inquit,

989 1498 124 51 carnem
