1201 1843
159 93 643 60 IN EPIST· AD ROM·

180.0 162.0 597.0 71.0 Qui exuberantiam gratiæ.

817.0 108.0 37.0 47.0 55

145.0 242.0 717.0 61.0 Gratia in dante eſt, donum ad accipientem venit,

99.0 290.0 764.0 65.0 ut quando pater dat filio cibum, uel tunicam: fauor

97.0 339.0 769.0 66.0 uel gratia Dei efficit, ut donum, id eſt, Spiritum ſanᛘ

98.0 390.0 768.0 68.0 tum accipiamus, per quem conſequimur fillationem

99.0 442.0 261.0 56.0 & hæreditatem·

310.0 510.0 340.0 71.0 Doni iuſticiæ.

146.0 572.0 718.0 79.0 Id eſt, per quod iuſtificamur, eſt́ ipſa remißio

97.0 624.0 214.0 55.0 peccatorum·

324.0 692.0 268.0 63.0 Per uitam.

146.0 755.0 716.0 65.0 In uita rectius legeris, id eſt, uiuentes regna¬

91.0 801.0 468.0 61.0 bunt, non manebunt in morte·

296.0 880.0 311.0 63.0 Autore uno.

146 939 710 54 Cui omnia debemus, is eſt mediator noſter, &

90.0 984.0 773.0 67.0 ſcala Iacob, qua in cœlum aſcendimus. Ideoq́, cum

92.0 1037.0 775.0 67.0 uideas Paulum ubi id nobis inculcare, non eſt quod

95.0 1086.0 595.0 65.0 foliciti, huiuſmodi alios locos quæramus·

346.0 1161.0 261.0 65.0 Ita ſicut.

140.0 1222.0 721.0 62.0 Hie primum abſoluitur oratio, & repetit ſupe¬

89.0 1270.0 653.0 57.0 riora. MALVM. Id eſt, peccatum·

212.0 1348.0 515.0 63.0 Ad condemnationem.

146.0 1419.0 709.0 62.0 Vt condemnarentur. Hæc omnia propter infir ¬

88.0 1462.0 770.0 81.0 mas conſcientias toties repetit, quæ nõ ſatis roborari

875.0 971.0 197.0 66.0 Scala lacob·
