1219 1841
405.0 106.0 588.0 56.0 COMMENT· POMER·

321.0 170.0 783.0 58.0 nihil refert coram Deo, ſiue piſces, ſiue carnes edas·

320.0 214.0 781.0 65.0 2· Corint ·8· Aeſca nos non cõmendat Deo: et Chriᛘ

322.0 266.0 777.0 58.0 ſtus dicit: Regnum Dei non uenit cum obſeruatione·

322.0 317.0 778.0 64.0 Hic neſcio quid Bernhardus ſenſerit ſæpe ex hoc loco,

324.0 369.0 779.0 62.0 pro ieiunio & abſtinentia ciborum, ſed ipſe uiderit,

324.0 417.0 780.0 58.0 nos ſimpliciter dicimus, nullum externum facit nos

326.0 464.0 773.0 68.0 Chriſtianos, SED IVSTICIA. Id eſt, fides,

326.0 520.0 777.0 60.0 qua purificantur corda, & quæ ſola nos Deo com¬

325.0 571.0 778.0 59.0 mendat. PAX. Scilicet cum proximo, uel con¬

327.0 616.0 777.0 62.0 ſcientiæ. GAVDIVM. Scilicet, de conſecuta

323.0 666.0 785.0 65.0 remißione peccatorum. Non eſt gaudium hoc in ex¬

324.0 720.0 783.0 61.0 ternis rebus, de carnibus aut alijs, ſed quod Euan¬

329.0 768.0 775.0 66.0 gelium fructũ faciat, quod gauduũ eſt ſpiritus ſancti¬

326.0 836.0 780.0 71.0 Etenim qui per hæc ſeruit Chriſto.

374.0 904.0 733.0 57.0 Id eſt, per iuſticiam, pacem, gaudium, hunc haᛘ

329.0 949.0 287.0 57.0 bet Deus pro filio·

428.0 1008.0 551.0 65.0 Et probatus hominibus.

374.0 1067.0 733.0 58.0 Id eſt, bono exemplo eſt hominibus, nullus eum

329.0 1111.0 780.0 67.0 poteſt accuſare, qui hæc tria habet, ut maxime impij

329.0 1161.0 780.0 68.0 quandoq́ damnent, tamen coguntur, uel inuiti ali¬

328.0 1215.0 566.0 61.0 quando dare teſtimonium innocentiæ·

462.0 1273.0 485.0 64.0 Et quæ ædificationis.

373.0 1334.0 735.0 58.0 Aedificatores ſunt, qui adportant nobis Dei Ver¬

324.0 1377.0 782.0 65.0 bum: Deſtructores, qui nos ſeducunt falſa doctrina¬

327.0 1425.0 780.0 70.0 Sed aduerte, quod utrun dicat: Quæ pacis ſunt ſeᛘ

323.0 1479.0 786.0 74.0 ctemini, & quæ ædificationis, quid enim profuerit

968.0 1543.0 136.0 76.0 habuiſſe
