<?xml version='1.0' encoding='UTF-8'?>
<alto xmlns:xsi="http://www.w3.org/2001/XMLSchema-instance" xmlns="http://www.loc.gov/standards/alto/ns-v4#" xsi:schemaLocation="http://www.loc.gov/standards/alto/ns-v4# http://www.loc.gov/standards/alto/v4/alto-4-2.xsd">
  <Description>
    <MeasurementUnit>pixel</MeasurementUnit>
    <sourceImageInformation>
      <fileName>10AC1F79_uk4nGb4kSJ56LUpy_00049.jpg</fileName>
    </sourceImageInformation>
  </Description>
  <Tags>
    <OtherTag ID="BT7" LABEL="CustomZone" DESCRIPTION="block type CustomZone"/><OtherTag ID="BT8" LABEL="DamageZone" DESCRIPTION="block type DamageZone"/><OtherTag ID="BT9" LABEL="DigitizationArtefactZone" DESCRIPTION="block type DigitizationArtefactZone"/><OtherTag ID="BT10" LABEL="DropCapitalZone" DESCRIPTION="block type DropCapitalZone"/><OtherTag ID="BT11" LABEL="GraphicZone" DESCRIPTION="block type GraphicZone"/><OtherTag ID="BT12" LABEL="MainZone" DESCRIPTION="block type MainZone"/><OtherTag ID="BT13" LABEL="MarginTextZone" DESCRIPTION="block type MarginTextZone"/><OtherTag ID="BT14" LABEL="MusicZone" DESCRIPTION="block type MusicZone"/><OtherTag ID="BT15" LABEL="NumberingZone" DESCRIPTION="block type NumberingZone"/><OtherTag ID="BT17" LABEL="QuireMarksZone" DESCRIPTION="block type QuireMarksZone"/><OtherTag ID="BT18" LABEL="RunningTitleZone" DESCRIPTION="block type RunningTitleZone"/><OtherTag ID="BT19" LABEL="SealZone" DESCRIPTION="block type SealZone"/><OtherTag ID="BT20" LABEL="StampZone" DESCRIPTION="block type StampZone"/><OtherTag ID="BT21" LABEL="TableZone" DESCRIPTION="block type TableZone"/><OtherTag ID="BT22" LABEL="TitlePageZone" DESCRIPTION="block type TitlePageZone"/><OtherTag ID="BT3517" LABEL="MainZone-Continued" DESCRIPTION="block type MainZone-Continued"/><OtherTag ID="BT3518" LABEL="MainZone-Head" DESCRIPTION="block type MainZone-Head"/><OtherTag ID="BT3519" LABEL="MarginTextZone-Notes" DESCRIPTION="block type MarginTextZone-Notes"/><OtherTag ID="BT3520" LABEL="MainZone-P" DESCRIPTION="block type MainZone-P"/><OtherTag ID="BT3715" LABEL="text" DESCRIPTION="block type text"/>
    <OtherTag ID="LT7" LABEL="CustomLine" DESCRIPTION="line type CustomLine"/><OtherTag ID="LT8" LABEL="DefaultLine" DESCRIPTION="line type DefaultLine"/><OtherTag ID="LT9" LABEL="DropCapitalLine" DESCRIPTION="line type DropCapitalLine"/><OtherTag ID="LT10" LABEL="HeadingLine" DESCRIPTION="line type HeadingLine"/><OtherTag ID="LT11" LABEL="InterlinearLine" DESCRIPTION="line type InterlinearLine"/><OtherTag ID="LT12" LABEL="MusicLine" DESCRIPTION="line type MusicLine"/><OtherTag ID="LT1349" LABEL="default" DESCRIPTION="line type default"/>
  </Tags>
  <Layout>
    <Page WIDTH="1167" HEIGHT="1855" PHYSICAL_IMG_NR="31" ID="eSc_dummypage_">
      <PrintSpace HPOS="0" VPOS="0" WIDTH="1167" HEIGHT="1855">
        <TextBlock HPOS="88" VPOS="108" WIDTH="651" HEIGHT="53" ID="block_1" TAGREFS="BT18">
          <Shape><Polygon POINTS="739 108 739 161 88 161 88 108"/></Shape>
          <TextLine ID="line_1" TAGREFS="LT8" BASELINE="91 155 738 145" HPOS="87" VPOS="108" WIDTH="652" HEIGHT="54">
            <Shape><Polygon POINTS="716 108 726 116 738 116 739 154 686 159 684 159 665 151 635 159 632 159 604 153 593 160 589 160 562 152 453 160 452 160 379 152 370 160 370 161 365 161 351 156 327 161 327 162 198 162 197 161 195 161 195 160 186 153 162 155 92 151 87 111 216 108 260 108 276 115 298 108 375 108 396 119 440 119 451 108 525 108 539 119 564 119 580 109 584 109 617 117 628 108 645 108 648 110 657 108 685 108 687 109 713 108"/></Shape>
            <String CONTENT="IN EPIST· AD ROM·" HPOS="87" VPOS="108" WIDTH="652" HEIGHT="54"/>
          </TextLine>
        </TextBlock>
        <TextBlock HPOS="766" VPOS="117" WIDTH="55" HEIGHT="41" ID="block_2" TAGREFS="BT15">
          <Shape><Polygon POINTS="821 117 821 158 766 158 766 117"/></Shape>
          <TextLine ID="line_2" TAGREFS="LT8" BASELINE="777 149 817 147" HPOS="777" VPOS="147" WIDTH="40" HEIGHT="2">
            <String CONTENT="16" HPOS="777" VPOS="147" WIDTH="40" HEIGHT="2"/>
          </TextLine>
        </TextBlock>
        <TextBlock HPOS="52" VPOS="175" WIDTH="792" HEIGHT="611" ID="block_3" TAGREFS="BT3517">
          <Shape><Polygon POINTS="837 175 844 772 52 786 52 175"/></Shape>
          <TextLine ID="line_3" TAGREFS="LT8" BASELINE="54 216 813 210" HPOS="53.0" VPOS="175.0" WIDTH="760.0" HEIGHT="60.0">
            <Shape><Polygon POINTS="764 175 754 175 744 175 734 175 723 175 713 175 703 175 692 175 682 175 673 175 664 177 653 175 651 175 641 175 630 175 620 175 610 175 605 175 592 177 582 175 579 175 569 175 558 175 548 175 538 175 527 175 502 178 484 175 476 175 465 175 455 175 445 175 435 175 434 175 391 179 316 175 311 175 301 175 290 175 284 175 222 180 190 175 187 175 177 175 152 181 124 175 123 175 53 177 54 216 54 227 68 234 69 234 70 235 114 235 114 234 115 234 140 227 162 234 163 234 164 234 197 233 198 233 199 233 210 226 263 233 264 233 265 233 267 233 275 227 306 231 307 231 308 231 321 225 377 232 378 232 438 224 457 229 458 229 459 229 517 224 525 230 525 231 526 231 527 231 528 232 553 232 553 231 604 223 642 230 643 230 677 223 686 229 687 229 688 229 689 229 812 222 813 210 811 177 771 175 764 175"/></Shape>
            <String CONTENT="Quàm ſæpe Cicero egerit cõtra cõſcientiã, teſtantur" HPOS="53.0" VPOS="175.0" WIDTH="760.0" HEIGHT="60.0" WC="0.9855516639622774"/>
          </TextLine>
          <TextLine ID="line_4" TAGREFS="LT8" BASELINE="51 263 817 263" HPOS="51.0" VPOS="224.0" WIDTH="766.0" HEIGHT="57.0">
            <Shape><Polygon POINTS="51 263 51 280 816 281 817 263 817 233 726 224 725 224 724 224 707 232 691 224 690 224 689 224 688 224 664 232 655 224 654 224 653 224 574 224 573 224 572 224 571 224 556 233 537 233 528 226 527 226 526 226 525 226 524 226 507 231 492 224 491 224 490 224 446 230 419 224 418 224 417 224 416 224 399 231 383 224 382 224 381 224 352 229 312 224 311 224 310 224 281 232 243 227 242 227 213 232 173 224 172 224 171 224 144 232 122 224 121 224 120 224 119 224 103 233 51 233 51 263"/></Shape>
            <String CONTENT="etus ſcripta· Sic Philoſophi alij non ulti ſunt iniurias," HPOS="51.0" VPOS="224.0" WIDTH="766.0" HEIGHT="57.0"/>
          </TextLine>
          <TextLine ID="line_5" TAGREFS="LT8" BASELINE="52 315 819 311" HPOS="52.0" VPOS="274.0" WIDTH="767.0" HEIGHT="60.0">
            <Shape><Polygon POINTS="52 315 53 333 73 326 186 334 187 334 254 325 326 325 352 333 353 333 354 334 423 334 423 333 424 333 425 333 438 324 464 332 465 332 467 332 502 326 581 332 582 332 639 323 667 331 668 331 669 331 670 331 688 323 721 328 722 328 723 328 724 328 729 324 739 331 740 331 741 331 742 331 818 324 819 311 818 284 785 275 784 275 783 275 782 275 755 283 716 278 715 278 714 278 701 283 660 274 659 274 658 274 657 274 648 280 604 275 603 275 602 275 573 284 514 275 513 275 475 280 467 275 465 275 464 275 463 275 462 275 461 275 451 281 353 276 352 276 351 276 334 284 311 276 310 276 309 276 276 282 261 276 260 276 259 276 258 276 257 276 242 286 228 277 227 277 226 277 225 277 171 287 113 287 94 277 93 277 92 277 91 277 90 277 78 287 56 287 52 315"/></Shape>
            <String CONTENT="ſed à cupiditate uindictæ non fuerunt liberi. Itaq; in" HPOS="52.0" VPOS="274.0" WIDTH="767.0" HEIGHT="60.0" WC="0.9921430262652311"/>
          </TextLine>
          <TextLine ID="line_6" TAGREFS="LT8" BASELINE="51 364 819 362" HPOS="50.0" VPOS="323.0" WIDTH="769.0" HEIGHT="61.0">
            <Shape><Polygon POINTS="51 364 51 383 97 378 153 384 154 384 155 384 156 384 168 377 209 377 215 382 216 382 217 382 218 382 287 377 310 384 311 384 312 384 344 377 407 384 408 384 438 378 444 383 445 383 446 383 447 383 483 378 541 382 542 382 543 382 544 382 551 377 559 383 560 383 561 383 562 384 610 384 610 383 611 383 612 383 619 377 636 382 637 382 638 382 639 382 640 382 648 376 658 383 659 383 660 383 661 383 662 383 674 377 684 383 685 383 686 383 687 383 721 376 817 379 819 362 817 335 735 335 707 323 706 323 705 323 661 324 660 324 659 324 652 330 643 323 642 323 641 323 588 323 587 323 535 328 534 328 532 328 525 335 484 335 468 323 467 323 465 323 435 323 434 323 432 323 406 335 309 324 308 324 307 324 306 324 295 332 288 327 287 327 286 327 285 327 284 327 259 335 241 324 240 324 239 324 211 324 210 324 209 324 208 324 192 336 117 336 103 324 102 324 101 324 99 324 98 324 50 336 51 364"/></Shape>
            <String CONTENT="quit, qui adſentiuntur tantũ, &amp; non faciunt externe," HPOS="50.0" VPOS="323.0" WIDTH="769.0" HEIGHT="61.0" WC="0.9914688411748634"/>
          </TextLine>
          <TextLine ID="line_7" TAGREFS="LT8" BASELINE="51 417 823 413" HPOS="50.0" VPOS="375.0" WIDTH="773.0" HEIGHT="64.0">
            <Shape><Polygon POINTS="51 417 51 428 86 437 87 439 197 439 197 437 243 427 259 433 260 433 261 433 262 433 263 433 272 427 284 432 285 432 286 432 310 427 335 436 336 436 337 436 387 428 409 436 410 436 411 436 412 436 437 426 458 432 459 432 460 432 461 432 462 432 471 426 490 432 491 432 492 432 608 426 636 434 637 434 638 434 639 434 655 426 693 425 727 432 728 432 823 423 823 413 821 383 786 383 777 375 776 375 775 375 774 375 703 382 693 375 692 375 691 375 629 375 628 375 590 384 556 384 547 376 546 376 545 376 544 376 543 376 518 383 510 376 509 376 508 376 507 376 481 381 456 376 455 376 454 376 434 385 401 385 385 377 384 377 383 377 330 384 276 377 275 377 274 377 241 385 223 378 222 378 221 378 181 385 50 379 51 417"/></Shape>
            <String CONTENT="iſti quo; ſunt obnoxij morti. Sunt autẽ in hoc numeᛘ" HPOS="50.0" VPOS="375.0" WIDTH="773.0" HEIGHT="64.0"/>
          </TextLine>
          <TextLine ID="line_8" TAGREFS="LT8" BASELINE="53 466 824 463" HPOS="52.0" VPOS="424.0" WIDTH="772.0" HEIGHT="61.0">
            <Shape><Polygon POINTS="53 466 53 478 79 485 80 485 81 485 82 485 83 485 91 480 142 484 143 484 144 484 145 484 152 478 294 478 304 485 305 485 306 485 307 485 388 484 389 484 390 484 399 477 446 484 447 484 448 484 461 477 514 483 515 483 553 478 561 484 562 484 563 484 564 484 621 477 644 483 645 483 646 484 672 484 672 483 673 483 674 483 682 477 717 483 718 483 719 483 720 483 727 477 737 483 738 483 739 483 740 483 741 483 742 483 749 478 755 483 756 483 757 483 758 483 823 478 824 463 822 434 567 424 565 424 532 430 486 426 485 426 484 426 483 426 473 434 371 425 370 425 369 425 368 425 359 432 331 426 330 426 329 426 302 436 254 436 208 426 207 426 206 426 184 436 52 436 53 466"/></Shape>
            <String CONTENT="ro omnes homines: Id faciunt Philoſophi, faciunt &amp;" HPOS="52.0" VPOS="424.0" WIDTH="772.0" HEIGHT="61.0" WC="0.9900524914264679"/>
          </TextLine>
          <TextLine ID="line_9" TAGREFS="LT8" BASELINE="53 516 829 511" HPOS="52.0" VPOS="475.0" WIDTH="777.0" HEIGHT="59.0">
            <Shape><Polygon POINTS="53 516 53 531 127 527 168 534 169 534 170 534 185 527 244 526 262 533 263 533 264 534 361 534 361 533 362 533 383 525 453 525 475 532 476 532 477 532 529 531 530 531 531 531 541 524 556 530 557 530 558 530 559 530 560 530 570 524 629 531 630 531 662 525 801 530 802 530 803 530 829 521 829 511 826 475 771 476 770 476 743 485 689 480 688 480 687 480 668 486 645 476 644 476 643 476 642 476 618 486 520 476 519 476 518 476 517 476 511 482 498 478 497 478 496 478 495 478 470 486 442 477 441 477 440 477 401 478 399 478 398 478 388 487 370 487 356 478 355 478 354 478 353 478 325 484 304 479 303 479 302 479 301 479 299 479 285 488 260 479 259 479 258 479 257 479 256 479 245 487 206 490 126 490 112 479 111 479 110 479 109 479 52 479 53 516"/></Shape>
            <String CONTENT="Iudæi, na utriq; in ſpeciẽ boni uideri uolunt, &amp; aliᛘ" HPOS="52.0" VPOS="475.0" WIDTH="777.0" HEIGHT="59.0"/>
          </TextLine>
          <TextLine ID="line_10" TAGREFS="LT8" BASELINE="55 567 832 562" HPOS="54.0" VPOS="523.0" WIDTH="778.0" HEIGHT="63.0">
            <Shape><Polygon POINTS="55 567 55 576 71 582 72 582 73 582 74 582 75 582 81 577 115 579 122 586 123 586 124 586 125 586 126 586 163 576 205 580 206 580 207 580 208 580 214 575 261 575 272 583 273 583 274 583 275 583 276 583 295 575 312 583 313 583 314 583 315 583 346 575 363 581 364 581 365 581 367 581 368 581 378 574 486 575 516 584 517 584 518 584 607 583 608 583 638 575 668 583 669 583 670 583 729 572 742 582 743 582 744 582 745 582 746 582 760 575 781 582 782 582 783 583 805 583 805 582 806 582 807 582 816 574 829 577 832 562 830 523 758 523 757 523 756 523 738 531 709 525 708 525 676 533 631 533 618 526 617 526 616 526 615 526 603 532 587 524 586 524 527 524 526 524 525 524 524 524 511 534 460 534 449 525 448 525 447 525 446 525 363 535 339 535 327 526 326 526 325 526 324 526 323 526 293 534 265 526 264 526 263 526 262 526 244 534 212 527 211 527 172 533 148 527 147 527 146 527 145 527 125 535 54 531 55 567"/></Shape>
            <String CONTENT="os tudicare. Ideo dicit: O homo quiſquis es, id eſt, ſiᛘ" HPOS="54.0" VPOS="523.0" WIDTH="778.0" HEIGHT="63.0"/>
          </TextLine>
          <TextLine ID="line_11" TAGREFS="LT8" BASELINE="54 618 832 610" HPOS="53.0" VPOS="575.0" WIDTH="779.0" HEIGHT="61.0">
            <Shape><Polygon POINTS="54 618 56 636 68 629 147 633 148 633 149 633 161 627 317 627 331 632 332 632 334 632 335 632 360 626 396 636 397 636 398 636 489 635 490 635 491 635 505 625 538 631 539 631 540 631 557 625 570 634 571 634 572 634 573 634 574 634 587 629 659 633 660 633 661 633 662 633 672 625 693 625 734 633 735 633 784 632 831 621 832 610 829 582 778 582 761 575 760 575 759 575 758 575 743 581 711 576 710 576 709 576 692 583 640 576 639 576 638 576 637 576 623 584 505 578 504 578 440 587 414 587 403 579 402 579 401 579 399 579 320 580 319 580 302 587 275 580 274 580 273 580 272 580 248 587 223 582 222 582 221 582 210 587 203 581 202 581 201 581 199 581 142 590 101 590 78 582 77 582 76 582 53 585 54 618"/></Shape>
            <String CONTENT="ue ex ludæis aut Gentibus, qui bonus in ſpeciẽ adpa¬" HPOS="53.0" VPOS="575.0" WIDTH="779.0" HEIGHT="61.0" WC="0.980999785774159"/>
          </TextLine>
          <TextLine ID="line_12" TAGREFS="LT8" BASELINE="56 667 832 661" HPOS="55.0" VPOS="624.0" WIDTH="777.0" HEIGHT="62.0">
            <Shape><Polygon POINTS="56 667 56 680 69 686 70 686 71 686 146 681 184 686 185 686 186 686 187 686 187 685 196 678 294 684 295 684 296 684 324 677 341 684 342 684 343 684 344 684 357 677 423 682 424 682 462 676 483 682 484 682 485 682 486 682 505 676 514 683 515 683 516 683 517 684 557 684 557 683 558 683 559 683 565 678 625 682 626 682 627 682 649 676 656 682 657 682 658 682 659 682 660 682 674 677 694 682 695 682 696 682 697 682 698 682 711 675 741 675 752 681 753 681 754 681 755 682 812 682 812 681 813 681 832 672 832 661 830 624 787 624 786 624 785 624 784 624 771 633 703 624 702 624 701 624 673 633 623 634 612 626 611 626 610 626 609 626 608 626 571 635 525 629 524 629 523 629 509 635 453 632 446 626 445 626 444 626 443 626 408 634 396 627 395 627 394 627 353 627 352 627 351 627 312 638 281 638 262 628 261 628 260 628 259 628 234 637 130 629 129 629 128 629 127 629 116 638 55 639 56 667"/></Shape>
            <String CONTENT="res, hypocrita es, bonus diceris, iudicas alios, ſed" HPOS="55.0" VPOS="624.0" WIDTH="777.0" HEIGHT="62.0" WC="0.9934441974529853"/>
          </TextLine>
          <TextLine ID="line_13" TAGREFS="LT8" BASELINE="60 719 831 713" HPOS="59.0" VPOS="672.0" WIDTH="772.0" HEIGHT="69.0">
            <Shape><Polygon POINTS="60 719 60 730 122 740 123 740 124 740 147 730 179 737 180 737 181 737 182 737 191 731 315 734 316 734 317 734 330 728 356 728 370 738 371 738 372 738 373 738 374 738 401 728 435 728 447 737 448 737 449 737 450 737 451 737 482 728 501 737 502 737 503 737 540 731 562 741 563 741 564 741 613 740 614 740 629 733 638 740 639 740 640 740 641 740 776 739 777 739 792 732 804 739 805 739 806 739 807 739 830 736 831 713 827 672 786 683 752 678 751 678 720 683 705 672 704 672 703 672 702 672 649 685 627 677 626 677 625 677 624 677 608 685 547 678 546 678 545 678 523 687 465 687 447 677 446 677 445 677 444 677 415 688 327 688 316 681 315 681 314 681 313 681 312 681 295 685 284 677 283 677 282 677 188 677 187 677 186 677 148 689 106 683 105 683 104 683 103 683 94 689 85 682 84 682 83 682 82 682 59 686 60 719"/></Shape>
            <String CONTENT="Turpe eſt doctori, cum culpa redarguit ipſum· Niſi" HPOS="59.0" VPOS="672.0" WIDTH="772.0" HEIGHT="69.0"/>
          </TextLine>
          <TextLine ID="line_14" TAGREFS="LT8" BASELINE="62 770 485 765" HPOS="61.0" VPOS="726.0" WIDTH="424.0" HEIGHT="65.0">
            <Shape><Polygon POINTS="62 770 62 791 87 791 87 790 88 790 89 790 89 789 98 781 124 785 125 785 165 780 176 788 176 789 177 789 178 789 179 790 205 790 205 789 206 789 207 789 207 788 215 780 237 788 238 788 239 789 274 789 274 788 275 788 276 788 287 779 313 784 314 784 367 778 397 786 398 786 399 786 485 774 485 765 483 736 393 736 378 729 377 729 376 729 375 729 357 736 341 730 340 730 339 730 338 730 325 735 318 729 318 728 317 728 316 728 286 726 285 726 226 727 225 727 224 727 212 735 194 727 193 727 192 727 191 727 190 727 190 728 182 735 163 731 162 731 161 731 129 739 94 728 93 728 65 728 64 728 63 728 62 728 62 729 61 729 62 770"/></Shape>
            <String CONTENT="putes te poſſe fallere Deum·" HPOS="61.0" VPOS="726.0" WIDTH="424.0" HEIGHT="65.0"/>
          </TextLine>
        </TextBlock>
        <TextBlock HPOS="187" VPOS="788" WIDTH="505" HEIGHT="54" ID="block_4" TAGREFS="BT3518">
          <Shape><Polygon POINTS="692 788 692 842 187 842 187 788"/></Shape>
          <TextLine ID="line_15" TAGREFS="LT8" BASELINE="197 828 689 831" HPOS="196.0" VPOS="788.0" WIDTH="493.0" HEIGHT="62.0">
            <Shape><Polygon POINTS="291 788 197 797 197 828 196 839 212 847 213 847 214 847 215 847 216 847 216 846 221 840 270 840 278 846 279 846 280 846 281 846 282 846 283 846 283 845 288 840 328 840 360 849 361 849 362 849 439 842 535 850 536 850 537 850 552 842 575 850 576 850 577 850 688 842 689 831 688 801 658 801 648 791 648 790 647 790 646 790 618 790 617 790 616 790 615 790 602 800 510 792 509 792 508 792 493 797 452 789 451 789 407 796 382 790 381 790 380 790 379 790 378 790 378 791 369 799 343 789 342 789 341 789 340 789 324 793 292 788 291 788"/></Shape>
            <String CONTENT="Eadem enim tu facis." HPOS="196.0" VPOS="788.0" WIDTH="493.0" HEIGHT="62.0" WC="0.9951032876968384"/>
          </TextLine>
        </TextBlock>
        <TextBlock HPOS="61" VPOS="846" WIDTH="786" HEIGHT="203" ID="block_5" TAGREFS="BT3520">
          <Shape><Polygon POINTS="847 846 847 1049 61 1049 61 846"/></Shape>
          <TextLine ID="line_16" TAGREFS="LT8" BASELINE="78 886 841 879" HPOS="77.0" VPOS="846.0" WIDTH="764.0" HEIGHT="60.0">
            <Shape><Polygon POINTS="829 846 819 846 809 846 806 846 798 849 792 846 788 846 778 846 769 846 759 849 754 846 747 846 737 846 726 846 716 846 710 846 692 848 689 846 685 846 675 846 664 846 654 846 644 846 634 846 623 846 619 846 613 852 558 852 546 846 541 846 530 846 527 846 508 852 477 846 469 846 458 846 453 846 419 852 395 846 386 846 376 846 365 846 355 846 345 846 335 846 324 846 318 846 309 854 279 854 264 847 263 847 262 847 261 847 246 854 194 849 193 849 192 849 191 849 183 855 156 847 155 847 125 847 124 847 123 847 122 847 114 854 105 847 104 847 103 847 102 847 101 847 77 856 78 886 78 896 131 902 132 902 134 902 135 902 143 896 168 900 169 900 235 895 264 905 265 905 267 906 294 906 294 905 295 905 318 894 347 894 373 904 374 904 375 904 376 904 377 904 387 895 412 893 425 902 426 902 427 902 428 902 429 902 442 897 457 903 458 903 459 904 513 904 513 903 514 903 535 897 593 902 594 902 595 902 614 896 629 901 630 901 631 901 679 896 728 901 729 901 730 901 751 890 795 900 796 900 797 900 841 889 841 879 839 846 829 846"/></Shape>
            <String CONTENT="Scilicet corde, nã adſentiris, ut ſupra dictũ eſt. Sed nõᛘ" HPOS="77.0" VPOS="846.0" WIDTH="764.0" HEIGHT="60.0"/>
          </TextLine>
          <TextLine ID="line_17" TAGREFS="LT8" BASELINE="64 936 841 929" HPOS="63.0" VPOS="893.0" WIDTH="778.0" HEIGHT="64.0">
            <Shape><Polygon POINTS="64 936 64 955 147 957 148 957 205 947 226 956 227 956 228 956 229 956 247 947 274 951 275 951 398 945 447 953 448 953 449 953 450 953 461 945 519 950 520 950 521 950 534 943 551 953 552 953 553 954 602 954 602 953 603 953 604 953 619 942 640 952 641 952 642 952 643 952 644 952 656 943 674 952 675 952 676 953 701 953 701 952 702 952 703 952 710 946 756 951 757 951 758 951 777 941 791 951 792 951 793 951 794 952 817 952 817 951 818 951 841 942 841 929 839 900 791 893 790 893 686 900 677 893 676 893 675 893 645 893 644 893 643 893 625 900 610 894 609 894 608 894 559 901 526 894 525 894 524 894 492 902 397 895 396 895 395 895 394 895 394 896 385 904 341 904 322 896 321 896 320 896 284 904 265 897 264 897 263 897 262 897 242 904 87 898 86 898 85 898 63 905 64 936"/></Shape>
            <String CONTENT="poteſt perpetuo latere hypocriſis, quin ſe prodat opeᛘ" HPOS="63.0" VPOS="893.0" WIDTH="778.0" HEIGHT="64.0"/>
          </TextLine>
          <TextLine ID="line_18" TAGREFS="LT8" BASELINE="63 986 847 977" HPOS="62.0" VPOS="941.0" WIDTH="785.0" HEIGHT="63.0">
            <Shape><Polygon POINTS="63 986 63 998 107 998 115 1004 116 1004 117 1004 118 1004 119 1004 143 996 225 996 275 1002 276 1002 277 1002 289 996 307 1003 308 1003 309 1003 376 994 392 1002 393 1002 394 1003 425 1003 425 1002 426 1002 439 996 477 999 478 999 479 999 480 999 488 994 502 1001 503 1001 504 1002 542 1002 542 1001 588 992 716 999 717 999 718 999 719 999 728 991 756 998 757 998 758 999 846 999 847 977 844 942 813 949 761 941 760 941 759 941 758 941 750 947 669 942 668 942 629 951 587 947 586 947 516 952 504 946 503 946 502 946 450 953 440 946 439 946 438 946 437 946 436 946 435 946 424 954 404 954 356 946 355 946 251 955 209 951 208 951 136 956 122 950 121 950 120 950 62 954 63 986"/></Shape>
            <String CONTENT="re externo, ut eſt nũc uidere in Monachis, quorũ etiã" HPOS="62.0" VPOS="941.0" WIDTH="785.0" HEIGHT="63.0" WC="0.9863413604242461"/>
          </TextLine>
          <TextLine ID="line_19" TAGREFS="LT8" BASELINE="67 1037 301 1031 838 1027" HPOS="65.0" VPOS="990.0" WIDTH="773.0" HEIGHT="70.0">
            <Shape><Polygon POINTS="67 1037 67 1052 98 1060 99 1060 101 1060 102 1060 115 1049 169 1047 192 1059 193 1059 194 1060 194 1059 195 1059 219 1047 259 1053 260 1053 261 1053 262 1053 270 1047 278 1051 279 1051 280 1051 329 1046 343 1054 344 1054 345 1054 388 1057 389 1057 390 1057 391 1057 406 1047 427 1052 428 1052 429 1052 430 1052 459 1043 473 1052 474 1052 475 1052 476 1052 554 1042 581 1055 582 1055 583 1055 672 1054 673 1054 688 1048 741 1054 742 1054 743 1054 773 1040 838 1040 838 1027 836 998 727 993 726 993 667 998 627 990 626 990 625 990 599 999 557 990 556 990 555 990 554 990 539 1000 483 998 474 991 473 991 472 991 471 991 408 999 362 992 361 992 360 992 359 992 349 999 336 993 335 993 279 993 278 993 277 993 256 1003 153 995 152 995 151 995 122 1004 111 995 110 995 109 995 108 995 65 996 67 1037"/></Shape>
            <String CONTENT="uita in prouerbiũ abijt, et puert in plateis clamant·" HPOS="65.0" VPOS="990.0" WIDTH="773.0" HEIGHT="70.0"/>
          </TextLine>
        </TextBlock>
        <TextBlock HPOS="266" VPOS="1055" WIDTH="366" HEIGHT="51" ID="block_6" TAGREFS="BT3518">
          <Shape><Polygon POINTS="632 1055 632 1106 266 1106 266 1055"/></Shape>
          <TextLine ID="line_20" TAGREFS="LT8" BASELINE="273 1095 624 1094" HPOS="272.0" VPOS="1055.0" WIDTH="352.0" HEIGHT="56.0">
            <Shape><Polygon POINTS="511 1055 510 1055 413 1060 365 1055 364 1055 363 1055 349 1063 272 1068 273 1095 273 1104 456 1110 457 1110 458 1110 479 1104 487 1110 488 1110 489 1110 490 1111 547 1111 547 1110 548 1110 549 1110 549 1109 555 1104 573 1110 574 1110 575 1110 623 1103 624 1094 622 1068 598 1068 583 1057 582 1057 581 1057 580 1057 579 1057 578 1057 571 1063 559 1057 558 1057 557 1057 556 1057 541 1062 512 1055 511 1055"/></Shape>
            <String CONTENT="Scimus autem." HPOS="272.0" VPOS="1055.0" WIDTH="352.0" HEIGHT="56.0" WC="0.9999501200822684"/>
          </TextLine>
        </TextBlock>
        <TextBlock HPOS="69" VPOS="1111" WIDTH="784" HEIGHT="106" ID="block_7" TAGREFS="BT3520">
          <Shape><Polygon POINTS="853 1111 853 1217 69 1217 69 1111"/></Shape>
          <TextLine ID="line_21" TAGREFS="LT8" BASELINE="122 1151 851 1144" HPOS="121.0" VPOS="1111.0" WIDTH="730.0" HEIGHT="60.0">
            <Shape><Polygon POINTS="771 1111 760 1111 750 1111 740 1111 729 1111 719 1111 709 1111 699 1111 693 1116 659 1116 649 1111 647 1111 637 1111 626 1111 616 1111 606 1111 603 1111 561 1117 513 1111 513 1111 503 1111 492 1111 482 1111 476 1111 461 1118 397 1111 389 1111 379 1111 371 1111 360 1119 290 1111 286 1111 276 1111 268 1118 246 1114 245 1114 244 1114 243 1114 243 1115 237 1120 134 1111 132 1111 131 1111 130 1111 121 1118 122 1151 123 1171 145 1162 194 1166 195 1166 420 1160 430 1168 431 1168 432 1168 434 1169 482 1169 482 1168 483 1168 484 1168 484 1167 488 1163 499 1167 501 1167 502 1167 503 1167 504 1167 514 1159 592 1167 593 1167 594 1167 623 1158 651 1166 652 1166 653 1167 701 1167 701 1166 702 1166 703 1166 713 1158 732 1165 734 1165 735 1166 813 1166 813 1165 850 1156 851 1144 843 1115 778 1111 771 1111"/></Shape>
            <String CONTENT="ſcilicet, uel naturali conſciẽtia, uel lege ſcripta, neᛘ" HPOS="121.0" VPOS="1111.0" WIDTH="730.0" HEIGHT="60.0"/>
          </TextLine>
          <TextLine ID="line_22" TAGREFS="LT8" BASELINE="75 1203 307 1198 829 1196" HPOS="74.0" VPOS="1157.0" WIDTH="755.0" HEIGHT="65.0">
            <Shape><Polygon POINTS="75 1203 75 1212 217 1222 218 1222 219 1222 251 1212 348 1221 349 1221 350 1221 371 1211 384 1220 385 1220 386 1220 387 1220 441 1211 487 1220 488 1220 489 1220 520 1210 557 1210 568 1219 569 1219 570 1219 571 1219 652 1210 664 1219 665 1219 667 1219 668 1219 669 1219 679 1213 749 1218 750 1218 829 1207 829 1196 826 1167 780 1167 728 1157 727 1157 663 1169 627 1169 610 1158 609 1158 608 1158 607 1158 580 1159 579 1159 578 1159 569 1166 553 1158 552 1158 551 1158 550 1158 526 1166 484 1159 483 1159 482 1159 455 1167 390 1159 389 1159 388 1159 362 1169 349 1160 348 1160 347 1160 328 1160 327 1160 326 1160 325 1160 314 1169 177 1171 163 1161 162 1161 161 1161 142 1161 141 1161 140 1161 120 1171 109 1166 108 1166 107 1166 74 1172 75 1203"/></Shape>
            <String CONTENT="mo hoc ignorat, ſiue ſit ex Iudæis, ſiue ex Gẽtibus·" HPOS="74.0" VPOS="1157.0" WIDTH="755.0" HEIGHT="65.0" WC="0.9899577633389887"/>
          </TextLine>
        </TextBlock>
        <TextBlock HPOS="191" VPOS="1224" WIDTH="520" HEIGHT="47" ID="block_8" TAGREFS="BT3518">
          <Shape><Polygon POINTS="711 1224 711 1271 191 1271 191 1224"/></Shape>
          <TextLine ID="line_23" TAGREFS="LT8" BASELINE="206 1261 709 1258" HPOS="205.0" VPOS="1224.0" WIDTH="504.0" HEIGHT="51.0">
            <Shape><Polygon POINTS="635 1224 609 1229 603 1224 596 1224 594 1224 587 1229 575 1224 565 1224 555 1224 553 1224 516 1229 506 1225 505 1225 504 1225 503 1225 502 1225 502 1226 497 1230 485 1224 483 1224 478 1224 469 1227 463 1224 462 1224 452 1224 442 1224 441 1224 424 1226 410 1224 401 1224 390 1224 381 1224 371 1231 350 1224 349 1224 339 1224 328 1224 318 1224 308 1224 297 1224 287 1224 279 1224 205 1233 206 1261 206 1270 323 1275 324 1275 325 1275 326 1275 334 1270 369 1274 370 1274 424 1269 479 1274 480 1274 481 1274 498 1269 526 1274 527 1274 528 1274 551 1268 556 1273 557 1273 558 1273 559 1274 689 1274 689 1273 690 1273 709 1267 709 1258 701 1230 636 1224 635 1224"/></Shape>
            <String CONTENT="Secundum ueritatem." HPOS="205.0" VPOS="1224.0" WIDTH="504.0" HEIGHT="51.0" WC="0.9993039400953996"/>
          </TextLine>
        </TextBlock>
        <TextBlock HPOS="80" VPOS="1278" WIDTH="778" HEIGHT="155" ID="block_9" TAGREFS="BT3520">
          <Shape><Polygon POINTS="858 1278 858 1433 80 1433 80 1278"/></Shape>
          <TextLine ID="line_24" TAGREFS="LT8" BASELINE="125 1317 405 1311 853 1312" HPOS="124.0" VPOS="1277.0" WIDTH="729.0" HEIGHT="55.0">
            <Shape><Polygon POINTS="732 1277 722 1277 708 1285 606 1285 594 1277 588 1277 578 1277 568 1277 557 1277 547 1277 542 1277 522 1284 476 1277 475 1277 474 1277 473 1277 464 1285 438 1285 429 1277 423 1277 416 1277 393 1284 377 1277 372 1277 369 1277 352 1285 332 1277 330 1277 320 1277 310 1277 299 1277 289 1277 287 1277 124 1280 125 1317 125 1330 167 1325 179 1331 180 1331 181 1332 294 1332 294 1331 295 1331 296 1331 296 1330 305 1324 352 1324 373 1331 374 1331 375 1331 376 1331 389 1324 403 1331 404 1331 405 1331 406 1331 437 1323 456 1323 464 1329 464 1330 465 1330 467 1330 468 1330 469 1330 486 1324 498 1330 499 1330 501 1330 553 1325 560 1330 561 1330 562 1330 563 1330 564 1330 579 1323 587 1330 588 1330 589 1330 590 1330 631 1324 672 1330 673 1330 734 1322 810 1322 842 1329 843 1329 844 1329 845 1329 853 1322 853 1312 852 1284 762 1284 742 1277 732 1277"/></Shape>
            <String CONTENT="Id eſt, quod Deus alio utatur iudicio, cor intuetur," HPOS="124.0" VPOS="1277.0" WIDTH="729.0" HEIGHT="55.0" WC="0.9934269579557272"/>
          </TextLine>
          <TextLine ID="line_25" TAGREFS="LT8" BASELINE="85 1365 858 1361" HPOS="84.0" VPOS="1324.0" WIDTH="774.0" HEIGHT="59.0">
            <Shape><Polygon POINTS="85 1365 85 1380 187 1376 201 1381 202 1381 203 1383 277 1383 277 1381 326 1375 398 1380 399 1380 487 1374 641 1379 642 1379 643 1379 664 1373 857 1377 858 1361 856 1333 719 1333 703 1327 702 1327 701 1327 607 1333 592 1324 591 1324 590 1324 589 1324 588 1324 575 1329 570 1324 569 1324 568 1324 514 1324 513 1324 512 1324 511 1324 501 1330 471 1324 470 1324 424 1334 371 1326 370 1326 369 1326 342 1334 329 1325 328 1325 327 1325 278 1325 277 1325 276 1325 234 1336 139 1336 117 1326 116 1326 115 1326 84 1330 85 1365"/></Shape>
            <String CONTENT="licet non eadẽ facis coram homimbus, tamen coram" HPOS="84.0" VPOS="1324.0" WIDTH="774.0" HEIGHT="59.0" WC="0.9880620958853741"/>
          </TextLine>
          <TextLine ID="line_26" TAGREFS="LT8" BASELINE="86 1418 853 1410" HPOS="85.0" VPOS="1369.0" WIDTH="768.0" HEIGHT="66.0">
            <Shape><Polygon POINTS="86 1418 86 1428 142 1428 170 1435 171 1435 172 1435 173 1435 204 1427 212 1432 213 1432 214 1432 215 1432 216 1432 231 1427 252 1434 253 1434 254 1435 305 1435 305 1434 365 1426 401 1433 402 1433 438 1425 474 1431 475 1431 523 1424 532 1431 534 1431 535 1431 536 1432 564 1432 564 1431 565 1431 567 1431 576 1423 704 1423 726 1430 727 1430 728 1430 729 1430 747 1425 851 1425 853 1410 849 1372 834 1379 799 1369 798 1369 797 1369 707 1380 694 1371 693 1371 692 1371 653 1370 652 1370 651 1370 629 1383 584 1383 571 1371 570 1371 569 1371 568 1371 482 1379 434 1372 432 1372 431 1372 402 1381 390 1373 389 1373 388 1373 341 1373 340 1373 339 1373 302 1386 228 1386 211 1376 210 1376 209 1376 208 1376 207 1376 192 1386 106 1375 105 1375 104 1375 85 1384 86 1418"/></Shape>
            <String CONTENT="Deo, ideoreus eſt· EADEM· Scilicet corde·" HPOS="85.0" VPOS="1369.0" WIDTH="768.0" HEIGHT="66.0"/>
          </TextLine>
        </TextBlock>
        <TextBlock HPOS="330" VPOS="1432" WIDTH="277" HEIGHT="60" ID="block_10" TAGREFS="BT3518">
          <Shape><Polygon POINTS="607 1432 607 1492 330 1492 330 1432"/></Shape>
          <TextLine ID="line_27" TAGREFS="LT8" BASELINE="340 1474 604 1476" HPOS="339.0" VPOS="1432.0" WIDTH="265.0" HEIGHT="65.0">
            <Shape><Polygon POINTS="526 1432 525 1432 524 1432 488 1440 462 1436 461 1436 460 1436 449 1442 438 1432 432 1432 422 1432 412 1432 402 1432 395 1432 376 1446 340 1446 340 1474 339 1483 390 1495 391 1495 392 1495 425 1486 455 1486 471 1496 472 1496 473 1496 474 1497 508 1497 508 1496 509 1496 510 1496 510 1495 519 1487 550 1487 567 1495 568 1495 569 1495 570 1495 571 1495 579 1489 602 1492 604 1476 603 1448 574 1448 562 1438 562 1437 561 1437 560 1437 559 1437 538 1439 527 1432 526 1432"/></Shape>
            <String CONTENT="Suffugies." HPOS="339.0" VPOS="1432.0" WIDTH="265.0" HEIGHT="65.0" WC="0.9955429196357727"/>
          </TextLine>
        </TextBlock>
        <TextBlock HPOS="82" VPOS="1496" WIDTH="785" HEIGHT="111" ID="block_11" TAGREFS="BT3520">
          <Shape><Polygon POINTS="867 1496 867 1607 82 1607 82 1496"/></Shape>
          <TextLine ID="line_28" TAGREFS="LT8" BASELINE="139 1529 587 1529 861 1535" HPOS="138.0" VPOS="1497.0" WIDTH="723.0" HEIGHT="53.0">
            <Shape><Polygon POINTS="693 1497 685 1497 675 1497 664 1497 654 1497 644 1497 634 1497 623 1497 615 1497 614 1497 613 1497 612 1497 603 1503 596 1497 595 1497 594 1497 592 1497 582 1497 572 1497 561 1497 555 1497 554 1497 553 1497 552 1497 544 1504 525 1497 520 1497 510 1497 499 1497 489 1497 483 1497 475 1503 445 1497 438 1497 436 1497 420 1503 402 1498 401 1498 399 1498 398 1498 397 1498 391 1503 326 1498 325 1498 261 1502 245 1497 244 1497 243 1497 201 1502 193 1497 190 1497 180 1497 170 1497 159 1497 156 1497 139 1498 139 1529 138 1537 190 1546 191 1546 192 1546 218 1539 272 1539 295 1546 296 1546 297 1546 523 1540 544 1545 545 1545 546 1545 624 1541 635 1548 636 1548 637 1548 638 1548 682 1541 703 1549 704 1549 705 1550 818 1550 818 1549 819 1549 848 1542 857 1548 861 1535 860 1506 820 1498 819 1498 773 1506 711 1506 694 1497 693 1497"/></Shape>
            <String CONTENT="Vt maxime ſuffugias iudiciũ humanum, &amp; te ta¬" HPOS="138.0" VPOS="1497.0" WIDTH="723.0" HEIGHT="53.0" WC="0.9917483200197634"/>
          </TextLine>
          <TextLine ID="line_29" TAGREFS="LT8" BASELINE="83 1584 416 1580 864 1588" HPOS="82.0" VPOS="1541.0" WIDTH="782.0" HEIGHT="71.0">
            <Shape><Polygon POINTS="83 1584 82 1603 278 1609 279 1609 280 1609 281 1609 297 1598 332 1608 334 1608 335 1608 385 1597 398 1604 399 1604 401 1604 515 1597 573 1598 596 1609 597 1609 598 1609 599 1609 601 1609 618 1598 642 1598 675 1611 676 1611 677 1611 729 1601 752 1611 753 1611 788 1612 789 1612 790 1612 791 1612 809 1602 820 1607 821 1607 822 1607 863 1598 864 1588 863 1552 813 1545 812 1545 811 1545 792 1556 744 1556 707 1545 706 1545 705 1545 704 1545 692 1552 579 1554 565 1544 564 1544 563 1544 505 1543 504 1543 503 1543 502 1543 488 1554 410 1554 378 1543 377 1543 376 1543 327 1549 272 1542 271 1542 270 1542 269 1542 255 1553 175 1553 135 1552 115 1541 114 1541 113 1541 83 1544 83 1584"/></Shape>
            <String CONTENT="lẽ non agnoſcant homines· Vide igitur quibus uerbis" HPOS="82.0" VPOS="1541.0" WIDTH="782.0" HEIGHT="71.0" WC="0.9978254208197961"/>
          </TextLine>
        </TextBlock>
        <TextBlock HPOS="852" VPOS="910" WIDTH="203" HEIGHT="165" ID="block_12" TAGREFS="BT3519">
          <Shape><Polygon POINTS="1055 910 1055 1075 852 1075 854 910"/></Shape>
          <TextLine ID="line_30" TAGREFS="LT8" BASELINE="885 958 1052 952" HPOS="883.0" VPOS="909.0" WIDTH="169.0" HEIGHT="65.0">
            <Shape><Polygon POINTS="1022 909 1021 909 991 913 990 913 989 913 989 914 988 914 983 920 959 916 958 916 913 922 892 917 891 917 890 917 889 917 888 917 883 920 885 958 885 974 998 966 1012 972 1013 972 1014 972 1015 972 1016 972 1025 965 1051 970 1052 952 1050 918 1023 909 1022 909"/></Shape>
            <String CONTENT="Hypocriſis" HPOS="883.0" VPOS="909.0" WIDTH="169.0" HEIGHT="65.0" WC="0.9693711578845978"/>
          </TextLine>
          <TextLine ID="line_31" TAGREFS="LT8" BASELINE="855 1008 1052 1001" HPOS="854.0" VPOS="961.0" WIDTH="198.0" HEIGHT="63.0">
            <Shape><Polygon POINTS="854 980 855 1008 855 1024 1052 1017 1052 1001 1049 963 1023 961 1022 961 1021 961 1020 961 1003 972 968 973 920 965 919 965 918 965 917 965 901 975 872 967 871 967 870 967 869 967 868 967 854 975 854 980"/></Shape>
            <String CONTENT="diu ſe non laᛘ" HPOS="854.0" VPOS="961.0" WIDTH="198.0" HEIGHT="63.0"/>
          </TextLine>
          <TextLine ID="line_32" TAGREFS="LT8" BASELINE="853 1059 917 1055" HPOS="852.0" VPOS="1027.0" WIDTH="66.0" HEIGHT="62.0">
            <Shape><Polygon POINTS="852 1042 853 1059 855 1089 918 1083 917 1055 915 1032 869 1027 868 1027 867 1027 853 1033 852 1042"/></Shape>
            <String CONTENT="tet." HPOS="852.0" VPOS="1027.0" WIDTH="66.0" HEIGHT="62.0"/>
          </TextLine>
        </TextBlock>
      </PrintSpace>
    </Page>
  </Layout>
</alto>
