1240 1839
370.0 95.0 654.0 57.0 COMMENT· POMER·

360.0 161.0 737.0 60.0 Id eſt, qui quiduis edit, propter Dominum ia faᛘ

312.0 207.0 622.0 64.0 cit, quia intelligit libertatem Chriſtianam¬

442.0 264.0 523.0 62.0 Gratias enim agit Deo.

363.0 327.0 727.0 55.0 Laudat Deum, ut in Epiſtola ad Timoth·uides·

479.0 385.0 407.0 60.0 Qui non uelcitur.

365.0 443.0 728.0 57.0 Scilicet, propter infirmam fidem quam habet, ſpeᛘ

314.0 489.0 779.0 66.0 rat ſalutem à Domino, ſed tamen hæret adhuc in ex¬

315.0 541.0 430.0 66.0 ternis propter infirmitatem·

487.0 598.0 408.0 64.0 Gratias agit Deo.

357 657 726 56 Habet bonã conſcientiã, quod iſtud placeat Deo¬

316 702 770 72 Nullus enim noſtrũ ſibijpſi uiuit.

363.0 771.0 718.0 56.0 Idcirco debemus habere rationem infirmorum,

318.0 819.0 750.0 62.0 quia Domino, non nobis, uiuimus, & exponit ſe¬

346.0 875.0 744.0 65.0 Nam ſiue uiuimus, Domino uiᛘ

316.0 941.0 181.0 65.0 uimus.

366.0 1001.0 725.0 56.0 Argumentum eſt à maiore, ſi uita & mors non eſt

315.0 1049.0 773.0 58.0 noſtra, ſed Domint, quanto magis cibus & potus?

313.0 1098.0 774.0 59.0 non ergo tudicemus quenquam, relinquamus illi, in

314.0 1147.0 772.0 60.0 cuius manu omnes ſumus· Volebant hæc intelligi de

317.0 1200.0 766.0 56.0 proximis, ſed non eſt huius loci ſententia, nempe,

315.0 1247.0 770.0 65.0 nos non nobis uiuere, ſed alijs, ideoq; quiduis ipſis

314.0 1300.0 773.0 59.0 impertiendum eſſe. Sic autem ad proximum etiam

317.0 1350.0 771.0 74.0 pertinet, ut propter Dominum non ſimus ſcanda¬

313.0 1396.0 138.0 66.0 lo alijs·

529.0 1451.0 298.0 82.0 In hoc enim.

968.0 1521.0 116.0 60.0 Hic ui¬

113.0 1014.0 199.0 59.0 Neminem iu¬

112.0 1064.0 141.0 60.0 dicemus·
