1178 1839
113 90 647 65 IN EPIST· AD ROM·

74 156 768 62 tua: hic uero in noſtro ſacrificio, quia ſumus ſub

74 204 766 64 gratia, nõ ſub lege, offerimus noſtra corpora & morᛘ

71 252 769 66 tificamus ea, non ut mortua ſint, ſed ut uiuificentur.

73 303 772 66 Ecce hic eſt mortificatio & uiuificatio ſimul: ibi ſola

74 353 768 70 erat mortificatio, quandoquidem nullæ hoſtiæ ad ui¬

73 407 235 69 tam redibant·

296 464 299 67 Ad figuram.

131 525 713 58 Quæ mundi ſit figura notum eſt: Mundus quæril

77 567 777 65 honores, diuitias, uoluptates, & ſuam tranquillita¬

77 620 776 63 tem, ignorat hero quæ Dei ſunt, habetq́ ea pro nihiᛘ

77 669 775 63 lo, ut maxime multa de Deo loquatur: hæc igitur eſt

79 719 767 65 ipſißima mundi figura concupiſcentia·1· Iohan·2·

80 770 775 60 ad hanc, inquit, ne accommodetis uos, id eſt, ne faᛘ

79 820 379 63 ciatis uos ſimiles mundo¬

214 894 481 61 Sed transformemini.

857 532 143 60 Mundus¬

129 951 726 67 Scilicet, à uetuſtate Adæ, uel à figura ſeculi, id

85 1003 365 61 eſt, noui homines fiatis.

153 1060 608 62 Per renouationem mentis.

131 1118 716 57 Non per hypocriſin: non ſimulate aliam uitam foᛘ

83 1163 772 65 ris, ut faciunt hypocritæ, qui Cappam aut Cilicium

86 1213 770 64 induunt, contegentes latronem intus latitantem, in

85 1264 769 65 quo putant ſe mundum deſeruiſſe, ac ſe renouatos,

84 1312 773 67 cum aliud nihil ſit, quàm deceptio: ergo, inquit, menᛘ

83 1365 773 55 tibus renouemint, non per ſimulationem externam.

87 1413 771 63 Vide, quomodo & hic noſtras uires damnet Apoſto¬

85 1462 770 74 lus, omnia ſunt abolenda, nihil ſit tam ſpecioſum, aut

862 1123 169 74 Hypocriſte.

693 1563 47 4 S5

783 123 59 0 141
