1178 1855
380.0 97.0 642.0 56.0 COMMENT· POMER·

397.0 164.0 698.0 70.0 Vt iuſtificatio legis impleretur

328.0 225.0 213.0 67.0 in nobis.

373.0 294.0 730.0 57.0 Hanc iuſtificationem quidẽ lex exigebat, ſed non

328.0 341.0 767.0 61.0 præſtabat, nam ex operibus legis, non eſt iuſticia:

328.0 390.0 772.0 67.0 Ergo illa impletio, non eſt noſtrorum uirium, ſed per

331.0 442.0 256.0 64.0 Chriſtum facta·

396.0 503.0 640.0 59.0 Qui non ſecundum carnem.

385.0 559.0 716.0 56.0 Ne quid ſapientia, aut temeritas carnis ; hic au¬

328.0 601.0 776.0 65.0 deat, in nobis, inquit, impletur iuſtificatio legis, qui ſuᛘ

328.0 655.0 774.0 60.0 mus aßidui in excubijs ſpiritus, contra inſidias carnis,

330.0 705.0 775.0 62.0 aut qui nihil permittimus carni, uerum omnia per il¬

332.0 753.0 773.0 62.0 lum ſpiritum, nobis per Chriſtum donatum, fiunt¬

333.0 803.0 772.0 63.0 Nemo ergo carens hoc ſpiritu, implet legẽ: præcipiᛘ

332.0 859.0 768.0 57.0 tur, ut diligas proximum, non potes ex tuis uiribus,

334.0 905.0 476.0 62.0 potes autem ubi hunc habueris·

132.0 1147.0 195.0 57.0 Caro quid in

130.0 1195.0 198.0 72.0 Scrip·ſignifiᛘ

132.0 1255.0 72.0 56.0 cet·

463.0 966.0 532.0 60.0 Nam qui carnales ſunt.

382.0 1024.0 723.0 58.0 Id eſt, qui non habent ſpiritum Dei, ea quæ car¬

338.0 1070.0 770.0 58.0 nis ſunt curant· Vides Paulum, non de corpore no¬

342.0 1121.0 767.0 57.0 ſtro, aut carne tantum, quemadmodum quidam ſomᛘ

341.0 1170.0 770.0 57.0 niant, ubi carnis uocabulum audierint, uerum de coᛘ

339.0 1218.0 773.0 60.0 toto, quod nos ſumus, id eſt, de omnibus noſtris ui¬

333 1266 780 61 ribus, quæ ſunt in corpore & anima noſtra: non in

338.0 1320.0 769.0 59.0 appoſitum ergo fuerit ſi legas, procurant, ſapiunt,

339.0 1369.0 772.0 61.0 id eſt, ipſo adfectu ſentiunt· QVAN CARNIS

342.0 1418.0 769.0 67.0 SVNT· Id eſt, mundi, nempe carnalia, in qui¬

338.0 1465.0 426.0 76.0 bus ſeſe totus homo oblectat·

998.0 1524.0 110.0 59.0 At qui
