1176 1845
407 102 621 55 COMMENT· POMER·

332 168 779 59 Sed ita agit Deus nobiſcum cum lege, quemadmodũ

332 213 781 66 medicus cum egroto per medicinam, hæc per ſe bona

330 261 777 68 eſt & ſalutaris, attamen materiam delinquendi ſepe

331 311 776 68 præbet: ut ſi mandetur ægroto, ne ueſcatur carne ſuilᛘ

331 362 775 65 la, ſtatim illi quidam adpetitus mouetur edendi ſuillã,

331 414 775 65 ſiquidem natura nititur in uetitum, ita & lex multis

335 458 770 75 eſt peccandi occaſio, cum tamen Deus per eam nos

332 515 770 65 urgeri uoluerit, ut uidentes noſtrum peccatum &

332 563 777 67 damnationem, adurgeremus ad quærendam eius graᛘ

330 613 778 70 tiam, nam quanto grauius & intolerabilius eſt deli¬

330 664 777 67 ctum, tanto citius quærimus Chriſtum, ut quo quis

331 714 776 67 plus diligeret, hoc ei plus remitteretur, ut Chriſtus

330 767 688 70 in Luca dicit, in hiſtoria de muliere peccatrice·

123 473 189 80 Lex cur data·

471 841 479 62 Vbi uero exuberauit.

378 916 716 68 Hæc quo ad pacis confirmationem pertinent,

330 960 775 71 etiamſi commiſiſſem omnia peccata mundi ſolus, nulᛘ

330 1010 773 75 la eſſent prorſus, ſi gratiam conſequerer in Chriſto·

329 1065 771 69 Deus ſinit ſuos cadere, etiam grauißime quando,

330 1114 779 74 ut ardentius reſurgant, & gratificentur Deo, ſed

329 1162 780 71 carnales huiuſmodi prædicatione Euangelica abutun¬

333 1219 775 63 tur, dicentes: Ergo faciamus grauia peccata· Con¬

332 1268 775 65 temptores ſunt (quos Deus non recipit, & quibus

330 1317 781 68 Euangelium non prædicatur) non peccatores, id

333 1367 777 67 eſt, ij, qui agnoſcant ſui damnationem propter pecᛘ

333 1419 780 61 catum· Hinc in Pſalm. ait. Longe à peccatoribus ſaᛘ

336 1466 774 75 lus, quoniam non exquiſierunt iuſtificationes tuas¬

1027 1527 84 51 Non
