1196 1846
385 182 722 57 Sunt ex.32. Capite Deuter. Irritabo, inquit,

329 224 780 63 animos ueſtros, ut inuideatis Gentibus gratiam Dei:

331 272 776 69 uel ego efficiam, ut Gentes, quæ hodie deſpectæ ſunt,

333 324 777 68 fanctæ ſint, & hoc ubi uiderint ludæt, præ inuidia

333 377 775 61 & cordis amaritudine, ipſi gratiam quoq contem¬

332 422 776 69 nent, & Chriſtũ abijciẽt: id quod et hodie ea gens faᛘ

332 475 776 66 cit, quod pulchre in parabola Lucæ expreſſum eſt

333 524 774 65 de filio prodigo: frater enim potius uoluit carere paᛘ

330 573 776 65 ternis bonis, quàm iſtam gratiam uidere· Idem faci¬

330 623 779 68 unt hodie luſticiarij, qui quoq; nobis inuident Dei

332 673 775 67 gratiam, quam tamen ipſi nolunt complecti, imò per

330 728 779 61 ſeuerant in ſua cæcitate. Stultam uocat gentem, quia

332 777 769 64 Idola uenerabatur, & Deum ignorabat, que eſt

332 830 221 60 uera ſtultitia·

377 106 663 63 COMMENT· POMER·

357 885 684 67 Eſaias autem poſt hunc audet.

369 948 733 61 Id 'eſt, poſt Moſen, & Eſaids dexit de Iadrorum

330 997 360 55 abiectione & cæcitate.

392 1054 711 64 Inuentus fui ijs qui me non quæ

332 1112 179 71 rebant

368 1176 733 58 Verba ſunt Dei in Propheta. Eſt uero mira phraᛘ

333 1221 763 69 ſis, qua ſignificat abſ merito & ſtudio noſtro no¬

330 1276 741 61 bis datam gratiam, quia non quæſitam inuenimus.

365 1348 681 64 Conſpicuus factus ſum fjs &c.

330 1409 769 65 d eſt, illis adparui, & me agnouerunt per fidẽ,

356 1487 732 67 Qui de me non interrogabant.

1001 1546 96 64 Id eſt,
