1194 1848
778 72 64 72 149

117 89 648 71 IN EPIST· AD ROM·

75 160 769 60 reddamus, quod Ethnici faciunt ·PROVIDE

76 208 562 62 PARANTES· Id eſt, facientes.

128 263 718 70 In conſpectu omnium hominũ.

121 328 728 57 Ne male audiat Euangelium, ne dicant: ſunt iſti

73 369 778 64 Euangelici? Tota ueſtra uita in oculis etiã hominũ taᛘ

73 420 777 69 lis ſit, quam etiam aduerſarij non poſſint calũniari,

75 472 773 63 ut ora eorum obſtruantur, qui male uobis loquuntur.

76 532 777 65 Si fieri poteſt, quantũ in uobis eſt.

120 594 737 56 Id eſt, etiam cum infidelibus, & inimicis quantũ

77 634 776 65 licebit, habete pacẽ· NON VOSMETIPSOS

82 686 770 68 VLCISCENTES. Reconciliemini, non alite

77 738 325 69 odia in corde ueſtro.

141 797 682 65 Quin potius date locumiræ.

126 855 728 58 Sinite, ut omnino obliuiſcamini iræ, ſic alibi dicit:

82 900 765 67 Sol non occidat ſuper iracundiam ueſtram, id eſt,

82 950 752 69 ãprimum reconciliemini fratri, ſi offenſi fueritis·

108 1016 670 64 Mihi ultio ego rependam.

126 1072 729 57 Ad me ſolũ, dicit Dominus in Moſe, pertinet uin¬

79 1112 773 68 dicta: ſi qui faciunt iniurias ego rependam, non uos.

80 1163 780 69 Vbi igitur quiſpiã ultionẽ ſibi uindicarit, ſciat ſe hoc

80 1212 777 70 ſibi ſumpſiſſe quod Dei eſt, huic nihil proſpere ſucceſᛘ

82 1263 773 71 ſurũ eſt: cõmittenda oia ſunt Deo, quem nihil latet¬

138 1329 673 66 Si igitur eſurit inimicus tuus.

132 1383 728 61 Nos oibus debemus benefacere, tantũ abeſt, ut uin

80 1429 774 69 dicemus, non ſolum uerbo dilige, ſed & re ipſa que

78 1481 583 79 ſententia ex Prouerbijs deſumpta eſt:

869 1082 148 69 Vindicta·

696 1541 57 54 T4
