1175 1835
312.0 172.0 785.0 52.0 docent ea quæ ſunt contra Chriſtum, neq; moniti to¬

313.0 210.0 782.0 63.0 ties uolunt reſipiſcere·Reſiſtũt fronte meretricia im

314.0 265.0 781.0 62.0 pudentißime, non uolentes audire bonum Dei Ver¬

312.0 313.0 782.0 62.0 bum, obturant aures ſuas, ne qua illabatur in eorum

312.0 364.0 782.0 64.0 corda: ſed olim magno cum ſuo malo, hanc cæcita

312.0 412.0 781.0 65.0 tem agnoſcent, interim tamen eorum iniurias fera¬

313.0 462.0 779.0 70.0 mus, ſi quo modo aliquos poßimus Chriſto lucriface

310.0 515.0 781.0 65.0 re: at ſi palàm & contemptißime blaſphement Euan

312.0 564.0 777.0 60.0 gelium, ne Aue eſt eis dicendum, ut Iohannes ſcri¬

314.0 611.0 773.0 64.0 pſit, ne, ſi uideamur ipſorum familiares, Verbum

309.0 664.0 774.0 59.0 Dei ſuſpectum reddamus· Adiecit autem & illud,

312.0 714.0 770.0 61.0 quod in illis non eſt negligendum, Chriſto, inquit,

312.0 764.0 776.0 61.0 non ſeruiunt, ſed uentri, id eſt, ſua tantum quærunt

312.0 817.0 775.0 57.0 comnoda, non gloriam Dei· Hic noſtros Miſſarios

314.0 863.0 773.0 60.0 ſuis depinxit coloribus, nihil enim illi Ventroſi gra¬

310.0 915.0 776.0 58.0 tis faciunt, nam dum cenſus negantureis, à Mißis

313.0 966.0 772.0 58.0 abſtinent: tales non uult nos eſſe Paulus, ſed eos,

313.0 1016.0 696.0 59.0 qui ſolam Det gloriam quæramus & doceamus.

373.0 100.0 639.0 56.0 COMMENT. POMER.

135.0 853.0 137.0 106.0 miſſarij

109.0 1188.0 203.0 56.0 Blandiloquenᛘ

107.0 1234.0 200.0 63.0 tia Pſeudapo¬

110.0 1282.0 149.0 69.0 ſtolorum.

403.0 1085.0 586.0 74.0 Et per blandiloquentiam.

369.0 1161.0 722.0 59.0 Qua ſcilicet mulierculas in primis decipiunt, ne in

320.0 1212.0 764.0 60.0 terim dicam de ijs, qui ſuperiore ætate, Reges &

321.0 1262.0 770.0 59.0 Principes turpißime, in omnia ceremoniarum por¬

325 1305 759 69 tenta, iſta ſuauitate ficta uerborum illexerunt, quos,

321 1357 769 62 ubi notamus, tumultuantur, & inſaniunt, dicen¬

324 1406 763 86 tes: uos eſtis hæretict, nam contemnitis bona opera,

929.0 1471.0 158.0 61.0 ſic placuit
