1184 1844
779 86 60 70 168

212 98 541 57 EPIST· AD ROM·

112 168 732 53 Satis callide hoc dicit: nam ſciebat Romanos qui

72 217 765 56 prudentes erant, id haud dubie intellecturos, nempe,

73 265 771 58 9 Paulus obſcurius, & ipſos moneret ad eleemoſynã

69 315 774 63 dandam, ergo, ubt, inquit, ego hoc miniſterium ex¬

76 365 149 62 pleuero,

136 416 711 70 Et obſignauero hunc fructum.

116 485 733 55 Id eſt, obſignatum obtulero eis, ne res ullam ha¬

72 529 775 65 beat ſuſpitionem mali. Ego reuertar per ueſtram

74 580 327 60 urbem in Hiſpanias·

200 642 276 64 Scio nan.

862 683 186 69 Benedicere

861 737 192 77 quid ſit in Serlᛘ

862 799 95 64 ptura·

118 700 732 60 Id eſt, utcun ſciatis multa de Chriſto & Euangeᛘ

72 740 778 65 lio, tamen mea prædicatio, non erit uobis cũ uenero,

73 794 777 64 inutilis: Benedictio in ſcripturis multiplicationẽ, &

73 845 775 63 auctũ ſignificat, & Det dicere, eſt ipſum facere, ſe¬

74 898 776 57 cundum illud : lpſe dixit & facta ſunt :cum ergo ali¬

74 947 777 59 cui Deus benedicit, illi bene facit, quemadmodum leᛘ

76 998 774 59 gimus de Abraham, Iſaac, Iacob, Ioſeph, Dauide & c¬

76 1048 777 61 ij ſimul & Verbum Det, & effectum Verbt, habueᛘ

77 1099 777 56 runt: ſecus fit cum alicut homines benedicunt, nam

78 1146 350 59 non ſimul benefaciunt·

147 1214 625 58 Obſecro autem uos fratres.

131 1273 727 57 Quod hic Paulus obſecrat, nobis omnibus erat ob

82 1317 777 64 ſecrandum, eſt̃ hæc obſecratio, magis adiuratio,

84 1366 443 70 qualis eſt quoq in Philip·

581 1371 279 60 PER DILE

86 1420 734 62 CTIONEM· Quæ eſt in uobis Chriſtianis·

151 1481 690 83 Vt me laborantem adiuuetis.
