1165 1835
142 93 628 59 IN EPIST·  AD ROM·

81 154 767 65 ſpiritus Dei ſponte omnia facit, imò & ſecum adfert:

78 202 766 69 quod ſi abſit hic ſptritus, Chriſtianus dici nequit, neq

81 255 765 67 potuerit quicquam facere, hilari & ſpontaneo ani¬

82 303 766 68 mo, quidquid faciet, id faciet tyranno & lege cogenᛘ

83 351 767 61 te· Vides uero diuerſum hic in Paulo, non eſt legislaᛘ

84 403 763 61 tor, nõ minatur mortem, aut lapidationes tranſgreſ

85 445 767 71 ſoribus, ut & noſtri faciunt, cum dicunt: Manda¬

88 500 767 67 mus, Aggrauamus, Reaggrauamus, Anathemiſa¬

85 549 770 67 mus &c· qui putant ſibi poteſtatem tantum in deſtruᛘ

86 599 768 67 ctionẽ datam, ideo́ ſuauißime inquit: Obfecro uos

87 653 768 67 fratres, quid potuit eſſe lentus & manſuetius? non

85 701 764 72 eſt hæc uox Moſi, at ita ne leges quidem iſtæ ſunt,

84 752 768 72 nam ſponte fiunt tantum per monitorem, non per

87 805 765 68 exactorem. Sed oritur hic altera quæſtio: quid opus

87 845 765 80 eſt hæc Chriſtiano præſcribi, qui per ſe non indigẽs

88 902 776 69 legislatore, omnia faciat, Reſpondeo: bona opera

89 953 778 68 hic non præſcribuntur, ut doceantur, nam norunt ea

91 1003 767 62 omnia Chriſtiani: præterea, non ob eam cauſſam,

92 1050 771 72 quod debeant ſic impelli & cogi Chriſtiani, uerum

90 1103 775 65 cum uideamus nos eſſe carnem & ſanguinem, quibus

93 1152 773 69 ſemper ad oſcitantiam & pigriciã ſolicitamur, opus

91 1198 777 75 eſt pijs hortationibus, quibus excitetur in nobis fides

94 1252 776 71 contra carnem, et eius inertiam, ut ſic perpetuo exerᛘ

95 1299 777 70 ceatur, ne unquam obdormiat, uacetq́; ijs operibus

97 1351 775 70 quæ teſtentur & coram Deo & proximo fidem no¬

98 1400 771 71 ſtram eſſe integram & conſtantem· Itaq́; dicit Pau¬

97 1452 771 83 lus, per eas miſerationes, per quas redempti eſtis, uos

791 79 47 80 139

869 714 191 84 Euãgelio, cur

869 785 194 62 leges admiſceᛘ

869 839 98 69 antur·

693 1550 59 1 S3
