1214 1853
393 86 634 58 COMMENT· POMER·

331 153 780 54 officio iudicandum erit, non eſt hæc mala, at ſi abu¬

333 198 775 62 tar, mala uideri poteſt· Eſt enim finis & officium

333 253 777 55 eius, reuelare peccatum, non damnare quenquam·

335 300 771 56 At ſi te damnet, non fit, niſi tuo uitio & cæcitate,

340 387 772 7 qui non vides ſub ipſo oſſicio legis, id eſt, revelatione

336 412 5 48 peccati, iucundibimum quiddam latere,  nempe ur¬

337 449 774 63 geri ad gratiam· Qui igitur ſic lege utuntur, ſancte

336 501 774 60 utuntur, ut uides in Dauide, Ezechia, item Petro·

338 552 768 58 Qui autem tantum in damnationem figunt oculos,

335 601 781 60 non obſeruantes gratiam, ſub reuelatione abſcondi¬

336 652 779 59 tam, ij pereant neceſſe eſt, nam lege abutuntur, ut

336 703 777 56 in Iuda, Saule, Cayno cernimus: non enim in hoc

337 752 777 59 ſuis reuelat peccatum Dominus, ut excidant ab eius

338 801 777 61 miſericordia, ſed ut diſcant miſericordiam agnoſcere·

339 856 779 58 Itaq ait recte Apoſtolus: Ipſum peccatum eſt mihi

340 907 778 55 operatum mortem per legem, quæ hoc faciebat, ut

338 955 781 56 appareret mihi, & notum fieret peccatũ Ante hanc

337 1006 782 56 reuelationem, non putabam eſſe tantam uim concupi

341 1053 772 61 ſcentiæ, nunc uideo & ſentio uehementer potentẽ,

340 1103 773 59 ac prorſus inſanientem in carne mea· Hic ſuccũbo,

342 1155 777 61 & incido in Dei blaſphemias, uelim́ legem non eſᛘ

343 1204 779 58 ſe: non aliud uideo, quàm damnationem, & Dei irã

342 1256 777 58 in me, quo magis enim peccatum conſydero, eò fit

344 1306 777 59 fortius & potentius. Hoc neceſſe eſt, omnes homines

343 1357 780 57 ſentiant, dum reuelatur eis peccatũ, & niſi monen

344 1407 779 58 te Dei Spiritu, obſeruarint, ſub illa reuelatione ſub¬

343 1455 783 82 eſſe gratiam, ficri non poteſt, ut ſaluifiant, nam de

128 352 197 72 Legis officiũ·

1016 1514 102 69 glutit
