1193 1862
429.0 97.0 604.0 57.0 COMMENT· POMER·

330.0 164.0 782.0 60.0 deſcribat ſanctos illos homines, quid illis tribuat, im

333.0 213.0 779.0 65.0 pœnitentiam cordis, & qui non poßint reſipiſcere¬

589.0 274.0 218.0 58.0 Diuitias.

377.0 328.0 733.0 61.0 Id eſt, abundantiam bonitatis, id eſt, quod tam

329.0 377.0 783.0 65.0 benigne nobiſeum agat· Toleran· Id eſt, quod

332.0 425.0 778.0 69.0 ſuffert peccata noſtra· Longani· Quod nõ ſtaᛘ

333.0 488.0 172.0 53.0 tim punit·

592.0 544.0 245.0 61.0 Ignorans.

124.0 583.0 210.0 63.0 Ignorant De¬

124.0 637.0 201.0 59.0 um, qui pu¬

121.0 685.0 201.0 55.0 tant ſe Deo

122.0 737.0 202.0 57.0 proximos, et

120.0 778.0 185.0 70.0 alios abie¬

121.0 837.0 90.0 84.0 dtos·

380.0 602.0 729.0 55.0 Ecce ignorantiam Dei illis adſcribit, qui putant

338.0 642.0 770.0 67.0 ſe Deo proximos, & alios abiectos: Iuxta illud Pſal¬

336.0 696.0 771.0 61.0 13· Dixit inſipiens in corde ſuo, non eſt Deus· Item

333.0 748.0 776.0 58.0 tribuit illis contemptum & ſuperbiam, nam contemᛘ

329.0 799.0 778.0 63.0 nunt has diuitias, quas peccatores & meretrices ſuſciᛘ

330.0 846.0 335.0 64.0 piunt & admirantur·

508.0 919.0 338.0 63.0 Pœnitentiam.

375.0 983.0 725.0 58.0 Vt agnoſcas te habere cor, quod non timeat Deũ,

329.0 1034.0 776.0 56.0 non ſeruet legem, quæ dicit: Dilige Deum & proxiᛘ

330.0 1080.0 775.0 63.0 mum ex corde, ſed adſcribis eam externis obſeruan¬

330.0 1128.0 457.0 66.0 tijs, & gloriaris quaſi ſerues·

458.0 1199.0 489.0 73.0 Colligis tibiipſi iram.

361.0 1267.0 747.0 58.0 Id eſt, iudicium Dei facis tibi ſemper maius, tua

327.0 1315.0 782.0 59.0 ficta ſanctitate & hypocriſi: cum interim alij peccaᛘ

326.0 1366.0 783.0 68.0 tores ſuſcipiant Euangelium, & à iudicio Dei libe¬

326.0 1422.0 131.0 66.0 rentur·

583.0 1467.0 211.0 80.0 Patefiet.

1002.0 1539.0 104.0 65.0 Quod
