1194 1846
414 85 633 53 COMMENT· POMER·

135 302 202 64 tudei, cur ab

137 363 90 73 iecti¬

404 152 714 71 Dico igitur, Num ideo impege

342 219 482 69 runt, ut conciderent ?

352 330 771 15 Id eſt, ut caderent omnes iſraelitæ ſecundum car¬

340 342 781 64 nem. Eſt uero ſententia huius loci: Deus ſic recepit

342 391 782 63 Gentes, abiectis Iudæis, non ut abiecti maneant, ſed

343 446 778 60 ut emulatione Gentium prouocentur, ut & ipſi graᛘ

343 494 781 61 tiam ſitiant & reſipiſcant. Vult ita occupare omnia

342 543 782 64 Paulus quæ hic poſſent obijci, ut ſcilicet hoc Dei iudiᛘ

342 593 781 65 cium mitiget, ne deſperemus de Dei bonitate, qui ſoᛘ

342 646 781 58 lus nouit, qua ratione quemuis ſaluari uelit : eius conᛘ

343 693 782 63 ſilia ſunt abyſſus multa, non expoſita hominum indaᛘ

343 743 781 64 gini. Sed ut clarius cernas, quid hic locus uelit, aſſuᛘ

343 795 779 63 mito parabolã Lucæ, de filio prodigo & fratre eius.

350 885 768 6 Hic peccator eſt, ille Iuſticiarius : hic relicto patre,

350 935 773 6 omnia conſumit & male perdit : ille rurſus manet in

346 947 772 64 agro paterno, & laboribus perpetuis diſtringitur,

347 996 775 62 uidetur́ omnibus patri eſſe utilis, & rem facere,

347 1046 778 64 ob id́ illi acceptum ſe fore magis ſperat, & tandẽ

342 1095 783 61 conſecuturũ omnem hæreditatem: nihil minus puta¬

347 1148 781 60 uit futurum, quàm rediturum alium fratrem in patris

349 1195 774 67 gratiam, tamen ubi eum redijſſe intellexit, ac ſuſce¬

349 1248 783 64 ptum à patre, non uult ipſe ingredi in domum pater¬

347 1302 783 61 nam, etiam ipſo rogante patre: abijcitur ergo & exᛘ

347 1348 776 65 cluditur, & qui uagus, & omniũ decoctor fuerat,

349 1397 781 65 in locũ eius ſubrogatur. Queri itaq; poſſet, num ideo

348 1451 781 85 dle prodigus ſuſceptus eſt, ut alter pertret? minime,

139 847 200 63 Parabola de

143 903 196 66 filio prodigo.

1073 1502 49 79 ſed
