1174 1850
406 95 622 55 COMMENT· POMER·

331 160 770 56 det Paulus: Si totus Adã ueſter mortuus eſſet, id eſt,

331 206 774 62 ſi nihil eorum uelletis, quæ caro uult, affirmarem uos

333 256 775 57 liberos à lege· Sed id conſcientia ueſtra teſte, nondũ

332 309 773 60 adſecuti eſtis. Eſt aũt uix clarior locus in Scripturis,

340 353 764 69 qui gratiam nobis commendet, & aperiat, quàm is

333 403 771 70 eſt quo diſcimus, nos iuſtos eſſe Det gratia, quantũ¬

334 459 773 59 uis etiã interim in nobis, æſtuet peccatum, quod non

333 508 774 60 uideremus, niſi lex id nobis oſtenderet· Quod au¬

334 560 772 57 diens caro, iterum dicet: Ergo lex malum quiddam

335 608 772 60 eſt, nam uiget in affectibus, & irritat eos· Reſponᛘ

335 655 773 65 det Apoſtolus: Lex Dei eſt, nõ poteſt eſſe mala, ſed

339 708 768 60 ipſum peccatũ, in nobis eſt peccatũ, quod non cerniᛘ

339 759 768 58 mus ſine lege, & quemadmodum ægrotus, cut mediᛘ

337 808 770 60 cus præcipit, ne ſuilla ueſcatur, ex ipſo præcepto, ſuᛘ

338 860 767 57 mit occaſionem appetendi ſuillam, quod antea non feᛘ

337 909 761 62 cerat· Vbi uides concupiſcentiam eſſe illud malum,

339 960 767 60 quod magis per præceptum in ſe bonum excitatũ eſt :

340 1009 770 60 ſimili modo nos per legem peccandi occaſionem arri¬

341 1060 768 59 pimus, & quod antea peccatum eſſe non putaſſe¬

338 1108 771 61 mus, uidemus eſſe peccatum per legem, quæ bona

342 1159 766 61 eſt: Nitimur in uetitum &c· Quis enim ſciuiſſet cõᛘ

340 1207 771 63 cupiſcere alterius rem eſſe peccatum? ſanctos nos haᛘ

341 1257 772 63 ctenus eſſe putauimus, quia faciebamus externa bo¬

342 1312 769 59 na opera, non uidimus concupiſcentiam eſſe pecea¬

341 1362 775 59 tum: nunc cum reuelatur Verbum, quod iudicat omᛘ

343 1409 770 60 nem carnem, & uires noſtras, relicta fiducta ope¬

342 1459 772 75 rum deſperamus: nam uidemus, quod ooncupiſcen¬

128 366 183 57 Gratiæ com¬

127 418 172 60 mendatio·

1052 1522 59 49 tia
