1222 1850
433.0 105.0 633.0 55.0 COMMENT· POMER·

356.0 172.0 804.0 56.0 trahimur deſyderio, quemadmodum ſpiritu carnis

356.0 215.0 804.0 64.0 trahimur & ferimur in carnalia, ut ille dixit: Tra¬

356.0 268.0 803.0 63.0 hit ſua quenque uoluptas. Verũ ne quis dicat: St tra¬

356.0 319.0 801.0 59.0 himur, ergo non eſt libertas? Recte-Hæc tractio miᛘ

357.0 368.0 796.0 61.0 ro quodam fit gaudio & cordis dilatatione, in Deo:

356.0 418.0 796.0 64.0 tametſi interim quoq nõ per omnia Adæ ueteri plaᛘ

357.0 469.0 784.0 61.0 ceat, ideoq́; magis ad hunc quod trahatur referes, ᛘ

358.0 519.0 789.0 59.0 ad Dei ſpiritum, aut nouum hominem, nam is ſua

363.0 568.0 784.0 64.0 ſponte in omne bonum fertur, neq; etiam niſi deſy¬

357.0 620.0 791.0 59.0 derantem trahit Deus per illum ſpiritum, qui dum

356.0 670.0 792.0 60.0 traheris, tibi deſyderium in Deum ſimul ingeßit, ſed

356.0 722.0 787.0 60.0 hoc caret caro, habet autem & ſuum deſyderium,

361.0 771.0 782.0 63.0 quo fertur, ſicut ſuum ſpiritum, quod ex diametro

363.0 824.0 623.0 66.0 pugnat cum ſancto hoc deſyderio ſpiritus·

572.0 897.0 302.0 61.0 Spiritu Dei.

403.0 958.0 743.0 55.0 Scilicet, non ſuo· Hic iterum uides, quid ſit car ¬

362.0 1003.0 785.0 61.0 naliter uiuere, nempe ſuo ſpiritu agi, & ambulare

362.0 1055.0 785.0 62.0 ſecundũ adfectus qui ſunt in carne· Ergo optima quæ

363.0 1104.0 783.0 62.0 que opera in ſpeciem, ſi non è Dei ſpiritu profluant,

362.0 1154.0 790.0 62.0 impia ſunt. Niſi ille te doceat, & moneat quid faci¬

356.0 1203.0 432.0 66.0 as, nihil tua ratione efficies·

557.0 1264.0 385.0 63.0 Hi ſunt filij Dei.

409.0 1324.0 743.0 57.0 Propter ſpiritum inhabitantem, quẽ eundem ha¬

362.0 1368.0 786.0 61.0 bent cum Deo· Quemadmodũ filius carnalis unam

358.0 1421.0 790.0 58.0 habet carnem cum patre, & uxor & maritus ſunt

354.0 1469.0 799.0 70.0 una caro: Sic, Cuius ſpiritus nos & Deum unum faᛘ

971.0 1530.0 174.0 64.0 cu, id eſt,
