1181 1844
121.0 1275.0 192.0 69.0 Media quæ

408.0 115.0 641.0 58.0 COMMENT· POMERE·

328.0 182.0 779.0 64.0 arogãter de uobis ſentiamus, ideo ait· NE AGAᛘ

329.0 226.0 777.0 62.0 TIS. Id eſt, perficiatis. CVRAM. Id eſt, cõſi¬

329.0 277.0 778.0 63.0 lia & prudentiã carnis: nõ nitamini cõſilijs animalis

328.0 328.0 777.0 63.0 hominis: uel, non facite quod concupiſcit caro, nam

328.0 376.0 772.0 63.0 aliud nõ poteſt cõcupiſcere, q̃ quod cõtra Deũ eſt,

330.0 426.0 774.0 65.0 ergo illi fortiter reſiſtendũ eſt, ne auferat à uobis Verᛘ

331.0 477.0 776.0 60.0 bũ: nolite illi cõſentire, ut maxime ſolicitet uos ad maᛘ

332.0 527.0 774.0 61.0 lum faciendũ proximo, uel ad conſulendũ uobis cum

330.0 578.0 773.0 66.0 iniuria proximi, id quod ſuggerit (ut & alia) pru¬

332.0 631.0 227.0 53.0 dentia carnis.

419.0 757.0 612.0 49.0 CAP.XIIII.

342 891 77 4 V

439 814 668 49 IDES quàm nihil eorũ omittat, in quibus raᛘ

432 842 675 72 tio eſt Chriſtianiſmi, id eſt, quæ ad fidẽ et chaᛘ

328.0 903.0 779.0 58.0 ritatẽ pertinent, diligentißime tractat·In priore par

327.0 949.0 784.0 63.0 te Epiſtolæ fidẽ deſcripſit, in poſteriore de charitate

327.0 999.0 782.0 62.0 agit: pertinet & hoc ad charitatẽ, ne ſcandalũ ſis fraᛘ

327.0 1051.0 778.0 62.0 tri, neq; cõſiſtet charitas hæc inter nos, niſi hæc quo

329.0 1100.0 777.0 60.0 diligẽtius obſeruauerimus. Eſt uero ſumma Capitis,

329.0 1151.0 781.0 61.0 habendã rationẽ infirmorũ fratrum, in ijs quæ mediæ

333.0 1202.0 775.0 61.0 ſunt, & mediaeſſe poſſunt: præter hæc in toto Capiᛘ

331.0 1251.0 780.0 58.0 te nihil dicit, tametſi copioſius, & eleganter. Media

329.0 1301.0 782.0 62.0 ergo dicimus, quæ poſſum feruare, uel non, ſalua fiᛘ

327.0 1352.0 780.0 57.0 de, id eſt, ſine peccato coram Deo: quod uero addo,

328.0 1401.0 784.0 61.0 quæ media eſſe poſſunt, propter quædam facio, quæ

329.0 1451.0 782.0 61.0 media non ſunt, poſſunt autẽ eſſe ad aliquod tempus:

327.0 1503.0 784.0 69.0 exemplum de Miſſa, quando Papiſtæ uolunt, ut ita

962.0 1561.0 140.0 46.0 tantum
