1215 1875
428.0 120.0 630.0 61.0 COMMENT· POMER·

344.0 192.0 793.0 54.0 rentur fructus: & tandem concludit, Qui cum Dei

343.0 238.0 796.0 59.0 iuſtitiam ex lege naturæ, uel ex conſcientia naturali

340.0 286.0 784.0 62.0 nouerint, ſcilicet, furtum facere, occidere proximũ,

342.0 335.0 778.0 61.0 falſum teſtimonium, eſſe malũ· At unde nouiſſent,

339.0 387.0 787.0 64.0 niſi eſſet aliqua naturalis cõſcientia, quæ dictaret iſtæ

339.0 438.0 786.0 63.0 eſſe mala, & addidit: Non ſolum &c· quo accuſa¬

337.0 488.0 782.0 62.0 uit non ſolum eos qui in manifeſto huiuſmodi ſcelera

338.0 540.0 776.0 61.0 perpetrarent, ſed quibus talia placerent in corde, &

336.0 588.0 774.0 62.0 ijs in corde delectantur, & uolunt uocari boni uiri,

338.0 639.0 782.0 62.0 & ſunt in ſpeciẽ tales, qualia ſunt omnia corda homiᛘ

336.0 688.0 783.0 65.0 nũ, niſi gratia Spirituſſancti liberentur: aut manife¬

337.0 738.0 783.0 65.0 ſte hæc faciunt, aut tantũ in corde, id quod eſt corã

338.0 789.0 771.0 63.0 Deo malefacere· Sed & nõ aliter homines iudicant,

339.0 839.0 774.0 67.0 ut ſi quis proditorũ, qui in animo ſtatuerat prodere

336.0 891.0 775.0 64.0 ciuitatẽ, ante proditionẽ deprehenſus fuerit: nonne

332.0 940.0 778.0 65.0 dicetur prodidiſſe? nam animo & uoluntate id feciſſe

330.0 992.0 781.0 64.0 conuincitur, is profecto damnabitur mortis ſententia¬

331.0 1044.0 781.0 60.0 Cũ igitur etiam homines ita iudicent, quid de Deo diᛘ

329.0 1094.0 780.0 60.0 cemus, qui ſcrutatur corda, qui iudex eſt & teſtis eoᛘ

328.0 1142.0 780.0 64.0 rũ operũ, quæ corde fiunt? Contra, ſi etiã homicidiũ

330.0 1193.0 771.0 68.0 feceris, non uoluntate, non adeſt opus cordis, ita

327.0 1244.0 780.0 64.0 id nõ imputatur apud Deũ, neq; apud homines: ſi iuᛘ

327.0 1294.0 789.0 66.0 ſte uti tudicare uoluerim, illud externũ opus ſic maᛘ

327.0 1345.0 782.0 66.0 nufactũ, non eſt opus, quia corde non feciſti, ſed opus

326.0 1394.0 784.0 65.0 internũ cordis, etiã apud hoies tibi imputatur, ut iã

325.0 1443.0 778.0 66.0 de proditiõe dixi· Ergo oẽs hoïes ſunt tales petõres,

323.0 1492.0 783.0 70.0 ettãſi inſpeciẽ talia nõ uideantur facere: Vt Socrates

324.0 1545.0 780.0 71.0 Camillus, Cato, ubi ſpiritu Dei non illuminantur ·

127.0 777.0 201.0 53.0 Deus iudicat

129.0 834.0 200.0 47.0 animu & uoᛘ

124.0 878.0 203.0 59.0 luntatem no¬

126.0 923.0 111.0 74.0 ſtram·
