1179 1847
383 92 653 58 COMMENT· POMER·

311 161 781 61 Ecce de ijs poteſtatibus loquitur, quæ à Deo ſunt in¬

315 208 332 68 ſtitutæ & ordinatæ·

372 281 714 70 Ita quiſquis reſiſtit poteſtati,

314 336 519 79 Dei ordinationi reſiſtit.

333 415 758 49 Quia Deus eam ordinauit. IVDICIVM. Con

314 458 778 59 demnationẽ, ſententiã mortis. Aliãs multa de pote¬

316 507 775 62 ſtate gladij ſcripta ſunt, non ſunt aliæ poteſtates quàm

317 558 769 61 Principes, Iudices, Magiſtratus, hi ſoli gladiũ gerunt:

315 608 777 65 Papiſtæ qui quoq; ſibi poteſtatem ſomniant, non ge¬

316 659 772 60 runt gladium, ſed Plattas, & infulas, de quibus hic

316 711 769 58 nihil dicitur, ne Paulus de alijs loqui hic potest,

317 760 773 60 quàm de ijs qui ſuo tempore gladium habebant, in

316 812 776 59 hoc, ut publicam pacem conſeruarent. Eſt præterea

316 860 777 62 & hæc poteſtas gladij, in Decalogo confirmata, in

317 913 777 61 quo non ſolum præcipitur, ut honores parentes (nam

315 962 780 64 id ſtatim calumniarentur aduerſarij, & quiq; audienᛘ

313 1012 784 63 tes, hie intelligi etiam poteſtates) uerũ, a diecta ſunt

315 1065 780 58 & illa: Non occides, Non furaberis, Non mœcha¬

316 1113 774 61 beris, ex quibus conſequitur, iudices eſſe oportere,

317 1163 778 62 quemnadmodum in legibus Moſi clarius uides. Occi¬

317 1217 779 58 debatur enim qui alium occiderat: Mœchus item daᛘ

316 1271 6 48 bat poenas, ſed ſub iudicibus · Si gitur non volumus

322 1351 772 5 eſſe Fures. Moechos, Homicidas, neceſſe eſt eſſe Maᛘ

322 1403 773 2 giſtr atusquos  timeãt mali · Qui itaq ſe ſpirituales voᛘ

318 1416 779 61 cant, nihil ex hoc loco habent, quo ſuam fictam po¬

320 1466 778 88 teſtatem defendant, nam non habent cam ordinatam

110 547 176 61 Gladij pote¬

112 596 77 67 ſtas·

113 1309 192 64 Poteſtas eccleᛘ

117 1364 188 64 ſiaſtica, ut uoᛘ

118 1417 101 45 cant·

983 1522 115 64 à Deo
