1167 1820
191 69 595 57 IN EPIST· AD ROM·

120 136 728 60 Scilicet illa, de qua dixi, quam per perſeueran¬

70 182 778 66 tiam adſecuti ſumus, non eam dico, quam Hypocritæ

79 230 172 59 ſomniant.

271 289 368 66 Non pudefacit.

123 349 723 64 Scilicet, in conſpectu Dei, & in tua conſcientia,

73 393 775 70 nam quicquid petieris, ſperaueris id adſequêre, ut

72 444 705 68 cum Paulo dicere poßis: Spe ſalui facti ſumus·

276 514 326 70 Dilectio Dei.

121 576 722 72 Scilicet, qua diligimus Deum: nam dicit de dile¬

77 616 278 65 ctione nobis data·

329 679 250 62 Effuſa eſt.

122 745 723 66 Eam emeruit nobis Chriſtus. Eſtq́; illa, ipſe Spiriᛘ

72 781 774 77 tus ſanctus·Quõ autẽ illũ accipimus? aut quando?

71 829 774 79 eum Verbũ prædicatur, id creditũ, ſtatim Spiritus ſanᛘ

71 879 774 78 ctus comitatur, qui hanc ipſam fidem in nobis ope¬

71 929 781 81 ratur, qua fit, ut ſuauißimo, non anxio corde, id præ

69 984 777 73 ſtemus, quod lex exigit, nempe, ut diligamus Deũ

65 1031 775 80 ex toto corde, cõplectamur proximũ candido adfectu,

68 1078 774 79 Aliãs enim ſecundũ naturam id non poſſumus· Nam

69 1131 771 79 omnia præcepta legis diuinæ, ſunt nobis impoßibilia¬

107 1183 733 69 Hæc igitur eſt pax, quam non labefacit ulla aduerᛘ

71 1231 772 74 ſitas, non expugnatur caducarum rerum dulcedine.

72 1283 770 74 Quod ſi dicas te ſentire adhuc peccatum, horro¬

74 1336 769 70 rem mortis, ut maxime ſentias, tamen habes quod

75 1383 767 75 ſtatim obijcias. Quid? Remißionem omnium pec¬

68 1435 771 81 catorum per Chriſtum. Hæc ubi firmiter tuo cordiᛘ

801 85 42 43 50

664 1510 73 44 G2
