1181 1845
171.0 508.0 115.0 83.0 uiſſe.

401.0 78.0 646.0 58.0 COMMENT· POMER·

472.0 149.0 522.0 63.0 Atteſtanté conſcientia.

389.0 211.0 736.0 56.0 Id eſt, non loquor contra bonam meam conſcien¬

341.0 256.0 782.0 62.0 tiam. Sed quomodo eſſe poteſt bona conſcientia? per

342.0 307.0 784.0 60.0 Spiritum ſanctum·q. d. hæc mea conſcientia me falᛘ

339.0 357.0 782.0 63.0 lere non poteſt, nam teſtimonium dat illi Spiritus ſanᛘ

338.0 408.0 780.0 62.0 ctus quod non erret. Quare hic diſcas, non ſatis eſᛘ

340.0 458.0 780.0 61.0 ſe noſtram conſcientiam, in operibus aut inſtitutis qui

335.0 509.0 785.0 62.0 buſcun pijs, niſi ipſa per Verbum Dei rectificata

338.0 559.0 773.0 62.0 ſit: unde fit, quod blaſphemiæ fuerint nominis Dei,

336.0 610.0 775.0 59.0 omnes noſtræ Miſſæ, omnes item Monachorũ mace¬

336.0 659.0 780.0 62.0 rationes. Ergo impium eſt habere fidem conſcientiæ

338.0 708.0 768.0 65.0 ſuæ, niſiuideat eam eſſe Verbo Det conformem, &

341.0 760.0 572.0 62.0 per omnia reſpondentem· Addit uero

466.0 819.0 501.0 64.0 Quod dolor magnus.

387.0 881.0 720.0 54.0 Quomodo non doleam, aut uehementer crucier,

338.0 927.0 773.0 60.0 qui uideam perituros Iudæos? nam omnia ſecundum

336.0 974.0 776.0 64.0 Dei gratiam fiunt, non ſecundum opera legis, aut me

336.0 1026.0 617.0 61.0 rita humana, quibus tamen illi innituntur·

367.0 1095.0 710.0 75.0 Optarim enim Anathema eſſe.

379.0 1162.0 727.0 61.0 Id eſt, excommunicatus, ſeparatus, maledictus,

336.0 1207.0 777.0 66.0 & cui nihil ſit commertij cum Chriſto, quod ſanè niᛘ

338.0 1257.0 774.0 62.0 hil aliud eſt, q̃ ſeſe dedere æternæ damnationi· Is

335.0 1306.0 776.0 65.0 adfectus fuit in Moſe, cum ait Exodi·32· Dele me de

336.0 1357.0 775.0 69.0 libro, quem ſcripſiſti: cui Dominus reſpondit: Qui

337.0 1409.0 775.0 65.0 peccauerit mihi, delebo eum de libro meo·q·d· iſta

336.0 1457.0 775.0 79.0 charitas, qua te exponis pro fratribus, ſignificat te

1030.0 1527.0 77.0 57.0 non
