1194 1842
79.0 141.0 761.0 55.0 dere potes, quàm impie fingamus merita, ſi enim in

79.0 188.0 761.0 57.0 operibus noſtris eſſet ſita ſalus, eſſet momentanea no

78.0 233.0 774.0 72.0 ſtra iuſticia, ut ſunt ipſa opera: itaq; ſola gratia, certi

79.0 291.0 773.0 63.0 ficat nos de Dei erga nos uoluntate, dum nobis hanc

81.0 334.0 771.0 71.0 pacem infundit, quam opera nequaquàm poſſunt præ

81.0 388.0 768.0 64.0 ſtare. Nam cur diceret Apoſtolus, nos omnes infir¬

81.0 432.0 768.0 79.0 mos, niſi quod nihil poßimus boni facere, neq; ad

87.0 488.0 301.0 70.0 gratiam cooperari?

227.0 551.0 455.0 63.0 Nam uix pro iuſto.

122.0 609.0 729.0 60.0 Declarat quodam ſimili: fieri poteſt, ut quidam

81.0 647.0 768.0 71.0 homines pro iuſta cauſſa, & aliquo bono non dubi¬

78.0 699.0 774.0 71.0 tent mori, nempe pro pro patria, uxoribus, libe¬

78.0 749.0 777.0 64.0 ris &c.ut teſtantur hiſtoriæ, uerum in cauſſa iniuſta

79.0 796.0 775.0 72.0 & mala, nemo ſe ſponte morti obijeit, uerum Chri¬

79.0 847.0 775.0 67.0 ſtus pro nobis iniuſtis & noſtris peccatis, pro nobis

79.0 894.0 775.0 66.0 inimicis, & iniquitate mortuus eſt, ut teſtatur Pro¬

81.0 944.0 774.0 76.0 pheta: Oblatus eſt, quia ipſe uoluit· Hæc omnia tã

79.0 996.0 773.0 75.0 ta diligentia nobis inculcat Apoſtolus, ut certi red¬

78.0 1049.0 582.0 71.0 damur de Dei gratia & pace in nobis¬

814.0 69.0 32.0 81.0 52

859.0 115.0 196.0 72.0 Contra huma

857.0 171.0 158.0 93.0 na merita

339.0 1114.0 224.0 60.0 Forſitan.

129.0 1168.0 719.0 66.0 Quaſi diceret, id rarum eſt, uel non libenter hoc

79.0 1220.0 280.0 57.0 bomines faciunt ¬

172.0 1260.0 565.0 90.0 Commendat charitatem.

235.0 1320.0 367.0 99.0 Seilicet, qua nos diligt :

267.0 1387.0 284.0 78.0 Peccatores.

233.0 1444.0 317.0 91.0 Suprainfumos dexit.

673.0 1504.0 53.0 78.0 6

149 62 634 88 IN EPIST· AD ROM·
