<?xml version='1.0' encoding='UTF-8'?>
<alto xmlns:xsi="http://www.w3.org/2001/XMLSchema-instance" xmlns="http://www.loc.gov/standards/alto/ns-v4#" xsi:schemaLocation="http://www.loc.gov/standards/alto/ns-v4# http://www.loc.gov/standards/alto/v4/alto-4-2.xsd">
  <Description>
    <MeasurementUnit>pixel</MeasurementUnit>
    <sourceImageInformation>
      <fileName>10AC1F79_uk4nGb4kRJCCefdT_00028.jpg</fileName>
    </sourceImageInformation>
  </Description>
  <Tags>
    <OtherTag ID="BT7" LABEL="CustomZone" DESCRIPTION="block type CustomZone"/><OtherTag ID="BT8" LABEL="DamageZone" DESCRIPTION="block type DamageZone"/><OtherTag ID="BT9" LABEL="DigitizationArtefactZone" DESCRIPTION="block type DigitizationArtefactZone"/><OtherTag ID="BT10" LABEL="DropCapitalZone" DESCRIPTION="block type DropCapitalZone"/><OtherTag ID="BT11" LABEL="GraphicZone" DESCRIPTION="block type GraphicZone"/><OtherTag ID="BT12" LABEL="MainZone" DESCRIPTION="block type MainZone"/><OtherTag ID="BT13" LABEL="MarginTextZone" DESCRIPTION="block type MarginTextZone"/><OtherTag ID="BT14" LABEL="MusicZone" DESCRIPTION="block type MusicZone"/><OtherTag ID="BT15" LABEL="NumberingZone" DESCRIPTION="block type NumberingZone"/><OtherTag ID="BT17" LABEL="QuireMarksZone" DESCRIPTION="block type QuireMarksZone"/><OtherTag ID="BT18" LABEL="RunningTitleZone" DESCRIPTION="block type RunningTitleZone"/><OtherTag ID="BT19" LABEL="SealZone" DESCRIPTION="block type SealZone"/><OtherTag ID="BT20" LABEL="StampZone" DESCRIPTION="block type StampZone"/><OtherTag ID="BT21" LABEL="TableZone" DESCRIPTION="block type TableZone"/><OtherTag ID="BT22" LABEL="TitlePageZone" DESCRIPTION="block type TitlePageZone"/><OtherTag ID="BT3517" LABEL="MainZone-Continued" DESCRIPTION="block type MainZone-Continued"/><OtherTag ID="BT3518" LABEL="MainZone-Head" DESCRIPTION="block type MainZone-Head"/><OtherTag ID="BT3519" LABEL="MarginTextZone-Notes" DESCRIPTION="block type MarginTextZone-Notes"/><OtherTag ID="BT3520" LABEL="MainZone-P" DESCRIPTION="block type MainZone-P"/><OtherTag ID="BT3715" LABEL="text" DESCRIPTION="block type text"/>
    <OtherTag ID="LT7" LABEL="CustomLine" DESCRIPTION="line type CustomLine"/><OtherTag ID="LT8" LABEL="DefaultLine" DESCRIPTION="line type DefaultLine"/><OtherTag ID="LT9" LABEL="DropCapitalLine" DESCRIPTION="line type DropCapitalLine"/><OtherTag ID="LT10" LABEL="HeadingLine" DESCRIPTION="line type HeadingLine"/><OtherTag ID="LT11" LABEL="InterlinearLine" DESCRIPTION="line type InterlinearLine"/><OtherTag ID="LT12" LABEL="MusicLine" DESCRIPTION="line type MusicLine"/><OtherTag ID="LT1349" LABEL="default" DESCRIPTION="line type default"/>
  </Tags>
  <Layout>
    <Page WIDTH="1178" HEIGHT="1870" PHYSICAL_IMG_NR="10" ID="eSc_dummypage_">
      <PrintSpace HPOS="0" VPOS="0" WIDTH="1178" HEIGHT="1870">
        <TextBlock HPOS="391.0" VPOS="95.0" WIDTH="631.0" HEIGHT="55.0" ID="block_1" TAGREFS="BT18">
          <Shape><Polygon POINTS="1022 95 1022 150 391 150 391 95"/></Shape>
          <TextLine ID="line_1" TAGREFS="LT8" BASELINE="404 131 1012 132" HPOS="403" VPOS="95" WIDTH="609" HEIGHT="62">
            <Shape><Polygon POINTS="985 95 975 95 964 95 958 95 917 97 913 95 912 95 902 95 892 95 881 95 871 95 864 95 858 100 849 95 840 95 831 95 817 100 796 95 788 95 780 95 770 101 724 101 715 95 715 95 704 95 694 95 693 95 662 99 657 95 652 95 642 95 632 95 621 95 611 95 600 95 590 95 580 95 569 95 559 95 548 95 538 95 528 95 517 95 507 95 505 95 488 100 404 96 404 131 403 141 427 143 442 153 443 153 444 153 446 153 447 153 477 143 537 151 538 151 539 151 555 144 569 155 570 155 571 155 572 155 573 155 599 148 627 155 629 155 630 155 631 155 650 149 659 156 660 156 661 156 662 157 709 157 709 156 710 156 739 143 763 143 774 150 775 150 776 150 777 150 856 143 876 153 877 153 878 153 879 153 903 146 914 155 914 156 915 156 917 156 918 157 941 157 941 156 943 156 972 146 989 156 990 156 991 156 992 157 1011 157 1012 132 1011 101 985 95 985 95"/></Shape>
            <String CONTENT="COMMENT · POMER·" HPOS="403" VPOS="95" WIDTH="609" HEIGHT="62"/>
          </TextLine>
        </TextBlock>
        <TextBlock HPOS="550.0" VPOS="163.0" WIDTH="282.0" HEIGHT="58.0" ID="block_2" TAGREFS="BT3518">
          <Shape><Polygon POINTS="832 163 832 221 550 221 550 163"/></Shape>
          <TextLine ID="line_2" TAGREFS="LT8" BASELINE="557 210 822 210" HPOS="557" VPOS="163" WIDTH="265" HEIGHT="66">
            <Shape><Polygon POINTS="661 163 650 163 640 163 638 163 625 171 607 163 598 163 588 163 578 163 567 163 557 163 557 210 557 223 627 223 640 228 641 228 642 229 730 229 730 228 731 228 733 228 740 223 787 228 788 228 789 228 790 228 796 223 821 228 822 210 822 179 770 178 763 171 763 170 762 170 761 170 760 170 758 170 748 175 731 164 730 164 729 164 728 164 727 164 697 178 666 163 661 163"/></Shape>
            <String CONTENT="Ex ſemine." HPOS="557" VPOS="163" WIDTH="265" HEIGHT="66" WC="0.9999094903469086"/>
          </TextLine>
        </TextBlock>
        <TextBlock HPOS="321.0" VPOS="227.0" WIDTH="794.0" HEIGHT="158.0" ID="block_3" TAGREFS="BT3520">
          <Shape><Polygon POINTS="1115 227 1115 385 321 385 321 227"/></Shape>
          <TextLine ID="line_3" TAGREFS="LT8" BASELINE="377 264 1108 264" HPOS="377" VPOS="227" WIDTH="731" HEIGHT="57">
            <Shape><Polygon POINTS="1105 227 1094 227 1084 227 1074 227 1063 227 1053 227 1052 227 1034 233 1018 227 1011 227 1001 227 966 233 950 227 949 227 938 227 937 227 930 233 913 227 907 227 899 227 881 234 808 234 745 227 741 227 733 227 718 234 686 234 672 227 668 227 658 227 657 227 644 230 635 227 626 227 619 227 607 232 596 227 595 227 585 227 574 227 564 227 554 227 551 227 537 233 529 227 522 227 512 227 502 227 491 227 481 227 470 227 467 227 460 234 429 234 404 227 398 227 389 227 377 233 377 264 377 277 440 277 458 283 459 283 460 283 527 277 556 283 557 283 620 278 659 283 660 283 697 277 760 283 761 283 762 283 777 278 806 283 807 283 808 283 809 283 819 277 832 283 833 283 834 284 918 284 918 283 919 283 920 283 928 278 953 283 954 283 955 283 956 283 965 277 1046 282 1048 282 1095 277 1105 283 1108 264 1108 227 1105 227"/></Shape>
            <String CONTENT="Hoc eſt illud ſemen benedictum, primum Abrahæ" HPOS="377" VPOS="227" WIDTH="731" HEIGHT="57" WC="0.9876605179574754"/>
          </TextLine>
          <TextLine ID="line_4" TAGREFS="LT8" BASELINE="333 313 1104 315" HPOS="333" VPOS="276" WIDTH="771" HEIGHT="61">
            <Shape><Polygon POINTS="333 313 333 333 408 329 431 335 432 335 433 335 486 329 534 335 535 335 536 335 558 329 573 335 574 335 576 335 577 335 590 329 604 335 605 335 606 335 728 331 755 336 756 336 757 336 758 336 766 330 804 336 805 337 881 337 881 336 882 336 883 336 889 330 910 336 911 336 912 337 997 337 997 336 998 336 999 336 1008 330 1102 334 1104 315 1102 281 986 286 954 277 953 277 952 277 951 277 950 277 943 283 921 278 920 278 919 278 918 278 899 287 873 287 810 277 809 277 718 286 686 286 665 276 664 276 663 276 627 283 618 276 617 276 616 276 615 276 565 281 509 276 508 276 507 276 506 276 493 286 475 286 460 276 459 276 458 276 424 276 423 276 422 276 400 286 377 286 363 277 362 277 361 277 360 277 359 277 333 283 333 313"/></Shape>
            <String CONTENT="promißum: ſecundo clarius, ex Iuda quoq; uenturum:" HPOS="333" VPOS="276" WIDTH="771" HEIGHT="61" WC="0.994900586605072"/>
          </TextLine>
          <TextLine ID="line_5" TAGREFS="LT8" BASELINE="331 364 950 362" HPOS="330" VPOS="327" WIDTH="620" HEIGHT="62">
            <Shape><Polygon POINTS="331 364 331 385 355 381 379 389 380 389 381 389 382 389 404 384 446 389 447 389 448 389 449 389 449 388 457 381 493 389 494 389 495 389 515 381 564 381 597 387 598 387 599 387 600 387 609 380 638 380 649 386 650 386 651 386 652 386 653 386 670 382 703 388 704 388 705 388 721 380 726 385 726 386 727 386 728 386 729 386 758 382 786 387 787 387 788 387 789 387 789 386 796 380 822 380 856 388 857 388 858 388 859 388 878 380 896 388 897 388 898 389 934 389 934 388 935 388 936 388 950 379 950 362 948 336 922 335 911 327 910 327 909 327 908 327 907 327 877 335 839 327 838 327 836 327 819 336 743 336 730 327 729 327 728 327 727 327 687 336 611 336 599 328 598 328 597 328 596 328 595 328 578 335 564 328 563 328 541 328 540 328 539 328 538 328 538 329 530 336 479 335 464 328 463 328 409 328 408 328 407 328 394 335 338 328 337 328 336 328 335 328 330 331 331 364"/></Shape>
            <String CONTENT="Promiſſum poſtremo certißime ex Dauide." HPOS="330" VPOS="327" WIDTH="620" HEIGHT="62" WC="0.9869095270450299"/>
          </TextLine>
        </TextBlock>
        <TextBlock HPOS="476.0" VPOS="399.0" WIDTH="479.0" HEIGHT="54.0" ID="block_4" TAGREFS="BT3518">
          <Shape><Polygon POINTS="955 399 955 453 476 453 476 399"/></Shape>
          <TextLine ID="line_6" TAGREFS="LT8" BASELINE="490 441 949 441" HPOS="490" VPOS="403" WIDTH="459" HEIGHT="48">
            <Shape><Polygon POINTS="490 441 490 450 948 451 949 441 949 414 918 414 903 403 902 403 901 403 900 403 797 409 781 403 780 403 779 403 778 403 747 413 671 404 670 404 669 404 668 404 659 412 651 407 651 406 650 406 649 406 585 403 584 403 490 413 490 441"/></Shape>
            <String CONTENT="Secundum carnem." HPOS="490" VPOS="403" WIDTH="459" HEIGHT="48" WC="0.9998097121715546"/>
          </TextLine>
        </TextBlock>
        <TextBlock HPOS="334.0" VPOS="456.0" WIDTH="774.0" HEIGHT="309.0" ID="block_5" TAGREFS="BT3520">
          <Shape><Polygon POINTS="1108 456 1108 765 334 765 334 456"/></Shape>
          <TextLine ID="line_7" TAGREFS="LT8" BASELINE="396 496 1100 496" HPOS="383" VPOS="457" WIDTH="717" HEIGHT="55">
            <Shape><Polygon POINTS="959 457 926 462 920 457 914 457 904 457 894 457 883 457 873 457 867 457 841 465 773 465 748 457 738 457 707 463 678 457 675 457 665 457 660 457 645 461 631 457 623 457 613 457 603 457 592 457 582 457 579 457 574 460 570 457 561 457 551 457 540 457 532 457 522 463 509 457 499 457 493 457 469 463 427 458 426 458 425 458 411 463 394 457 384 457 384 494 383 502 400 510 401 510 402 510 437 505 476 511 477 512 540 512 540 511 541 511 563 504 622 511 623 512 686 512 686 511 687 511 688 511 698 504 738 511 739 511 1098 509 1100 496 1098 465 997 465 972 457 966 457"/></Shape>
            <String CONTENT="Nemo ſenſit Chriſtum aliam, præter humanam," HPOS="383" VPOS="457" WIDTH="717" HEIGHT="55" WC="0.9986329979674761"/>
          </TextLine>
          <TextLine ID="line_8" TAGREFS="LT8" BASELINE="338 545 1104 543" HPOS="337" VPOS="504" WIDTH="767" HEIGHT="59">
            <Shape><Polygon POINTS="338 545 338 555 404 555 411 562 412 562 413 562 414 563 449 563 449 562 450 562 451 562 459 555 491 555 501 562 502 562 503 562 504 562 505 562 527 555 666 555 700 562 701 562 736 554 772 561 773 562 818 562 818 561 819 561 820 561 829 554 845 561 846 561 847 561 848 561 849 561 858 554 925 561 926 561 1048 554 1081 561 1082 561 1083 561 1104 553 1104 543 1102 516 1061 516 1046 504 1045 504 1044 504 1030 504 1029 504 1028 504 1027 504 1013 516 903 516 879 504 878 504 877 504 876 504 834 516 784 516 763 504 762 504 761 504 760 504 758 504 747 511 679 511 678 511 677 511 676 511 670 516 627 505 595 505 594 505 593 505 572 517 485 517 458 505 457 505 456 505 337 505 338 545"/></Shape>
            <String CONTENT="habuiſſe naturam· Non putabatur in hoc mortali corᛘ" HPOS="337" VPOS="504" WIDTH="767" HEIGHT="59"/>
          </TextLine>
          <TextLine ID="line_9" TAGREFS="LT8" BASELINE="341 597 1103 597" HPOS="341" VPOS="555" WIDTH="762" HEIGHT="63">
            <Shape><Polygon POINTS="341 597 341 617 399 607 426 617 427 617 428 617 510 615 511 615 532 607 601 616 603 616 604 616 630 607 749 607 778 617 779 617 780 618 813 618 813 617 814 617 835 607 882 617 883 617 884 617 909 607 962 607 983 617 984 617 985 618 1030 618 1030 617 1031 617 1065 607 1102 609 1103 597 1103 567 1058 567 1044 556 1043 556 1042 556 1041 556 996 558 995 558 993 558 983 567 941 567 929 555 928 555 927 555 894 555 893 555 892 555 870 564 850 555 849 555 817 555 816 555 815 555 793 566 768 557 767 557 766 557 765 557 744 564 723 555 722 555 721 555 720 555 719 555 707 564 652 556 651 556 650 556 613 566 560 558 559 558 558 558 534 566 511 555 510 555 451 555 450 555 449 555 426 566 341 559 341 597"/></Shape>
            <String CONTENT="pore eſſe filius Dei:nihil aliud, quàm uilitas, infirmiᛘ" HPOS="341" VPOS="555" WIDTH="762" HEIGHT="63"/>
          </TextLine>
          <TextLine ID="line_10" TAGREFS="LT8" BASELINE="339 646 1102 646" HPOS="339" VPOS="607" WIDTH="763" HEIGHT="57">
            <Shape><Polygon POINTS="339 646 339 659 446 663 447 663 448 663 465 658 476 663 477 663 478 663 479 663 498 656 518 662 519 662 520 662 521 662 537 657 604 663 605 663 638 656 736 663 737 663 738 663 756 656 790 663 791 663 792 663 820 656 838 662 839 662 840 663 840 662 841 662 858 656 873 661 874 661 875 661 941 656 976 663 977 664 1040 664 1040 663 1041 663 1042 663 1052 657 1101 661 1102 646 1101 607 1075 609 1074 609 1072 609 1062 619 972 619 955 607 954 607 953 607 952 607 951 607 950 607 932 619 897 619 875 608 874 608 873 608 872 608 852 615 834 607 833 607 832 607 831 607 830 607 819 616 780 616 770 607 769 607 768 607 721 607 720 607 719 607 718 607 702 617 642 609 641 609 640 609 639 609 629 618 596 611 595 611 594 611 571 618 554 607 553 607 552 607 551 607 519 615 491 607 490 607 489 607 443 618 411 610 410 610 409 610 395 617 352 612 351 612 350 612 339 618 339 646"/></Shape>
            <String CONTENT="tas, &amp; abiectio quædam eſſe uidebatur· Erat quidẽ" HPOS="339" VPOS="607" WIDTH="763" HEIGHT="57"/>
          </TextLine>
          <TextLine ID="line_11" TAGREFS="LT8" BASELINE="337 696 1102 699" HPOS="336" VPOS="656" WIDTH="766" HEIGHT="66">
            <Shape><Polygon POINTS="337 696 336 706 360 718 361 718 362 719 394 719 394 718 395 718 396 718 408 708 433 718 434 718 435 718 480 708 578 708 636 719 637 720 658 720 658 719 659 719 660 719 675 709 708 709 726 719 727 719 728 719 729 719 822 718 823 718 824 718 839 709 927 709 941 720 943 720 944 720 945 722 986 722 986 720 987 720 1025 710 1039 720 1040 720 1041 720 1042 722 1072 722 1072 720 1074 720 1101 711 1102 699 1101 658 1080 658 1079 658 1078 658 1077 658 1066 668 1027 668 1016 658 1015 658 1014 658 977 658 976 658 975 658 957 668 908 668 877 658 876 658 875 658 829 665 774 659 773 659 731 665 703 657 702 657 701 657 700 657 699 657 686 665 658 660 657 660 656 660 645 665 580 665 568 657 567 657 566 657 565 657 564 657 546 662 529 656 528 656 456 656 455 656 454 656 431 665 387 665 379 658 378 658 377 658 376 658 337 662 337 696"/></Shape>
            <String CONTENT="Deus, ſed latebat· In nobis non erat Deus, ſed in ſeᛘ" HPOS="336" VPOS="656" WIDTH="766" HEIGHT="66"/>
          </TextLine>
          <TextLine ID="line_12" TAGREFS="LT8" BASELINE="336 748 629 748" HPOS="336" VPOS="708" WIDTH="293" HEIGHT="57">
            <Shape><Polygon POINTS="336 759 346 765 347 765 348 765 349 765 350 765 362 760 446 763 447 763 448 763 449 763 449 762 454 758 491 765 492 765 493 765 510 759 574 765 576 765 577 765 593 758 629 758 629 748 629 710 578 708 577 708 576 708 574 708 563 715 515 716 507 709 507 708 506 708 505 708 504 708 469 713 464 709 463 709 462 709 461 709 460 709 448 715 415 708 414 708 413 708 391 717 336 717 336 748"/></Shape>
            <String CONTENT="tantum· Ideo addit" HPOS="336" VPOS="708" WIDTH="293" HEIGHT="57"/>
          </TextLine>
        </TextBlock>
        <TextBlock HPOS="119.0" VPOS="525.0" WIDTH="210.0" HEIGHT="210.0" ID="block_6" TAGREFS="BT3519">
          <Shape><Polygon POINTS="329 525 329 735 119 735 119 525"/></Shape>
          <TextLine ID="line_13" TAGREFS="LT8" BASELINE="124 566 326 564" HPOS="123" VPOS="525" WIDTH="203" HEIGHT="60">
            <Shape><Polygon POINTS="279 525 272 525 254 536 231 536 211 525 210 525 208 525 123 528 124 566 124 584 174 579 223 585 224 585 225 585 240 578 305 584 306 584 307 584 326 577 326 564 324 536 294 536 282 525 279 525"/></Shape>
            <String CONTENT="Iudicium hu¬" HPOS="123" VPOS="525" WIDTH="203" HEIGHT="60" WC="0.9999871353308359"/>
          </TextLine>
          <TextLine ID="line_14" TAGREFS="LT8" BASELINE="127 617 325 613" HPOS="126" VPOS="584" WIDTH="199" HEIGHT="48">
            <Shape><Polygon POINTS="127 617 127 630 164 626 187 632 188 632 189 632 190 632 216 625 240 631 241 631 242 631 243 631 262 626 324 629 325 613 323 592 263 584 262 584 260 584 259 584 259 585 251 592 212 585 211 585 164 593 142 586 141 586 140 586 139 586 126 593 127 617"/></Shape>
            <String CONTENT="manæ ratio¬" HPOS="126" VPOS="584" WIDTH="199" HEIGHT="48" WC="0.9992440017786893"/>
          </TextLine>
          <TextLine ID="line_15" TAGREFS="LT8" BASELINE="125 665 327 668" HPOS="124" VPOS="628" WIDTH="203" HEIGHT="53">
            <Shape><Polygon POINTS="125 665 124 679 325 681 327 668 324 633 320 630 320 629 319 629 318 629 265 629 264 629 263 629 241 636 213 628 212 628 211 628 210 628 190 635 125 634 125 665"/></Shape>
            <String CONTENT="nis de Chri¬" HPOS="124" VPOS="628" WIDTH="203" HEIGHT="53" WC="0.9996889183918635"/>
          </TextLine>
          <TextLine ID="line_16" TAGREFS="LT8" BASELINE="133 718 184 716" HPOS="129" VPOS="669" WIDTH="55" HEIGHT="74">
            <Shape><Polygon POINTS="133 718 133 741 147 743 148 743 149 743 150 743 150 742 162 732 184 729 184 716 179 677 169 677 160 670 160 669 159 669 158 669 156 669 129 673 133 718"/></Shape>
            <String CONTENT="ſto·" HPOS="129" VPOS="669" WIDTH="55" HEIGHT="74"/>
          </TextLine>
        </TextBlock>
        <TextBlock HPOS="523.0" VPOS="783.0" WIDTH="384.0" HEIGHT="55.0" ID="block_7" TAGREFS="BT3518">
          <Shape><Polygon POINTS="907 783 907 838 523 838 523 783"/></Shape>
          <TextLine ID="line_17" TAGREFS="LT8" BASELINE="533 826 899 824" HPOS="532" VPOS="784" WIDTH="367" HEIGHT="62">
            <Shape><Polygon POINTS="849 784 848 784 847 784 846 784 846 785 839 792 825 792 809 784 802 784 794 784 761 791 734 784 729 784 721 784 716 789 707 785 705 785 704 785 703 785 679 791 668 784 667 784 662 784 653 791 643 784 636 784 627 784 607 788 546 784 542 784 532 784 533 826 533 842 601 846 603 846 604 846 605 846 615 838 633 838 651 845 652 845 653 845 655 845 656 845 656 844 663 837 727 837 754 844 755 844 756 844 794 837 804 845 805 845 806 845 807 845 808 845 809 845 818 840 897 845 899 824 897 792 866 792 850 784 849 784"/></Shape>
            <String CONTENT="Qui declaratus." HPOS="532" VPOS="784" WIDTH="367" HEIGHT="62" WC="0.9993958115577698"/>
          </TextLine>
        </TextBlock>
        <TextBlock HPOS="330.0" VPOS="841.0" WIDTH="782.0" HEIGHT="460.0" ID="block_8" TAGREFS="BT3520">
          <Shape><Polygon POINTS="1112 841 1112 1301 330 1301 330 841"/></Shape>
          <TextLine ID="line_18" TAGREFS="LT8" BASELINE="381 878 1102 878" HPOS="381" VPOS="841" WIDTH="721" HEIGHT="58">
            <Shape><Polygon POINTS="1098 841 1088 841 1078 841 1067 841 1057 841 1046 841 1038 841 1030 848 959 848 951 841 943 841 941 841 909 847 859 847 851 841 849 841 839 841 838 841 794 846 776 841 776 841 769 841 761 848 738 848 698 841 693 841 690 841 682 848 504 848 470 841 464 841 454 841 450 841 391 845 384 841 382 841 381 878 381 891 406 898 407 898 408 899 513 899 513 898 514 898 536 892 555 898 556 898 557 898 663 892 678 898 679 898 681 898 709 892 724 898 725 898 726 898 727 898 748 892 841 892 849 898 850 898 851 898 852 899 881 899 881 898 882 898 883 898 891 892 954 898 955 898 956 898 972 892 1005 892 1016 898 1017 898 1018 898 1019 898 1050 892 1101 893 1102 878 1102 841 1098 841"/></Shape>
            <String CONTENT="Id eſt, potenter &amp; efficaciter in cordibus noſtris" HPOS="381" VPOS="841" WIDTH="721" HEIGHT="58" WC="0.9897777760028839"/>
          </TextLine>
          <TextLine ID="line_19" TAGREFS="LT8" BASELINE="335 930 1106 927" HPOS="334" VPOS="888" WIDTH="772" HEIGHT="61">
            <Shape><Polygon POINTS="335 930 335 949 372 941 541 949 542 949 543 949 563 942 660 948 661 948 662 948 694 940 726 947 727 947 840 940 874 947 875 947 876 947 894 939 911 946 912 946 913 946 954 939 1000 947 1001 947 1002 947 1035 939 1053 945 1054 945 1055 945 1105 938 1106 927 1104 898 1029 898 1016 892 1015 892 1014 892 987 897 973 890 972 890 971 890 927 897 906 888 905 888 904 888 858 894 762 889 761 889 760 889 737 898 679 889 623 889 622 889 621 889 590 899 567 890 566 890 565 890 564 890 532 899 465 899 453 890 452 890 451 890 450 890 390 899 334 894 335 930"/></Shape>
            <String CONTENT="percrebuit ipſum eſſe filium Dei· Niſi enim poten¬" HPOS="334" VPOS="888" WIDTH="772" HEIGHT="61"/>
          </TextLine>
          <TextLine ID="line_20" TAGREFS="LT8" BASELINE="334 982 1107 978" HPOS="333" VPOS="941" WIDTH="774" HEIGHT="61">
            <Shape><Polygon POINTS="334 982 334 994 378 994 389 1000 390 1000 391 1000 393 1000 394 1000 414 994 434 998 435 998 558 993 587 1001 588 1001 589 1001 668 995 677 1001 678 1001 679 1001 681 1002 719 1002 719 1001 859 996 874 1000 875 1000 876 1000 877 1000 901 993 910 1000 911 1000 912 1000 913 1000 1008 991 1070 999 1071 999 1072 999 1107 989 1107 978 1104 941 1050 950 991 945 990 945 989 945 970 950 959 941 958 941 957 941 926 941 925 941 924 941 923 941 911 951 899 945 898 945 897 945 896 945 895 945 883 952 735 952 722 943 721 943 720 943 719 943 629 950 578 943 577 943 576 943 546 952 493 944 492 944 491 944 468 953 424 952 408 944 407 944 406 944 405 944 380 950 370 944 369 944 368 944 367 944 365 944 333 953 334 982"/></Shape>
            <String CONTENT="tia Det corda noſtra uiciſſet, &amp; regeneraſſet, nunquã" HPOS="333" VPOS="941" WIDTH="774" HEIGHT="61" WC="0.989719397491879"/>
          </TextLine>
          <TextLine ID="line_21" TAGREFS="LT8" BASELINE="333 1031 1106 1029" HPOS="332" VPOS="991" WIDTH="774" HEIGHT="61">
            <Shape><Polygon POINTS="333 1031 333 1043 422 1042 470 1051 472 1051 514 1043 526 1051 527 1051 528 1051 529 1052 548 1052 548 1051 550 1051 566 1042 609 1042 621 1051 622 1051 623 1051 624 1052 641 1052 641 1051 642 1051 660 1042 718 1042 729 1050 730 1050 731 1050 733 1051 762 1051 762 1050 763 1050 790 1043 812 1048 813 1048 814 1048 857 1040 870 1050 871 1050 872 1050 873 1051 1055 1051 1055 1050 1105 1039 1106 1029 1104 1000 977 991 976 991 975 991 953 1001 929 1001 879 991 878 991 877 991 851 1000 822 991 821 991 820 991 779 997 761 991 760 991 758 991 757 991 756 991 743 1001 718 1001 699 995 698 995 697 995 696 995 675 1001 650 992 649 992 648 992 647 992 646 992 632 1002 581 1002 569 992 568 992 567 992 540 992 539 992 494 1001 463 996 462 996 420 1001 396 992 395 992 394 992 393 992 391 992 380 1002 332 1002 333 1031"/></Shape>
            <String CONTENT="credere potuiſſemus, hunc uilem hominem eſſe filium" HPOS="332" VPOS="991" WIDTH="774" HEIGHT="61"/>
          </TextLine>
          <TextLine ID="line_22" TAGREFS="LT8" BASELINE="334 1083 511 1079 1103 1079" HPOS="333" VPOS="1043" WIDTH="770" HEIGHT="56">
            <Shape><Polygon POINTS="334 1083 334 1091 369 1099 370 1099 371 1099 398 1089 444 1089 452 1094 453 1094 454 1094 455 1094 456 1094 469 1089 495 1099 496 1099 498 1099 542 1089 568 1089 579 1098 580 1098 581 1098 582 1098 583 1098 601 1089 645 1097 646 1097 647 1097 667 1089 682 1099 683 1099 684 1099 685 1099 686 1099 707 1089 735 1099 736 1099 737 1099 807 1088 876 1088 888 1098 889 1098 891 1098 892 1098 1102 1092 1103 1079 1102 1050 1030 1043 1029 1043 964 1049 955 1043 954 1043 953 1043 909 1043 908 1043 907 1043 906 1043 896 1050 860 1050 716 1050 704 1044 703 1044 702 1044 701 1044 700 1044 691 1051 618 1051 601 1044 600 1044 599 1044 544 1050 486 1044 485 1044 484 1044 483 1044 473 1050 436 1044 435 1044 434 1044 433 1044 422 1051 364 1051 333 1045 334 1083"/></Shape>
            <String CONTENT="Dei· Iam igitur omnes, in quorum cordibus ſpiritus" HPOS="333" VPOS="1043" WIDTH="770" HEIGHT="56" WC="0.9910037207603455"/>
          </TextLine>
          <TextLine ID="line_23" TAGREFS="LT8" BASELINE="334 1132 1106 1129" HPOS="333" VPOS="1090" WIDTH="773" HEIGHT="60">
            <Shape><Polygon POINTS="334 1132 334 1140 403 1140 420 1149 421 1149 422 1149 423 1149 446 1140 499 1146 500 1146 501 1146 520 1141 539 1149 540 1149 541 1150 560 1150 560 1149 561 1149 562 1149 572 1139 610 1139 622 1147 623 1147 624 1147 625 1147 754 1140 778 1147 779 1147 780 1147 781 1147 782 1147 792 1139 871 1138 892 1143 893 1143 894 1143 895 1143 911 1138 921 1144 922 1144 923 1144 924 1144 925 1144 926 1144 934 1139 970 1146 971 1147 1085 1147 1085 1146 1086 1146 1106 1136 1106 1129 1104 1090 1065 1090 1064 1090 1063 1090 1062 1090 1051 1098 1024 1090 1023 1090 1022 1090 1021 1090 997 1099 930 1090 929 1090 928 1090 909 1099 825 1091 824 1091 823 1091 802 1101 738 1101 684 1091 683 1091 682 1091 650 1100 614 1091 613 1091 612 1091 590 1100 583 1093 582 1093 581 1093 548 1092 547 1092 546 1092 519 1101 438 1096 437 1096 410 1101 395 1093 394 1093 393 1093 391 1093 378 1100 343 1094 342 1094 341 1094 339 1094 333 1098 334 1132"/></Shape>
            <String CONTENT="Dei operatur, fateri coguntur, uelint nolint, Chriſtũ" HPOS="333" VPOS="1090" WIDTH="773" HEIGHT="60" WC="0.9915063701294087"/>
          </TextLine>
          <TextLine ID="line_24" TAGREFS="LT8" BASELINE="335 1183 581 1179 1104 1181" HPOS="335" VPOS="1140" WIDTH="769" HEIGHT="59">
            <Shape><Polygon POINTS="335 1183 335 1199 421 1199 421 1198 422 1198 451 1190 593 1195 594 1195 664 1190 686 1198 687 1198 688 1198 689 1198 714 1190 753 1190 770 1198 771 1198 772 1199 772 1198 773 1198 790 1190 825 1190 850 1198 851 1198 852 1198 853 1198 872 1190 901 1198 902 1198 903 1199 992 1199 992 1198 993 1198 1006 1192 1029 1198 1030 1198 1031 1198 1032 1198 1054 1190 1076 1198 1077 1198 1078 1198 1103 1193 1104 1181 1103 1151 1057 1151 1042 1140 1041 1140 1040 1140 1039 1140 1006 1141 1005 1141 1004 1141 995 1150 976 1140 975 1140 974 1140 973 1140 939 1151 910 1151 896 1140 895 1140 894 1140 865 1140 864 1140 862 1140 861 1140 848 1149 807 1140 806 1140 757 1150 697 1140 696 1140 695 1140 671 1150 638 1142 637 1142 636 1142 614 1149 569 1142 568 1142 526 1150 513 1141 512 1141 511 1141 510 1141 509 1141 490 1150 442 1150 421 1140 420 1140 371 1140 370 1140 369 1140 368 1140 356 1151 335 1151 335 1183"/></Shape>
            <String CONTENT="eſſe filium Dei: Deum iuſtum, Chriſtum eſſe iuſtiti¬" HPOS="335" VPOS="1140" WIDTH="769" HEIGHT="59"/>
          </TextLine>
          <TextLine ID="line_25" TAGREFS="LT8" BASELINE="335 1234 578 1230 1101 1232" HPOS="335" VPOS="1192" WIDTH="766" HEIGHT="58">
            <Shape><Polygon POINTS="335 1234 335 1242 390 1242 397 1247 398 1247 399 1247 400 1247 401 1247 414 1242 459 1249 460 1249 520 1242 538 1249 539 1249 540 1249 541 1249 566 1242 684 1242 700 1249 701 1249 702 1249 703 1249 733 1242 767 1242 776 1249 777 1249 778 1249 779 1249 847 1242 887 1242 898 1249 899 1249 900 1249 901 1250 992 1250 992 1249 993 1249 995 1249 1003 1243 1025 1249 1026 1249 1027 1249 1100 1247 1101 1232 1100 1204 1046 1204 1018 1192 1017 1192 1016 1192 1015 1192 985 1203 928 1192 927 1192 870 1203 851 1195 850 1195 849 1195 848 1195 847 1195 838 1203 822 1192 821 1192 820 1192 745 1192 744 1192 743 1192 722 1204 701 1204 666 1192 665 1192 664 1192 621 1200 600 1192 599 1192 548 1192 547 1192 546 1192 545 1192 531 1200 474 1200 463 1193 462 1193 461 1193 460 1193 459 1193 458 1193 447 1201 417 1192 416 1192 415 1192 414 1192 376 1204 335 1204 335 1234"/></Shape>
            <String CONTENT="am: Deum miſericordem, Chriſtum miſericordiam·" HPOS="335" VPOS="1192" WIDTH="766" HEIGHT="58"/>
          </TextLine>
          <TextLine ID="line_26" TAGREFS="LT8" BASELINE="335 1284 983 1278" HPOS="334" VPOS="1241" WIDTH="649" HEIGHT="65">
            <Shape><Polygon POINTS="335 1284 335 1297 387 1306 388 1306 389 1306 420 1297 451 1305 452 1305 453 1305 454 1305 472 1297 490 1305 491 1305 492 1305 493 1305 531 1296 583 1302 584 1302 585 1302 600 1295 623 1295 642 1304 643 1304 644 1305 723 1305 723 1304 724 1304 725 1304 739 1294 764 1294 774 1302 774 1303 775 1303 776 1303 777 1303 827 1294 866 1302 867 1303 953 1303 953 1302 954 1302 983 1291 983 1278 982 1251 955 1241 954 1241 953 1241 952 1241 951 1241 937 1251 866 1251 838 1241 836 1241 835 1241 834 1241 833 1241 821 1252 730 1252 671 1242 670 1242 669 1242 646 1252 626 1242 625 1242 594 1242 593 1242 577 1243 576 1243 574 1243 574 1244 566 1251 554 1243 553 1243 552 1243 515 1243 514 1243 513 1243 512 1243 501 1253 479 1248 478 1248 477 1248 415 1254 405 1245 405 1244 404 1244 403 1244 385 1244 384 1244 383 1244 382 1244 382 1245 372 1254 353 1245 352 1245 351 1245 350 1245 334 1251 335 1284"/></Shape>
            <String CONTENT="In ſumma, Chriſtum eſſe quicquid Deus eſt·" HPOS="334" VPOS="1241" WIDTH="649" HEIGHT="65" WC="0.9900127464816684"/>
          </TextLine>
        </TextBlock>
        <TextBlock HPOS="449.0" VPOS="1314.0" WIDTH="493.0" HEIGHT="59.0" ID="block_9" TAGREFS="BT3518">
          <Shape><Polygon POINTS="942 1314 942 1373 449 1373 449 1314"/></Shape>
          <TextLine ID="line_27" TAGREFS="LT8" BASELINE="462 1358 931 1356" HPOS="461" VPOS="1314" WIDTH="470" HEIGHT="64">
            <Shape><Polygon POINTS="839 1314 838 1314 836 1314 835 1314 834 1314 825 1320 818 1314 815 1314 804 1314 794 1314 783 1314 773 1314 763 1314 761 1314 742 1321 734 1314 731 1314 721 1314 711 1314 700 1314 696 1314 684 1321 671 1314 669 1314 659 1314 648 1314 638 1314 627 1314 617 1314 608 1314 591 1323 528 1323 512 1314 503 1314 492 1314 482 1314 472 1314 461 1314 462 1358 462 1370 527 1368 539 1375 540 1375 541 1375 542 1375 614 1368 638 1375 639 1375 640 1375 678 1369 693 1374 694 1374 695 1374 696 1374 697 1374 707 1368 728 1377 729 1377 730 1378 790 1378 790 1377 791 1377 792 1377 807 1367 828 1367 847 1375 848 1375 893 1377 894 1377 895 1377 931 1367 931 1356 929 1322 849 1322 840 1314 839 1314"/></Shape>
            <String CONTENT="Secundum ſpiritum." HPOS="461" VPOS="1314" WIDTH="470" HEIGHT="64" WC="0.9882227612866296"/>
          </TextLine>
        </TextBlock>
        <TextBlock HPOS="334.0" VPOS="1389.0" WIDTH="783.0" HEIGHT="162.0" ID="block_10" TAGREFS="BT3520">
          <Shape><Polygon POINTS="1117 1389 1117 1551 334 1551 334 1389"/></Shape>
          <TextLine ID="line_28" TAGREFS="LT8" BASELINE="384 1426 1106 1428" HPOS="383" VPOS="1388" WIDTH="723" HEIGHT="60">
            <Shape><Polygon POINTS="1060 1388 1050 1388 1039 1388 1029 1388 1018 1388 1008 1388 998 1388 987 1388 977 1388 974 1388 962 1397 937 1397 917 1388 914 1388 905 1388 895 1397 792 1397 755 1388 748 1388 738 1388 727 1388 717 1388 715 1388 681 1393 671 1388 665 1388 655 1388 644 1388 634 1388 625 1388 612 1395 547 1395 539 1388 530 1388 505 1395 494 1388 488 1388 478 1388 467 1388 460 1388 434 1392 422 1388 415 1388 405 1388 404 1388 384 1394 384 1426 383 1436 462 1447 463 1448 513 1448 513 1447 514 1447 515 1447 528 1438 540 1447 541 1447 542 1447 543 1447 669 1441 733 1447 734 1447 735 1447 736 1447 746 1439 797 1439 874 1448 875 1448 876 1448 902 1440 919 1448 920 1448 921 1448 922 1448 937 1439 1008 1448 1009 1448 1010 1448 1026 1439 1068 1446 1069 1446 1105 1438 1106 1428 1105 1397 1061 1388 1060 1388"/></Shape>
            <String CONTENT="Id est, per quem ſanctificantur omnia· Eſt enim" HPOS="383" VPOS="1388" WIDTH="723" HEIGHT="60" WC="0.9671308930884016"/>
          </TextLine>
          <TextLine ID="line_29" TAGREFS="LT8" BASELINE="337 1479 1105 1478" HPOS="336" VPOS="1437" WIDTH="769" HEIGHT="53">
            <Shape><Polygon POINTS="337 1479 337 1489 1103 1490 1105 1478 1104 1447 1080 1437 1079 1437 1078 1437 1052 1443 1015 1437 1014 1437 1013 1437 1012 1437 999 1449 934 1449 920 1437 919 1437 918 1437 917 1437 915 1437 888 1447 868 1437 867 1437 826 1437 825 1437 824 1437 804 1448 779 1437 778 1437 777 1437 776 1437 740 1448 704 1441 703 1441 671 1448 658 1437 657 1437 656 1437 655 1437 653 1437 627 1449 573 1449 556 1437 555 1437 554 1437 553 1437 491 1440 490 1440 489 1440 481 1448 453 1440 452 1440 451 1440 450 1440 432 1449 415 1449 402 1438 401 1438 400 1438 399 1438 398 1438 374 1447 358 1437 357 1437 356 1437 355 1437 336 1440 337 1479"/></Shape>
            <String CONTENT="Hebraice dictum, Sptritus ſanctificationis, id eſt," HPOS="336" VPOS="1437" WIDTH="769" HEIGHT="53" WC="0.983794794363134"/>
          </TextLine>
          <TextLine ID="line_30" TAGREFS="LT8" BASELINE="339 1529 1113 1529" HPOS="339" VPOS="1488" WIDTH="774" HEIGHT="69">
            <Shape><Polygon POINTS="339 1529 339 1553 479 1556 480 1556 481 1556 482 1556 492 1547 533 1547 559 1556 560 1556 561 1556 562 1556 563 1556 574 1548 620 1547 650 1556 651 1556 652 1557 721 1557 721 1556 773 1547 839 1547 867 1556 868 1556 869 1556 870 1556 871 1556 884 1547 912 1555 913 1555 914 1555 915 1555 932 1547 950 1556 951 1556 952 1557 1002 1557 1002 1556 1003 1556 1018 1547 1087 1547 1111 1556 1113 1529 1113 1499 1057 1499 1040 1489 1039 1489 1038 1489 1037 1489 1019 1498 880 1488 879 1488 878 1488 850 1498 840 1489 839 1489 838 1489 787 1488 786 1488 784 1488 783 1488 771 1499 724 1499 710 1489 709 1489 708 1489 707 1489 705 1489 704 1489 694 1499 668 1499 582 1488 581 1488 520 1496 486 1488 485 1488 484 1488 456 1498 442 1488 441 1488 440 1488 410 1488 409 1488 408 1488 407 1488 395 1499 381 1499 339 1489 339 1529"/></Shape>
            <String CONTENT="qui ſolus ſanctificat, quale &amp; illud eſt· Filius peccaᛘ" HPOS="339" VPOS="1488" WIDTH="774" HEIGHT="69"/>
          </TextLine>
        </TextBlock>
        <TextBlock HPOS="951.0" VPOS="1545.0" WIDTH="159.0" HEIGHT="56.0" ID="block_11" TAGREFS="BT17">
          <Shape><Polygon POINTS="1110 1545 1110 1601 951 1601 951 1545"/></Shape>
          <TextLine ID="line_31" TAGREFS="LT8" BASELINE="953 1581 1109 1584" HPOS="952" VPOS="1544" WIDTH="157" HEIGHT="60">
            <Shape><Polygon POINTS="1088 1544 1078 1544 1067 1544 1057 1544 1046 1544 1044 1546 1041 1544 1036 1544 1026 1544 1015 1544 1009 1544 1001 1546 953 1546 953 1581 952 1601 1008 1604 1009 1604 1010 1604 1011 1604 1028 1593 1049 1593 1054 1599 1055 1599 1055 1600 1056 1600 1057 1600 1058 1600 1086 1594 1093 1599 1094 1599 1095 1599 1096 1599 1097 1599 1108 1593 1109 1584 1109 1547 1088 1544 1088 1544"/></Shape>
            <String CONTENT="ti, id eſt," HPOS="952" VPOS="1544" WIDTH="157" HEIGHT="60"/>
          </TextLine>
        </TextBlock>
      </PrintSpace>
    </Page>
  </Layout>
</alto>
