1180 1876
363.0 91.0 649.0 56.0 COMMENT· POMER·

302.0 158.0 778.0 56.0 iactabundo hæc ſcribit ſpiritu de ſe Paulus, ſed neceſ

304.0 205.0 776.0 65.0 ſario. Proinde non loquitur hic de prædeſtinatione

308.0 256.0 573.0 63.0 (ut in Galatis) ut quidam ſomniarunt.

372.0 328.0 599.0 64.0 ( Quod ante promiſerat.)

350.0 391.0 730.0 54.0 Hæc parentheſi includenda ſunt· Hic uides quod

304.0 435.0 773.0 63.0 ſit Euangelium, in quod ſit ſegregatus Apoſtolus,

304.0 489.0 770.0 58.0 ne habeant quod calumnientur Papiſtæ, qui dicunt,

303.0 537.0 774.0 61.0 ſe quo prædicare Euangeliũ, putantes ſimplicem

302.0 588.0 776.0 61.0 hiſtoriam de Chriſto, per quatuor Euangeliſtas de¬

297 634 778 63 ſcriptam, tantum eſſe Euangelium: reſpicientes́

297 686 779 65 in ſolam literam, non in ſolidam gratiæ Dei promißiᛘ

304.0 738.0 775.0 63.0 onem per Chriſtum· Itaq; non loquitur de omni Euã

305.0 791.0 772.0 58.0 gelio, id eſt, læto nuncio, ſed tantum de Euangelio

305.0 841.0 773.0 61.0 Chriſti· Quid enim peccatori lætius dici poßit, quod

304.0 891.0 772.0 62.0 audiat? quàm, Chriſtus filius Dei tibi natus est, proᛘ

303.0 941.0 773.0 58.0 te paſſus, te ab omni tyrannide Sathanæ redemit·

304.0 991.0 773.0 58.0 Atq; illud uere eſt Euangeliũ, non hiſtoria ſimplex

305.0 1041.0 774.0 60.0 de Chriſto: fruitio igitur eſt Euangelium: eſt pro¬

303.0 1090.0 777.0 63.0 mißio Dei de filio ſuo &c· Interim quoq; hic aduer¬

304.0 1141.0 774.0 62.0 te, ſemper Deum antea promiſiſſe, quæ magnifice

306.0 1196.0 774.0 55.0 & potenter operaturus erat in mundo: ut per hoc

306.0 1241.0 774.0 69.0 conſcientiæ infirmiores non diffidant Verbo, ſed maᛘ

309.0 1295.0 535.0 60.0 gis illi credant, qui ſolus eſt ueritas·

95 628 194 72 Euangeliũ ueᛘ

93 686 196 72 rum quod·

500.0 1353.0 362.0 68.0 Per Prophetas.

359.0 1413.0 724.0 60.0 Indicat per quem promiſſus ſit nobis Chriſtus·

309.0 1460.0 781.0 73.0 Per Prophetas inquit· Sed quorſum attinet, quod ad

982.0 1523.0 96.0 57.0 iecit,
