1187 1845
126 95 650 66 IN EPIST · AD ROM·

67 167 781 61 uerba·Hieronymus hunc locum Prophetæ negligenᛘ

63 213 781 64 tius tranſtulit: ſic igitur clarius, & aptius textum

64 262 777 66 digeres: Et ueniet Syoni redemptor, & ijs qui ſeᛘ

63 314 780 63 auertent ab impietate in lacob, dicit Dominus, & hoc

60 364 784 65 teſtamentum meum ad illos: Spiritus meus qui eſt in te,

60 413 791 63 & uerba mea, quæ dedi in os tuum? non recedent deᛘ

60 466 782 62 ore tuo, & de ore ſeminis tui, & de ore ſeminis ſe¬

61 514 782 66 minis tui, amodo & uſq; in ſempiternum &c· Cum

59 563 781 68 ergo Paulus dixit: Cum abſtulero peccata eorũ, Eſaiã

60 619 747 62 expreßit cum dicit: Spiritus meus qui eſt in te &c¬

61 666 768 65 Nam quid aliud eſt dare Spiritum ſanctum, quàm au¬

62 718 768 64 ferre peccata? Qui ergo hunc habet, & uerba Dei

65 768 776 65 perpetuo in ore, huic remiſſa ſunt omnia peccata,

60 814 772 74 quia id Dei opus eſt. Vbi ſpiritus eſt Domini, ibi est

62 873 151 67 libertas·

787 84 55 72 134

126 938 703 71 Secundum Euangelium quidẽ.

111 1007 726 60 Id eſt, propter præſentem Euangelij prædicatio¬

58 1055 778 60 nem ſunt inimici Dei, ſunt enim excæcati, & inuidẽt

61 1105 774 59 Gentibus gratiam, redibunt tamen aliqui olim ad

60 1156 767 59 Dominum, incipient cognoſcere gratiam, eruntq́;

60 1204 773 60 amici Dei, quemadmodum uos Gentes nunc eſtis.

60 1254 776 64 Dei est conſilium, qui uoluit, ut propter uos qui eraᛘ

59 1303 776 61 tis alieni ab ipſo, abijcerentur, utq́ inſereremini in oliᛘ

59 1354 582 61 uam, qui eratis ex oleaſtro producti.

838 627 208 60 Spiritum ſan¬

838 679 211 56 ctum dare, eſt

841 731 202 61 auferre pec¬

845 814 80 3 cata·

76 1422 751 71 Secundum electionem autem,

106 1485 727 75 Que eſt æterna, & cuius Deũ pœnitere nõ poteſt
