1166 1855
431.0 93.0 606.0 62.0 COMMENT·  POMER·

530.0 163.0 316.0 67.0 Spiritu meo.

119.0 582.0 197.0 62.0 Prædicatore.

120.0 631.0 150.0 67.0 ueri qui.

111.0 1190.0 199.0 52.0 Orare quan¬

111.0 1234.0 193.0 62.0 do debeamus

383.0 226.0 735.0 53.0 Non elementis huius mundi, aut externis operi ¬

332.0 268.0 778.0 66.0 bus, ſed operibus quæ ſequuntur internum ſpiritum·

332.0 320.0 777.0 63.0 Nã ſine illo, mera ſunt hypocriſis. Spiritu Deum is

328.0 370.0 782.0 71.0 colit, qui non ſua quærit, ſed gloriam De', & ſalutem

331.0 428.0 149.0 60.0 proximi·

523.0 479.0 329.0 71.0 In Euangelio.

375.0 544.0 729.0 55.0 Scilicet prædicando·  Quia antea dixit ſe ſeruum

328.0 587.0 776.0 68.0 Chriſti, qui eſt Dominus·  Prædicatio fieri nõ poteſt

326.0 642.0 776.0 59.0 ſine externis: tamen is eſt cultus Deiin ſpiritu, cum

324.0 694.0 777.0 60.0 ſcilicet non adultero Verbum, mea quærendo, ſed tanᛘ

321.0 745.0 775.0 59.0 tum ueritatem illius annuncio·  Quaſi dicat Paulus·

322.0 796.0 778.0 63.0 Sic Deus cor meum finxit, ut nil aliud poßim prædicaᛘ

323.0 841.0 359.0 68.0 re, quàm Euangelium·

450.0 903.0 462.0 62.0 Mentionem faciam.

363.0 963.0 728.0 58.0 Id eſt, Coram Deo ſoleo etiã pro Romanis orare,

319.0 1013.0 772.0 57.0 ubi pro alijs oro·  Oratio quam commendat ſcriptura,

318.0 1061.0 776.0 63.0 eſt deſyderium cordis, non multiloquiũ·  Deſyderiũ

321.0 1116.0 773.0 55.0 pauperum exaudit Deus·  Quare nemo uere orare

324.0 1162.0 769.0 61.0 poteſt, niſi urgeatur neceßitate ad orandum·Quan

321.0 1215.0 773.0 57.0 do ſentis tua mala, tum non potes non orare, etiam

315.0 1262.0 780.0 61.0 dormiens & bibens·  Et hoc eſt quãdo Chriſtus iubet

317.0 1313.0 779.0 59.0 ſine intermißione orare· Quod neſcio, quomodo ex¬

317.0 1365.0 779.0 59.0 poſuerint quidam, nam clauem Dauidis non habue¬

316.0 1411.0 782.0 63.0 runt, de horis ſtatutis·  Et bis pueri facti ſunt, dum

312.0 1465.0 790.0 71.0 uoluerunt eſſe ſapientes, hoc eſt, ſimul non intelli¬

988.0 1531.0 98.0 52.0 gere.
