1213 1850
446.0 93.0 627.0 61.0 COMMENT· POMER·

356.0 159.0 768.0 48.0 nam Dominus nos & illos iudicaturus eſt·Nõ eſt res

355.0 206.0 773.0 62.0 tam aperta & facilis, ſentire cõcupiſcentiam eſſe pecᛘ

354.0 256.0 773.0 57.0 catum: multi deſperare uolebant, ubi in externa pecᛘ

353.0 307.0 774.0 59.0 cata incidiſſent, uſq adeo diuexabantur eorum con¬

355.0 355.0 773.0 62.0 Icientiæ: quis horror, quis luctus, quis cruciatus cõᛘ

370 405 756 62 cientiam uexabit, ubi fontem malorũ & peccatorũ

355.0 457.0 772.0 61.0 omnium, ipſum cor, in quo reſidet tanq̃ regina, cõᛘ

353.0 507.0 769.0 65.0 cupiſcentia, eſſe perſpexeris? grauia ſane ſunt pctã,

353.0 557.0 771.0 62.0 fructus externi concupiſcentiæ, ſed multo grauius,

352.0 609.0 775.0 61.0 eſt ipſa concupiſcentia horum mater· Quæ ſpes ergo

352.0 656.0 776.0 62.0 nobis poterit ulla eſſe ſalutis, ſi non primum condiſcaᛘ

352.0 709.0 774.0 56.0 mus matrem, id eſt, concupiſcentiam damnare? fruᛘ

353.0 754.0 773.0 67.0 ſtra te adflixeris flagris propter filios, qui te ſolicitãt,

353.0 808.0 771.0 58.0 id eſt, externa peccata, ſi non primum matrem ip¬

353.0 857.0 772.0 61.0 ſam cædas, facias́, ne tales liberos pariat· Ridicu¬

353.0 904.0 772.0 65.0 lum eſt, ſi quiſpiam arborum ſuarum, quas forte in

349.0 955.0 777.0 67.0 horto habet plurimas, fructus, cum mali ſint, & puᛘ

350.0 1009.0 776.0 57.0 tres natura, damnet, ſi non magis ipſas arbores euelᛘ

349.0 1056.0 777.0 62.0 lat, excindat́: Hoc eſt, quod hic Paulus tantopere

348.0 1103.0 774.0 66.0 ſudet in deſcriptione, ueri peccati, quod nec natura,

348.0 1153.0 779.0 63.0 nec hypocriſis uidet· Voluit ille, nam ipſum uereba¬

350.0 1205.0 776.0 62.0 tur futurum, ne, ubi tantum in fructus peccati defi¬

352.0 1254.0 775.0 62.0 xiſſemus oculos, in hypocriſin prouolueremur: id́

349.0 1304.0 781.0 67.0 hodie, noſtro periculo experti ſumus· Vide quot ſectas

348.0 1358.0 781.0 62.0 Iuſticiariorum & Hypocritarum, hæc cæcitas protuᛘ

350.0 1404.0 774.0 62.0 lerit, omnes tantum in externa opera reſpiciebant,

349.0 1456.0 780.0 81.0 nemo in cordis malitiam· Quiſ conabatur effuge¬

1025.0 1524.0 95.0 41.0 re &

151.0 418.0 197.0 62.0 Concupiſcenᛘ

146.0 465.0 197.0 74.0 tiæ peccatũ·
