1161 1813
136 81 624 62 IN EPIST· AD ROM·

66 153 770 56 intelliget: uerum certo ſciamus, nos omnes in dam¬

68 200 768 60 natione eſſe natos, nec debere nobis Deum, ut nos

65 252 771 59 ex ea liberet, iuſte ergo omnes damnamur, ſi autem

66 300 770 63 qui ſaluantur, id miſericordiæ & beneficio Dei tri¬

64 346 779 64 buamus neceſſe eſt· Nullum hic audis meritum, nihi

65 400 782 62 in nobis eſſe, quod Deum placatum nobis reddat, id

69 450 778 62 quod ſatis eſt manifeſtum è poſteriore exemplo. Ille

67 501 782 62 ita Deo placet, cui Deus placet, ut inquit Auguſti

69 550 777 62 nus, qui uidens tam diuerſa eius iudicia, dicit: Fiat

67 602 779 60 uoluntas tua. Hoc item in parabola Euangelica Mat¬

68 652 775 60 thei 2o· exprimi uidemus, ubi paterfamiliãs dicit:

68 704 778 58 An non mihi licet facere quod uolo, nunqnid me moᛘ

66 753 781 60 uebit, quod oculus tuus nequam ſit, qui contra bene

66 800 781 63 ficentiam meã toruam dirigit aciem? Blaſphemus es,

65 851 784 67 legem mihi uis præſcribere, aſt ego non quod tu, ſed

69 905 369 62 quod ego uolo, faciam.

204 962 506 64 Ita non eſt uolentis.

127 1012 664 68 Scilicet, hominis ſalus, uel illud quo indiget.

273 1080 374 58 Ne currentis.

121 1138 731 53 Id eſt, annitentis & conantis ſuis omnibus uiri¬

69 1180 783 65 bus- Non Liberum Arbitrium, non noſtra ſancti¬

68 1226 707 70 tas hic quidquam eſt, ſed ſola Dei miſericordia¬

137 1292 712 70 Dicit enim Scriptura, in hocipᛘ

63 1355 371 71 lum excitauite.

240 1420 327 54 Id eſt, magnumfeci·

127 1469 677 76 Vt oſtendã in te potentiã meã.

780 60 57 75 112

856 193 193 2 ᗞamnati ſu¬

857 243 192 2 mus, & ſola

856 290 185 4 misericordia

858 343 152 1 fervamur·
