1174 1838
133 91 622 63 IN EPIST· AD ROM·

68 160 768 60 bliorum. Habuerunt olim Iudæi plus occaſionis damᛘ

69 210 777 61 nandt Euangelij, quàm illi noſtri, illorum enimce¬

68 259 770 61 remoniæ ex Dei Verbo erant inſtitutæ, horũ ex ſtulᛘ

66 309 773 67 tißimis & ineptißimis Monachis ſunt profectæ. Sed

70 364 212 59 uide textum·

167 419 551 62 Oculos, ut non uideant.

118 478 716 59 Id eſt, excæcauit eos Deus, poſteaq contempſe.

72 525 774 67 runt: Dei potentia factũ eſt, ut excæcarentur, eſt́

67 576 769 59 cæcitas eis pœna contemptus Verbi: intellige autem

67 626 771 61 oculos cordis. Item aures, quæ quoq; ſant obturatæ,

71 681 768 51 ut nequeant audire quicquam· Et addidit nõ abs re

141 736 604 56 Vl ad hodiernum diem.

780 87 53 56 117

126 795 715 50 Quaſi diceret, & hodie illud uidetis fieri, adhuc

68 841 779 57 perſeuerant in infidelitate cordis, obturati contra

71 892 767 58 Verbum Dei. Non longius petenda ſunt exempla,

68 939 779 61 ſunt in omniũ oculis: ſcripſit enim Paulus hæc, quæ

67 992 779 60 ſe omnium temporum, in quibus prædicaretur Euãᛘ

69 1043 560 56 gelium, rationibus accommodarent.

844 488 205 57 Cæcitas con¬

847 576 203 3 tempti Verbi

847 592 104 64 pœna·

130 1101 712 64 Et Dauid dicit, Vertatur men¬

69 1161 522 74 ſa illorum in laqueum.

116 1228 731 55 Sed quæ menſa in laqueum uerti poteſt? Ita intelliᛘ

67 1271 777 64 ge: Scriptura Verbum Dei, nunc menſam aut panẽ,

66 1321 783 64 aliãs item, cibum, triticum, & aquam ſapientiæ ſa¬

68 1377 779 58 lutaris, uinum́ optimum uocat. Dicit ergo Dauid:

68 1423 779 64 Scriptura, uel Verbum ſalutis, quod hactenus habueᛘ

67 1475 771 75 runt Iudæi, uertetur eis in perditionem · Erant ipſt
