1184 1873
344 185 784 59 patre noſtro, & domino leſu Chriſto, uenit iſta gra

343 232 778 61 tia & pax, non ab ulla alia creatura, ut Philip.4¬

342 283 781 62 Et pax Dei &c. Item Col·3. Proinde Deo patris no

340 331 779 66 men adſcribit, quia id nomen eſt maieſtatis, quo om¬

340 386 771 57 nis creatura terretur. Sed qui audit nomen patris,

353 430 754 67 non terretur nomine Dei, ſed magis prouocatur, ut

354 477 755 66 Deum fiducialiter accedat. Siquidem pater is eſt, qui

342 529 773 71 diligit filium. Deum nos dilexit, ut Epheſ .1. Ergo

346 583 764 63 accedamus, & nihil nos terreat. Chriſto item nomẽ

335 634 769 59 maieſtatis eſt additum, nam dominum uocat· Idq;

337 683 776 62 ideo factum, quia uidemus ipſum abiectũ & humilia

336 738 776 56 tum propter nos· Ne illud nomẽ, in Chriſto, nos

335 785 778 60 terret, quandoquidem ſcimus ipſum eſſe Dei patris

335 838 778 52 noſtri filium·Imò potius prouocamur, ut ipſum dili

338 889 771 58 gamus. Dominus eſt, quia regnum habet, in quo

334 938 772 63 nos defendat contra Sathanam & mundum. Ergo re

335 990 484 60 cte gratiam & pacem precatur·

422 115 609 58 COMMENT· POMER·

129 489 191 59 Deus cur pa

135 545 185 62 ter dicatur.

383 1106 726 54 Exordium eſt, à gratulatione ductũ, quod in omᛘ

333 1151 777 60 nibus Epiſtolis uides, nam hactenus ſuũ officium comᛘ

332 1201 780 62 mendauit, ut certi eſſemus, Verbũ eſſe Det, nõ homiᛘ

332 1253 780 60 nis, & mißi à Deo, non Pſeudoapoſtoli· Captat aũt

331 1302 782 63 beneuolentiã à ſua perſona, quãdo dicit, ſe gratulari

333 1353 776 63 Romanis· Itẽ à Romanis, quãdo dicit, fidẽ eorũ ubi

335 1403 771 71 prædicari· Ideo & orare ſe pro eis ait, quod eſt oſᛘ

334 1456 321 70 ficium uert Epiſcopi·

592 1045 229 61 Primum.

527 1510 263 82 Per leſum.
