1193 1837
153 87 634 58 IN EPIST· AD ROM·

98 154 761 61 eſt & ſpiritualis, à carne intelligi non poteſt, imò ſoᛘ

93 195 766 66 li ſpiritu, placet: Tonitru quoddã eſt in animo carnaᛘ

94 244 765 68 lis hominis prædeſtinatio, quo uaſtantur & proſter¬

94 296 765 65 nuntur omnia, id eſt, quo tollitur omnis Dei timor elᛘ

97 350 773 64 reuerẽtia, nã dicũt: Si nõ eſt in manu mea ſalus, quid¬

97 401 775 62 uis faciã: Si Deo eſt uiſum, ſaluabor, etiãſi nihil boni

99 450 768 64 faciã, ſin minus, peribo, ettãſi ſanctißima uita fulgeã.

98 502 775 63 His argumentis caro nixa perit, nam ſunt inextrica¬

99 552 780 63 bilia, & ſolui nequeunt, ſiquidem ad iudicia Dei per¬

98 605 777 61 tinent, quæ nobis ſunt incognita. Gratias ergo aga¬

99 654 771 62 mus Deo, qui dedit nobis in Euangelio agnitionẽ ſui

100 704 770 63 Chriſti, quo fidimus, et cui nos totos cõmittimus, cerᛘ

100 752 766 70 to ſcientes, petã noſtra eſſe illius ſanguine ſublata.

812 127 57 0 101

204 829 562 67 Vt ipſe ſit primogenitus.

880 143 196 75 Caro offendt

882 211 194 63 tur prædeſti¬

880 260 193 67 nationis ſen¬

880 309 103 66 tentia·

100 899 773 61 Ipſe natura eſt filius Dei, prior & ante ſecula dilectus

101 953 771 60 patri, nos uero filij adoptione, facti quoq dilecti per

98 1002 780 60 illum patri: eſt tamẽ primogenitus, ut maxime ſit fraᛘ

97 1049 779 66 ter noſter, non eſſemus facti filij Det, niſi ipſe fuiſſet

101 1101 769 62 filius natura, & in quo ſibi cõplacuiſſet pater· Ergo

99 1152 772 60 quocun reſpicias, Chriſtus eſt primogenitus, ſiue

97 1200 776 58 in diuinttatem, nam natura Deus eſt, nos electione

97 1249 769 66 Dij ſumus, ſiue in reſurrectionẽ mortuorũ, ipſe quoq

98 1302 774 59 eſt primogenitus ex mortuis, quando glorificato eo

96 1350 774 61 dictum eſt: Ego hodie genuite: Sede à dextris meis·

94 1401 777 60 Si in creationem reſpicias, eſt primogenitus ante omᛘ

96 1451 774 72 nem creaturam, ut eſt in Coloſ. Vt ſit ipſe primatũ

687 1510 92 59 N 5
