1184 1853
421.0 56.0 640.0 60.0 COMMENT· POMER·

150.0 308.0 181.0 56.0 Conſcientiæ

131.0 357.0 200.0 66.0 carnificina le

134.0 409.0 155.0 87.0 gis opera

337.0 125.0 783.0 59.0 At hæc in textu clarius uideamus, olim, inquit, dũ

339.0 172.0 781.0 62.0 ſerui eratis, & ſub lege, impoßibile erat uos non tiᛘ

338.0 224.0 782.0 61.0 mere Deũ, quem ſciebatis, nõ patrem, ſed iudicẽ eſ¬

338.0 273.0 780.0 60.0 ſe, ita enim docebat uos mala conſcientia, quæ rea

341.0 323.0 770.0 62.0 erat: nolebatis illum accedere cum fiducia, ſed fugie

342.0 374.0 773.0 59.0 batis magno horrore et trepidatione, ſentiebatis onus

341.0 425.0 774.0 59.0 peccati & iram legis, & dum ab ea uos abſolutũ iri,

340.0 476.0 777.0 58.0 per externa opera & hypocriſin putabatis, maiorẽ

339.0 526.0 773.0 59.0 timorem, imò deſperationem incidiſtis, id experti &

341.0 577.0 775.0 57.0 nos ſumus. Nonne & nos ad bona opera agebamur

342.0 626.0 778.0 57.0 propter peccata, ſtatutis Pontificum & carnificum

343.0 676.0 770.0 53.0 Romanenſium: multa fecimus, ieiunando, orando,

342.0 727.0 779.0 58.0 canendo, templa Diuorum ædificando, nunc Diuum

344.0 777.0 777.0 51.0 Iacobum, nunc Veronicam, aut aliud portentum

344.0 825.0 776.0 60.0 inuiſendo, ſed quid promouimus, non potuimus à

349.0 873.0 771.0 66.0 peccatis abſolui: Erat enim tantum ſpiritus ſeruitu¬

349.0 927.0 770.0 61.0 tis, nun pacificatam ſenſimus conſcientiam, quæ

349.0 975.0 771.0 64.0 tamẽ, ubi ſpiritus eſt Dei, & filiorum, tranquillißi

350.0 1030.0 772.0 56.0 ma redditur. An non uerum eſt, quod de ludæis in

349.0 1076.0 776.0 60.0 Nono dicit Apoſtolus: Sectando legem iuſticiæ, ad

349.0 1127.0 770.0 57.0 legem iuſticiæ non peruenimiis· Eundem timorem &

349.0 1175.0 771.0 61.0 in Adam uidemus faiſſe, qui poſt peccatum latuit,

352.0 1228.0 773.0 60.0 fugiens Dei conſpectum, nam ante non erat filius, ſi

349.0 1277.0 777.0 61.0 quidem nunc habebat ſpiritum ſeruitutis. De hoc ti¬

351.0 1327.0 779.0 59.0 more loquitur Iohannes in Epiſtola: Perfecta Chari¬

350.0 1377.0 780.0 58.0 tas foris eijcit timorem. Non fert charitas, ut Deum

349.0 1426.0 782.0 75.0 timeas, quandoquidem ſcis te filium eſſe, accedis hi

1058.0 1485.0 73.0 64.0 lari
