1199 1847
147 93 634 71 IN EPIST· AD ROM·

251 162 411 67 Miſer ego homo.

130 228 724 53 Eſt exclamatio· EX HOC CORPO·

82 273 772 59 re, id eſt, hac carne, ab hoc peccato, nam uideo meᛘ

83 327 772 56 morti per hoc obnoxium fieri: per peccatum enim

85 374 764 60 mors introijt in mundum· Vide quàm doleat Paulus,

89 421 764 68 & homo ſpiritualis eſt ſub lege carnis, uelit ab hac

84 474 661 65 liberart, ſic ſuſpirant ad Deum omnes ſancti·

267 542 419 67 Gratias ago Deo.

141 622 716 60 Antea cum dixerat: Miſer ego homo, reſpexerat

88 671 767 63 Paulus in ſuum peccatum, hic reſpicit in gratiã Dei,

89 723 762 60 q. d. utcun ſæuiat damnatio, mors & peccatum,

91 773 767 60 tamen ſcio me in gratiam Dei, ſuſceptum per Chri¬

92 821 769 63 ſtum: quod ad me attinet, peccatum non poſſum ſu¬

94 873 769 58 perare, cogor deſperare: uerum ubi uideo Deum eſᛘ

92 917 767 64 ſe patrem Chriſti crucifixi, & ita eſſe patrem illius,

90 977 771 60 ut per hoc quo meus ſit pater, quomodo non geſtiã,

94 1023 773 59 quomodo non gaudeam & exultem? ſiquidem iam uiᛘ

95 1074 770 56 deo omne illud peccatum eſſe abolitum & non im¬

89 1125 776 60 putari. Lubens ergo, quia Deus uult, ſuſtinebo in me

97 1176 768 54 peccatum, contranitar, Dei uirtute, non permittã

93 1223 767 60 illi ut dominetur. Hæc omnia eò ſpectant, ut intellt¬

149 1274 661 59 gas, quod dixerat, peccatum in nobis non¬

198 1322 567 63 dum planè eſſe mortuũ, ſed perpetuam

248 1371 472 63 pugnam nobis eſſe cum reli¬

297 1426 366 63 quijs, quemadmodum luᛘ

345 1471 270 59 dæis olim cũ Chaᛘ

413 1526 136 60 nanæis·

903 647 168 55 Gratiæ uis

865 696 203 69 maior pecca¬

866 745 44 58 to·

810 103 37 44 80
