1211 1867
417 108 599 57 COMMENT· POMER·

594 176 242 62 Iudicabit.

382 242 731 56 Id eſt, damnabit te. PER LITERAM¬

384 283 732 68 Qui in ipſa litera es tranſgreſſor, nam non habes

335 337 783 64 in corde tuo quod litera exigit, lex igitur erit tibi in dã

334 385 780 64 nationẽ, quæ debebat eſſe in ſalutem. Sic omnẽ fidu¬

333 436 781 64 ciã aufert à ſanctulis, ut cognoſcant ſe habere cor im

339 491 718 67 purum. Sic Chriſtus de regina Auſtri loquitur.

598 550 209 57 ludæus.

335 606 781 56 Coram Deo iuſtũs eſt, non Iudæus coram mundo·

335 651 779 61 Multi clamant, Domine Domine, ſed in corde non

339 695 778 76 agnoſcũt Deũ patrẽ. Iudæus, cõfitentem ſignificat,

339 748 750 71 non labijs, ſed corde confiteamur nomen Domini¬

336 815 771 59 IN MANIFESTO· In cute corã hominibus·

126 700 202 81 Iudeus confiᛘ

127 763 201 75 tentem ſigniᛘ

132 817 101 60 ficat·

594 864 258 61 In occulto.

373 922 741 59 Id eſt, corde per fidẽ: qui cõfitetur in corde Chriᛘ

336 961 776 73 ſtũ, ſaluus erit·Rom·1o.Ita ludæi nõ intelligebãt

338 1017 772 62 uoluntatem Dei in circunciſione, quam tamẽ Moſes

340 1066 772 63 in Deuteronomio interpretatus eſt , dicebat: Cir¬

336 1120 777 60 cuncidite præputia cordium ueſtrorum. Et Hieremiᛘ

340 1168 602 66 as, Incredulos, incircunciſos adpellauit·

597 1229 295 63 Non litera.

389 1289 723 64 Quæ eſt omne quod foris agi poteſt: Spũs aũt eſt

343 1339 770 59 motio Dei quæ uiuit in corde, qui uere circũcidit cor:

344 1383 771 68 & hanc circunciſionẽ hoies non uident, non eſt ergo

343 1436 774 59 regnũ Dei in obſeruatiõibus externis & elemẽtis mũᛘ

344 1486 774 73 di· Idcirco falluntur, qui Chriſtianũ ab externis iudi¬

1007 1549 100 51 cant ·
