1208 1852
417 99 614 57 COMMENT· POMER·

128 192 191 81 Conſolatio ne

135 262 184 63 ſuccũbamus

139 310 162 76 in malis.

339 165 774 58 ſurrectione abolebuntur, nunc tandem confirmat aniᛘ

341 209 766 61 mos noſtros, aduerſus crucem, & inſultus Sathanæ·

341 262 761 57 q' d- non poteritis conſiſtere in iſta tribulatione &

331 312 779 64 adflictione, ſine patientia: Ideo exemplum patienᛘ

338 364 771 62 tiæ ſumite uobis à totius uniuerſi (quod ipſe crea¬

339 416 768 61 turam uocat) anxia expectatione, in qua, multa

339 466 760 61 cum patientia ſuſtinet, quod impij eo abutantur,

338 516 768 61 & Sathanas pro ſua libidine, ipſum cum memᛘ

336 563 771 64 bris ſuis, id eſt, creaturis impijs in os & rictum pro

335 616 770 61 trudat · Nolite, quæſo, deſperare, non enim uos

340 664 770 63 ſoli patimini externa, habetis conſortes omnes creaᛘ

336 717 773 60 turas in cruce. Præterea, quod hic Paulus creaturam

336 766 766 64 uocat, Philoſophi, uniuerſum, & Moſes cœlum &

336 818 773 61 terram dixere, illa, cum iam omnia ſint corruptioni

336 867 772 66 obnoxia, ſpem habent gloriæ futuræ, non propter

340 919 768 62 ſe, ſed propter nos: erit enim aliquando cœlum noᛘ

335 970 774 60 uum, & terra noua, ut Eſaias dixit: Item, Petrus in

336 1016 774 63 Epiſtola indicauit: Iam ſunt in labore perpetuo, nunᛘ

337 1066 773 62 quàm quieſcunt, ſeruiunt nobis, ferunt etiam male¬

335 1114 778 69 dictionem propter nos, ſed cum expectatione, ſciunt

335 1165 770 68 enim fore, ut aliquando liberemur, quod tum fiet,

339 1216 774 64 quando nos liberabimur perfecte in reſurrectione ul¬

337 1268 775 61 tima à noſtro peecato. Magnum hoc eſt Pauli myſteᛘ

336 1321 778 57 rium, quod tamen nondum comprehendimus, ue¬

337 1369 777 61 rum ſicuti reſurrectio & gloria noſtra, fide tan¬

338 1420 779 60 tum comprehenditur, ita & illud· Docemur præteᛘ

338 1471 780 72 rea, hoc arcano, nos uere dominos eſſe & tan¬

1019 1537 97 59 quam
