1212 1836
428 79 390 55 ST· AD ROM·

93 149 775 55 non exigens, non crucians conſcientias, ſed ſecuras ip

92 193 779 64 ſas reddens, dicit́·Quid eſt, quod affligamini? ut ma£

92 246 777 56 xime peccatum in nobis ſit, tamen illud non obeſt,

93 294 779 60 eſt remiſſum, non poteſt uos occidere. Sic fit, ut ta¬

94 344 778 59 les conſcientiæ ex lege mortis, & ipſa morte, per le

95 392 774 63 gem ſpiritus uiuificantis, in uitã reuocentur· Ideo́

94 443 782 61 conuenientißimo uocabulo, ſpiritum uitæ, eo quod ui

96 493 778 61 uificet cor, appellat. Ita cum ait: Quare non eſt

97 544 778 58 condemnatio in me? Reſpondet, quia lex ſpiritus ui

97 594 778 59 uificantis me, et illuminantis conſcientiam meam, libe

97 644 777 58 rauit me à iure peccati & mortis, id eſt, à ſententia

96 691 773 66 & lege damnationis, cut debebam eſſe obnoxius pro

106 749 244 58 pter peccatum.

828 118 42 0 82

293 806 400 61 Etenim quod lex.

130 865 749 55 Hic nequaquàm ferendum eſt, ut transferas, ea parᛘ

97 910 775 61 te, uerum ſic. Etenim quod lex præſtare non pote¬

103 961 770 56 rat, quãdo (aut ſi mauis, quia) imbecillis erat &c¬

102 1011 770 58 Hic locus uel ſolus ſatis eſſet, ad conuincendos Lib¬

100 1058 778 64 Arb·adſertores, quod lex etiam diuina, imbecillis

99 1112 780 50 erat propter carnem & naturam noſtram, nihil illa

99 1159 774 63 potuit præſtare ad ſalutem ·QVOD· Id eſt,

100 1213 429 60 quain iuſtificationem noſtri·

881 876 161 98 Lib· Arb·

249 1284 471 67 Quia imbecillis erat.

148 1357 731 57 Hebraice dictum eſt, id eſt, non implebatur: exl

106 1404 773 60 gebat illa quidem, at uires non ſuppeditabat, ut imᛘ

98 1454 779 67 pleretur ·In tertio Cap· cõtrariæ ſententiæ eſt Tropus

711 1518 58 48 L2
