1193 1867
459 106 623 72 COMMENT· P

408 178 733 62 Exponit quid ſit, credenti, ne quis ſe excuſet, ueᛘ

359 225 782 67 ludæi, qui gloriabantur ſe ſemen Abrahæ eſſe, quaſi

361 275 778 64 Chriſto nihil opus habeant· Et Gentes, qui ſuas carᛘ

359 325 779 63 nis iuſtitias & uirtutes iactabant·Ex hoc loco at¬

357 377 774 65 tentionis narrationem adgreditur, ex qua propoſitioᛘ

358 426 603 62 nem colligimus, Sola nos fide iuſtificari·

521 484 415 60 luſtitia enim Dei.

406 560 723 66 Hæc diligentißime ſunt ſpectanda, & quo ordine

353 614 778 61 omma connectat·qd· Euangelium aperit nobis ue¬

355 659 774 67 ram iustitiam, qua nos Deus iustificat. Nõ ualent hic

353 709 769 67 iuſtitiæ humanæ, quibus intenti ſunt Hypocritæ &

359 760 768 67 Gentes. Et olim ſemper fuit hæc iuſtitia incognita

353 813 771 66 mundo, niſi quibus reuelata erat, ut Abrahamo, &

352 862 774 63 cæteris. De hac Dauid ſæpe: In tua iuſtitia libera me·

353 911 774 68 Hac nihil eſt dulcius pijs: ſed ea carent impij & iuſtiᛘ

352 963 769 66 tiarij· Verũ cũ talta nos olim in Pſalmis legeremus,

352 1015 774 64 abhorrebat ab ea lectione animus noſter. Ideoq́; cer¬

351 1064 773 62 tum eſt, uocabulũ iuſtitiæ, nunquàm eo tempore nos

353 1113 757 69 intellexiſſe, ne etiam eam iuſtitiam nos habuiſſe¬

140 647 199 84 Euangeliũ ueᛘ

143 715 196 69 ram aperit iuᛘ

146 776 133 61 ſtitiam·

608 1186 176 66 Patefit

399 1247 728 64 Dicit, non fit. q. d. Erat quidem illa iuſtitia ab

352 1297 776 65 æterno apud Deum, ſed non cognoſcebatur, niſi re

354 1348 775 62 uelata. Deinde ita patefit in cordibus noſtris, ut in¬

355 1398 774 65 telligas eam indies in nobis augeri, & nõ ſtatim perᛘ

353 1446 779 67 fecte illius nobis contingere cognitionem· In quo etiᛘ

352 1499 779 68 am ueram fidei rationem & naturam eſt cernere· Eſt

143 1370 201 65 Vera iuſtitia

140 1420 205 68 indies auge¬

143 1485 72 53 tur.

1011 1567 114 48 autem
