1176 1844
392 109 662 70 COMMENT· POMER·

335.0 176.0 788.0 69.0 lauimus in hoc uſ tẽpus, in tenebris errorũ, ſediant,

336.0 217.0 786.0 81.0 quia Euangelij lux effulſit, tenebrarum opera relin¬

337.0 269.0 786.0 80.0 quamus, & faciamus ea quæ ſunt lucis, id eſt, ho¬

338.0 318.0 782.0 78.0 neſta etiam coram mundo. Hactenus nihil retulerat

339.0 375.0 777.0 74.0 nudos incedere, quia nox erat, at quia iam dies illuxit,

340.0 434.0 358.0 69.0 honeſtius ambulemas·

437.0 495.0 485.0 62.0 Nunc enim propius.

371.0 546.0 747.0 65.0 Hæc omnia uſ ad, abiſciamus, ſunt in parentheſi

335.0 597.0 782.0 68.0 collocata, ideo nũc maxime aduigilare debemus, quia

335.0 643.0 773.0 73.0 propius eſt nobis iam ſalus, ꝗ̃ tum cum credebamus,

333.0 691.0 780.0 76.0 id eſt, olim putabamus in alijs quibuſdam rebus huius

333.0 742.0 783.0 72.0 temporis ſalutem conſtitutam, eramusq; incerti de ut

333.0 795.0 783.0 68.0 ta æterna, non habebamus manifeste expreſſam uim

335.0 851.0 781.0 62.0 Euangelij, & remißionem peccatorum: nunc autem

336.0 896.0 780.0 68.0 certo ſcunus, omnia peccata per Chriſtum ſublata,

338.0 948.0 782.0 70.0 quid igitur ſtertimus? quin facimus quod erat Chriſtia

338.0 998.0 781.0 72.0 norum? id eſt, talia opera, quæ ſint fidei, non hy¬

340.0 1059.0 173.0 64.0 pocriſeos·

345.0 1112.0 572.0 68.0 Nox progreſſa eſt.

388.0 1175.0 732.0 60.0 Id eſt, fere finita, iam ſumus in crepuſculo matuᛘ

338.0 1219.0 777.0 67.0 tino ·DIES APPROPINQVAT· Ideſt,

337.0 1271.0 507.0 65.0 Euangelij uirtus, & illuminatio·

473.0 1336.0 449.0 56.0 Abiiciamus igitur .

382.0 1394.0 746.0 56.0 Iam quod impietatis eſt, declinemus, & pulchrio¬

338.0 1439.0 791.0 65.0 ribus induamur, ut homines uideant nos eſſe ſanctos

340.0 1490.0 792.0 82.0 etiam ex ipſis moribus, & conſuetudine quotidiana·

1022.0 1546.0 119.0 71.0 In die
