1170 1849
137 95 647 63 IN EPIST· AD ROM·

804 104 54 68 102

87.0 177.0 775.0 57.0 nos docet: utitur miniſterio ſui Verbi, quod eſt in

86.0 223.0 777.0 59.0 uoce, & litera externa, in gloriam ſui nominis, ut

88.0 276.0 771.0 58.0 per eam dijudicare poßimus, omnes ſpiritus, ne uerᛘ

85.0 324.0 777.0 59.0 bum aliud, ꝗ̃ Det admittamus-Sed hoc modo, eripe¬

83.0 374.0 781.0 61.0 re uult nobis Sathanas purum Verbum, quo erepto, ne

83.0 424.0 783.0 64.0 ceſſe eſt, ut in craſſiores, q̃ unq fuimus tenebras, recidaᛘ

85.0 477.0 777.0 59.0 mus ·Sat ſcimus, q externa litera, & Petrus, uel lo

84.0 525.0 774.0 62.0 hannes nos non illuminent, tamen certi ſumus, ꝙ per

86.0 575.0 774.0 61.0 hæc media, tanq inſtrumẽta, nos Deus illuminet: ſed

85.0 626.0 724.0 64.0 de his ſatis· In hunc uſum habeamus Scripturas,

163.0 687.0 698.0 63.0 Vt per patientiam & conſolatio

85.0 744.0 775.0 70.0 nem ſcripturarũ ſpem habeamus.

135.0 816.0 719.0 46.0 Nam multa, & innumera malain hoc mundo noᛘ

85.0 854.0 766.0 61.0 bis accidunt, quæ debemus ferre patienter, ſi enim

85.0 908.0 767.0 58.0 impatientes fuerimus, Chriſtiani non ſumus: quot¬

85.0 955.0 771.0 65.0 quot fuerunt à condito mundo pij, & Chriſtiani, hi

85.0 1006.0 775.0 62.0 omnes multis tribulationibus ſunt adflicti, ſed quia eas

86.0 1059.0 770.0 58.0 per patientiam, ſpe in Deum firma poſita, uicerũt,

86.0 1108.0 772.0 59.0 ſalui facti ſunt, ut teſtantur exempla ſanctorum

83.0 1157.0 775.0 61.0 à primo Abele, uſq ad eos, qui hodie uiuunt , iuſti:

85.0 1210.0 776.0 57.0 quare etiam Chriſtum per crucem ad uitam intrare

86.0 1264.0 160.0 53.0 oportuit·

861.0 820.0 208.0 57.0 Crux Chri¬

863.0 869.0 189.0 76.0 ſtianorum teſᛘ

865.0 923.0 82.0 68.0 ſera·

151.0 1315.0 710.0 70.0 Deus autem patientiæ & con¬

89.0 1377.0 254.0 66.0 ſolationis.

136.0 1442.0 725.0 57.0 Merito hæc nomina habet Deus, ipſe enim ſolus

84.0 1491.0 775.0 73.0 eſt autor patientiæ, & omnis cõſolationis Scripturis

672.0 1559.0 75.0 64.0 42
