1197 1852
129 92 644 63 IN EPIST· AD ROM·

69 159 771 63 quo in nobis per Adam ſuas radices fixit· Venit ita¬

69 208 772 62 que lex, cum tam olim regnarat peccatum, ſed non

69 257 769 60 ſuerat reputatum ab hominibus, Reyner hats uorᛘ

67 304 775 66 ſunde geacht· Sicut hactenus putauimus ſummam iu¬

69 357 776 59 ſticiam Papiſticos errores· Vbi autem reuelata eſt ira

69 407 769 59 Dei de cœlo, uidemus eſſe huiuſmodi impietatem,

71 457 473 74 ſummam Chriſti abnegationem·

274 561 345 75 Vt abundaret.

125 652 721 61 Quando lex uenit, peccatum inuentum eſt in

68 702 779 58 mundo, nam ab Adam regnarat dormientibus homiᛘ

66 745 771 65 nibus, & non citrantibus illud, uerum lex (ut eſt

72 802 770 59 eius natura) ſtatim illud reuelauit conſcientijs no¬

69 853 777 62 ſtris, ideo́ grauius multo & moleſtius factum eſt

69 902 783 61 hominibus, quàm antea fuerat, quia non ſentieba¬

72 951 780 59 tur, nunc cum ſentitur & cernitur in conſcientijs eoᛘ

69 1002 781 58 rum, parit mirum quendam horrorem mortis & de¬

72 1051 775 64 ſperationis, uelint legem plané non eſſe, quæ no¬

66 1102 783 58 eſtris cupiditatibus obſiſtit, imò murmurant contra

69 1151 778 62 Deum, qui nos lege damnat. Hic, hic eſt penitißt¬

69 1203 777 57 mus adfectus cordium noſtrorum, quem pauci uident·

67 1250 780 66 Inquit ergo, tantum abeſt, ut lex iuſtificet, ideo non

72 1302 771 59 eſt reſpiciendum in opera eius, ſed in Chriſtum·

69 1350 775 59 Lex in hoc primum data eſt, ut reuelet peccatum· Seᛘ

71 1403 775 56 cundo, ut augeat illud: ſed quid dices? Ergo lex maᛘ

67 1444 771 116 lum eſt uscpumoreſpondet eſe ſoncton,ut vides

790 97 42 60 50

848 749 163 69 Lex robin

853 816 133 64 peccati·
