1196 1847
405 81 623 55 COMMENT· POMER·

342 147 771 63 noſtra, iam non mordet nos & affligit ſtimulus mor

343 198 336 59 tis, ipſum peccatum .

344 262 742 71 Propterea quod adfectus carnis.

136 396 212 66 Carnis ſapienᛘ

136 461 70 63 tia·

391 343 726 60 Ecce quicquid ſapit caro, quando ſine ſpiritu Dei

357 426 757 11 & Verbo ſapis, carnaliter ſapis, & ut maxime Verᛘ

343 438 769 65 bum habeas, audias, abuteris co, ſi ſpiritu uacas:

345 490 771 64 ergo quicquid homo intelligit per ſe & rationem huᛘ

346 542 768 58 manam, id totum eſt contra Deum: neq; hic fingere

346 591 770 58 potes ullũ mediũ, dicit enim craßißime: Immicitia

345 641 768 62 eſt aduerſus Deũ, & ſeipſum clarius interpretatur,

363 711 746 72 Nam legi Dei non ſubditur, ne

346 782 298 64 enim poteſt.

155 844 166 62 Lib ·Arb·

393 855 723 55 Egregium hoc eſt Lib. Arb Encomium: nouit

345 902 775 60 Paulus futurum, ut totis buccis quidam diſputaturt eſᛘ

348 952 763 61 ſent de Lib·Arb. defenſuri́ eius partes: nõ poteſt,

346 1006 774 57 inquit, facere & uelle ea quæ Dei ſunt, caro & eius

348 1054 771 57 ſapientia, uelit nolit, cogitur eſſe inimica aduerſus

346 1103 769 58 Deum, nam dicit Chriſtus: Qui uult uenire poſt me,

345 1152 774 58 abneget ſemetipſum: Non dicit carnem, ne & ibi tor

345 1202 779 64 queas Chriſti Verbum, quo ſignificat, quicquid eſt

345 1258 776 55 omnis home, id totum mecum pugnat, inde oramus:

346 1304 780 61 Fiat uoluntas tua, nõ noſtra· Ita ſtultitia fuit, quod

349 1353 775 62 hactenus Monachi, ducti ſua ſapientia & bona in¬

345 1403 764 64 tentione, finxerũt ſecundum ſuas cogitationes Deũ,

344 1453 767 75 cum tamen non uelut fingi, aut forman à nobis, ue¬

1005 1518 97 54 rum.
