1199 1871
134.0 1048.0 214.0 60.0 Summa totius

135.0 1098.0 168.0 60.0 Epistolæ.

432.0 111.0 622.0 56.0 COMMENT· POMER·

345.0 179.0 774.0 53.0 Romanos, non grauatim (ne nos illæ Harpyiæ ante

344.0 225.0 786.0 61.0 uerterẽt) permiſimus Secerio noſtro, uiro ut erudi ¬

344.0 275.0 784.0 60.0 to, ita & fidelt, quàmprimum inuulganda: quæ ta¬

344.0 325.0 783.0 59.0 men à me non ſunt ſcripta, ſed à Doctore Ambroſio

344.0 375.0 778.0 62.0 Maiobano, iam apud Vratislauienſes, ſacri Euangeᛘ

343.0 425.0 784.0 64.0 lij miniſtro, me publice in ſchola non dictante, ſed diᛘ

344.0 479.0 774.0 57.0 cente, excepta: quo fit, ut admirandum ſit potius,

343.0 526.0 781.0 61.0 quod hæc omnia ſic excipi potuerint, quàm accuſariᛘ

345.0 576.0 777.0 60.0 dum, ſi quid alicubi deſyderaueris· Nam ut nobis

345.0 627.0 777.0 59.0 non uacat, ita neq; neceſſarium ducimus, ex ſingulis

342.0 676.0 780.0 63.0 noſtris prælectionibus, ſingulos libros mundo obtruᛘ

343.0 727.0 778.0 58.0 dere· Ego tamen iſta omnia peruidi, in quibus ſic exᛘ

346.0 778.0 771.0 58.0 ceptis, ſi quid eſt, quod probaueris, Doctori Ambroᛘ

345.0 828.0 738.0 62.0 ſio Maiobano, ſecundum Deum refer acceptum·

346.0 878.0 103.0 56.0 Vale·

523 937 401 53 STATVS EPIᛘ

613.0 991.0 239.0 48.0 STOLAE·

344 1041 36 98 I

386 1035 728 56 N primis id obſeruandum in hac Epiſtola, Paulũ

349 1074 761 73 hoc agere, ut omnes homines peccatores, planc́

347.0 1132.0 771.0 59.0 filios iræ, & damnatiõis æternæ eſſe oſtendat· Vbi

345.0 1180.0 773.0 63.0 hoc egit, declarat unde tuſtificemur, nempe ex ſola

346.0 1227.0 767.0 65.0 fide per Chriſtum· Et hic eſt ſtatus huius Epiſtolæ,

344.0 1282.0 774.0 62.0 huc omnia referuntur, quæcun in tota Epiſtola traᛘ

344.0 1333.0 774.0 59.0 ctantur· Pudeat igitur eos, qui alibi quærunt iuſti¬

344.0 1386.0 774.0 54.0 tiam ueram, faciunt autem id omnes homines· Iudæ

344.0 1435.0 774.0 58.0 os nemo ignorat in ſuis Ceremonijs quærere iuſtui¬

341.0 1484.0 777.0 71.0 am, per quod ipſimet inter ſe inuſtos eſſe fatentur.

991.0 1543.0 122.0 52.0 Gentes
