1188 1835
157.0 73.0 624.0 61.0 IN EPIST· AD ROM·

89.0 142.0 772.0 58.0 peccandum, deijcimur ad inferos, omnes iniurias mũᛘ

86.0 185.0 773.0 67.0 di perferimus, non tamen aliã ob cauſſam, niſiut per

85.0 236.0 771.0 67.0 omnia, illius imagini crucis, adſimilati, in eandem

85.0 289.0 771.0 64.0 quo gloriam cum illo conſtituamur. Eſt itaq; opti¬

82.0 341.0 774.0 64.0 mum hoc ab exemplo argumentũ, & utile: Si enim

82.0 388.0 770.0 65.0 naturalis filius paſſus eſt, cur nos non pateremar,

81.0 437.0 778.0 66.0 qui ſumus adoptiui? is ſuo ſpiritu filius eſt Dei, tamen

82.0 487.0 780.0 65.0 cruci ſuffixus eſt, pudeat nos temeritatis & inſipien¬

81.0 540.0 777.0 63.0 tiæ noſtræ, qui crucem detrectamus, quos ille facere

84.0 589.0 635.0 66.0 uult Dei filios, non noſtro, ſed ſuo ſpiritu·

272.0 665.0 329.0 64.0 Nam reputo.

126.0 722.0 726.0 62.0 Argumentum eſt à præmio: tanta, inquit, gloria

79.0 770.0 774.0 62.0 nos expectat, ut nulla cum ea res conferri queat, imò

78.0 820.0 769.0 60.0 & crux quantumuis ſit intolerabilis & calamitoſa,

78.0 869.0 775.0 63.0 uix umbra quædã eſt in collatione huius gloriæ, quæ

76.0 919.0 773.0 63.0 reuelabitur in nobis in reſurrectione. Si igitur pares

76.0 971.0 772.0 58.0 non ſunt adflictiones, taceamus merita operum, mi¬

77.0 1018.0 775.0 64.0 hil meremur, aut operibus noſtris, aut cruce, omnia

78.0 1069.0 773.0 64.0 per gratiã nobis exhibentur. Nam ſi adflictiones proᛘ

77.0 1119.0 773.0 68.0 pter Chriſtum ſuſceptæ, non ſunt condignæ, quando

77.0 1171.0 456.0 62.0 condigna forent noſtra opera?

812.0 87.0 39.0 54.0 93

883.0 899.0 181.0 59.0 Merita no¬

864.0 949.0 199.0 69.0 ſtra nulla ſunt

279.0 1243.0 358.0 68.0 Etenim ſolicita.

122.0 1305.0 728.0 64.0 Multis argumentis hactenus Paulus eam ſententia

75.0 1352.0 773.0 68.0 comprobauit, qua dixit, nihil eſſe in nobis damnatio

71.0 1406.0 766.0 64.0 nis, ut maxime in nobis ſit reliquum peccatum, &

75.0 1454.0 770.0 81.0 peccati ſenſus, carnis adfectus, qui primum in re¬

650.0 1522.0 78.0 52.0 M5
