1199 1848
248 89 531 57 EPIST· AD ROM·

803 131 52 0 49

83 156 766 58 cedimus, & olim quando uiuebamus in iuſticijs no¬

83 202 773 60 ſtris, confitebamur, ieiunebamus, non ob aliud, niᛘ

83 248 772 67 ſi ut auferentur peccata noſtra, & conſcientiæ no¬

80 301 775 65 ſtræ pacificarentur. Sed idem accidit nobis, quod iſra

81 352 773 67 elitis, ut Cap·nono uides, qui ſectantes iuſticiam,

79 405 777 60 ad eam non peruenerunt·Putabamus & nos ex opeᛘ

78 452 777 65 ribus nobis futuram iuſticiam, uerum decepti ſumus:

79 499 774 68 nihil eſt, ut hic fingas Liber·Arb· iuſticiam operum,

80 554 778 64 non conſequeris pacem conſcientiæ, ad tempus falli

81 604 771 64 potes, ad tempus item fingere potes ſanctitatem &

81 658 777 58 pacem, ſed redeunte conſcientia peccati, ubi eſt tua

81 703 778 63 pax & ſanctitas ficta? Redit planè eadem turbatio et

78 756 782 63 inquietudo conſcientiæ, quam antea ſenſeras, dixe¬

77 805 782 65 ras & ſomniaueras tibi pacem, ſed tum uides non eſſe

79 857 778 62 pacem, quia non eſt pax impijs (quales ſunt omnes

77 906 793 61 qui iuſticiam tribuunt operibus, & non fidei in Chriᛘ

79 951 781 74 ſtum)· Eſt ita inſignis commendatio, iuſticiæ fidei

75 1002 784 68 in hoc loco·q·d· Paulus· Experire & quære, in

73 1050 785 75 uenies pacem, quicun credis Chriſtum ſatisfeciſſe

79 1108 779 62 pro peccatis tuis· Habes magiſtram ipſam experien

73 1155 783 70 tiam in corde tuo, quæ te conuincit, tuſticiam eſſe

73 1205 782 67 ex fide, etiam renitente ratione tua & carne, coge¬

72 1255 787 69 ris fateri, & dicere, Ita ſe res habet· Quid hic pluᛘ

73 1304 785 68 ribus teſtibus eges? noſter ſpiritus, ſpiritui Dei dat teᛘ

77 1352 784 69 ſtimonium, quod non ſit alia iuſticia, qua pacem ha¬

79 1405 783 67 bet conſcientia, quàm fidei, ubi ſentimus & credi¬

78 1459 781 85 mus peccatorum remißionem per Chriſtum· Iam cõᛘ

878 954 183 80 Fidel iuſticia·
