1213 1843
144 109 653 63 IN EPIST. AD ROM.

109.0 180.0 768.0 58.0 ſic placuit Patribus & ſanctis uiris in Concilijs: nos

108.0 226.0 768.0 66.0 uero, ut decet Chriſti pauperes, qui beati ſumus,

109.0 274.0 772.0 69.0 iſta nihilifaciamus, nam & Chriſto dicebatur: Dæ¬

110.0 325.0 763.0 67.0 monium habes, quibus Chriſtus dicit: Vos iuſtifi¬

110.0 381.0 490.0 61.0 catis uos coram hominibus &c.

281.0 448.0 410.0 59.0 Et aſſentationem.

156.0 509.0 731.0 59.0 Nihil omiſit, ut illos exprimat, inſtituunt enim

112 548 775 72 magnificas prædicationes, aut contiones ad plebem

112 602 776 66 de Libero Arbitrio, bonis operibus, Orationibus

110.0 654.0 777.0 66.0 Brigittæ, de Angelorum choris, de pœnis infero¬

113.0 708.0 773.0 64.0 rum, Roſario, aut alijs nugis, quibus egregie uulgo

112.0 758.0 775.0 63.0 os ſublinunt: aiunt præterea & ſe prædicare grati¬

112.0 804.0 778.0 66.0 am, tum id uarijs faciunt rationibus, quia re ipſa gra

115.0 855.0 770.0 64.0 tiam negant: ideo diligenter nobis ſunt obſeruandi,

114.0 906.0 774.0 63.0 ne & hodie eorum perſuaſionibus magnificis, ſedu¬

115.0 956.0 772.0 63.0 camur, uidemus enim innumeros feré eſſe, qui innu¬

119.0 1010.0 769.0 62.0 mera quo confingant & doceant: non cauebimus

115.0 1057.0 774.0 63.0 eos uero, niſi Dominus nos conſeruet, nemo poteſt

116.0 1107.0 774.0 62.0 dijudicare, hoc meridiet Dæmonium, præter ſpiritum

119.0 1159.0 773.0 59.0 Dei. Caue illos, qui ſanctitatem & patientiam iacti¬

119.0 1206.0 771.0 60.0 tant, tamen docentes Verbo Dei contraria, hi, non

116.0 1255.0 774.0 64.0 alij, ſemper ſeducent mundum, nam hic proprie Dia

120.0 1308.0 741.0 64.0 bolus utitur ſua arte, ut pereant qui audire nolunt·

814 90 60 74 173

894 555 194 65 Preculæ con¬

896 606 87 72 fictæ·

277.0 1381.0 425.0 64.0 Veſtra obedientia.

183 1437 503 77 Scilicet, qua obeditis Euangelio.

719 1502 51 55 Y 5
