<?xml version='1.0' encoding='UTF-8'?>
<alto xmlns:xsi="http://www.w3.org/2001/XMLSchema-instance" xmlns="http://www.loc.gov/standards/alto/ns-v4#" xsi:schemaLocation="http://www.loc.gov/standards/alto/ns-v4# http://www.loc.gov/standards/alto/v4/alto-4-2.xsd">
  <Description>
    <MeasurementUnit>pixel</MeasurementUnit>
    <sourceImageInformation>
      <fileName>10AC1F79_uk4nGb4prF8E1ycu_00265.jpg</fileName>
    </sourceImageInformation>
  </Description>
  <Tags>
    <OtherTag ID="BT7" LABEL="CustomZone" DESCRIPTION="block type CustomZone"/><OtherTag ID="BT8" LABEL="DamageZone" DESCRIPTION="block type DamageZone"/><OtherTag ID="BT9" LABEL="DigitizationArtefactZone" DESCRIPTION="block type DigitizationArtefactZone"/><OtherTag ID="BT10" LABEL="DropCapitalZone" DESCRIPTION="block type DropCapitalZone"/><OtherTag ID="BT11" LABEL="GraphicZone" DESCRIPTION="block type GraphicZone"/><OtherTag ID="BT12" LABEL="MainZone" DESCRIPTION="block type MainZone"/><OtherTag ID="BT13" LABEL="MarginTextZone" DESCRIPTION="block type MarginTextZone"/><OtherTag ID="BT14" LABEL="MusicZone" DESCRIPTION="block type MusicZone"/><OtherTag ID="BT15" LABEL="NumberingZone" DESCRIPTION="block type NumberingZone"/><OtherTag ID="BT17" LABEL="QuireMarksZone" DESCRIPTION="block type QuireMarksZone"/><OtherTag ID="BT18" LABEL="RunningTitleZone" DESCRIPTION="block type RunningTitleZone"/><OtherTag ID="BT19" LABEL="SealZone" DESCRIPTION="block type SealZone"/><OtherTag ID="BT20" LABEL="StampZone" DESCRIPTION="block type StampZone"/><OtherTag ID="BT21" LABEL="TableZone" DESCRIPTION="block type TableZone"/><OtherTag ID="BT22" LABEL="TitlePageZone" DESCRIPTION="block type TitlePageZone"/><OtherTag ID="BT3824" LABEL="MainZone-Continued" DESCRIPTION="block type MainZone-Continued"/><OtherTag ID="BT3825" LABEL="MarginTextZone-Notes" DESCRIPTION="block type MarginTextZone-Notes"/><OtherTag ID="BT3826" LABEL="MainZone-Head" DESCRIPTION="block type MainZone-Head"/><OtherTag ID="BT3827" LABEL="MainZone-P" DESCRIPTION="block type MainZone-P"/>
    <OtherTag ID="LT7" LABEL="CustomLine" DESCRIPTION="line type CustomLine"/><OtherTag ID="LT8" LABEL="DefaultLine" DESCRIPTION="line type DefaultLine"/><OtherTag ID="LT9" LABEL="DropCapitalLine" DESCRIPTION="line type DropCapitalLine"/><OtherTag ID="LT10" LABEL="HeadingLine" DESCRIPTION="line type HeadingLine"/><OtherTag ID="LT11" LABEL="InterlinearLine" DESCRIPTION="line type InterlinearLine"/><OtherTag ID="LT12" LABEL="MusicLine" DESCRIPTION="line type MusicLine"/>
  </Tags>
  <Layout>
    <Page WIDTH="1190" HEIGHT="1840" PHYSICAL_IMG_NR="64" ID="eSc_dummypage_">
      <PrintSpace HPOS="0" VPOS="0" WIDTH="1190" HEIGHT="1840">
        <TextBlock HPOS="146.0" VPOS="99.0" WIDTH="635.0" HEIGHT="61.0" ID="block_1" TAGREFS="BT18">
          <Shape><Polygon POINTS="146 99 781 99 781 160 146 160 146 99"/></Shape>
          <TextLine ID="line_1" TAGREFS="LT8" BASELINE="153 141 388 139 782 145" HPOS="150" VPOS="99" WIDTH="629" HEIGHT="74">
            <Shape><Polygon POINTS="518 99 151 99 150 161 205 165 222 151 259 151 279 164 312 167 325 157 340 170 414 170 432 153 490 153 515 170 556 159 571 170 639 171 673 156 687 170 713 161 726 173 779 173 779 102 518 99"/></Shape>
            <String CONTENT="IN EPIST· AD ROM·" HPOS="150" VPOS="99" WIDTH="629" HEIGHT="74"/>
          </TextLine>
          <TextLine ID="line_2" TAGREFS="LT8" BASELINE="795 145 842 146" HPOS="792" VPOS="101" WIDTH="49" HEIGHT="66">
            <Shape><Polygon POINTS="792 164 838 167 841 145 838 101 814 111 795 105 794 144 792 164"/></Shape>
            <String CONTENT="128" HPOS="792" VPOS="101" WIDTH="49" HEIGHT="66" WC="0.9999431769053141"/>
          </TextLine>
        </TextBlock>
        <TextBlock HPOS="281.0" VPOS="173.0" WIDTH="384.0" HEIGHT="56.0" ID="block_2" TAGREFS="BT3826">
          <Shape><Polygon POINTS="281 173 665 173 665 229 281 229 281 173"/></Shape>
          <TextLine ID="line_3" TAGREFS="LT8" BASELINE="282 217 682 218" HPOS="281.0" VPOS="173.0" WIDTH="401.0" HEIGHT="63.0">
            <Shape><Polygon POINTS="587 173 582 173 575 176 551 173 546 173 536 173 526 173 516 173 512 173 493 177 492 177 491 177 491 178 482 187 474 180 473 180 472 180 471 180 470 180 462 182 450 173 444 173 440 173 430 177 422 173 414 173 403 173 393 173 383 173 374 173 370 177 364 173 362 173 357 173 336 180 335 180 335 181 325 191 282 191 282 217 281 227 300 235 301 235 302 235 355 228 365 235 367 235 368 235 369 235 395 229 473 235 474 235 475 235 476 235 486 228 536 228 544 235 545 235 546 235 547 235 611 228 620 235 621 235 622 235 623 236 652 236 652 235 681 227 682 218 681 192 630 192 610 186 597 173 587 173"/></Shape>
            <String CONTENT="Auditus autem." HPOS="281.0" VPOS="173.0" WIDTH="401.0" HEIGHT="63.0" WC="0.9992096211229052"/>
          </TextLine>
        </TextBlock>
        <TextBlock HPOS="84.0" VPOS="230.0" WIDTH="785.0" HEIGHT="158.0" ID="block_3" TAGREFS="BT3827">
          <Shape><Polygon POINTS="84 230 869 230 869 388 84 388 84 230"/></Shape>
          <TextLine ID="line_4" TAGREFS="LT8" BASELINE="141 268 865 273" HPOS="140.0" VPOS="231.0" WIDTH="725.0" HEIGHT="60.0">
            <Shape><Polygon POINTS="525 231 524 231 523 231 474 239 459 231 458 231 456 231 455 231 454 231 454 232 445 240 432 240 400 231 396 231 392 231 376 239 344 239 333 231 325 231 314 235 299 231 294 231 291 231 279 238 241 238 233 231 233 231 222 231 212 231 202 231 199 231 194 236 180 231 171 231 161 231 151 231 141 231 141 268 140 278 167 279 178 287 179 287 180 287 181 287 245 281 253 287 254 287 255 287 286 288 287 288 425 281 431 286 431 287 432 287 433 287 434 287 472 282 478 287 479 287 480 287 542 289 543 289 544 289 566 282 610 282 623 289 624 289 625 289 703 283 723 291 724 291 725 291 753 285 775 291 776 291 777 291 864 283 865 273 864 234 813 233 812 233 811 233 792 241 764 235 763 235 735 241 721 234 720 234 719 234 718 234 717 234 706 241 665 241 656 233 656 232 655 232 654 232 653 232 612 240 582 234 581 234 536 239 526 231 525 231"/></Shape>
            <String CONTENT="Id eſt, ipſa prædicatio eſt per Verbum Det, nihil" HPOS="140.0" VPOS="231.0" WIDTH="725.0" HEIGHT="60.0" WC="0.9920397242721246"/>
          </TextLine>
          <TextLine ID="line_5" TAGREFS="LT8" BASELINE="88 317 864 322" HPOS="87.0" VPOS="280.0" WIDTH="777.0" HEIGHT="60.0">
            <Shape><Polygon POINTS="88 317 87 329 103 336 104 336 105 336 136 331 150 337 151 337 152 337 253 331 281 338 282 338 283 338 284 338 305 332 319 338 321 338 322 338 395 332 412 338 413 338 476 339 477 339 626 333 663 333 674 340 675 340 676 340 677 340 863 333 864 322 863 292 815 283 814 283 765 291 724 284 723 284 697 289 690 283 689 283 688 283 687 283 685 283 665 291 620 291 607 282 606 282 605 282 544 282 543 282 542 282 520 290 460 290 443 282 442 282 441 282 440 282 422 289 401 282 400 282 399 282 398 282 397 282 387 290 359 290 337 281 336 281 335 281 334 281 317 290 284 290 260 280 259 280 198 280 197 280 196 280 178 288 155 280 154 280 130 280 129 280 128 280 127 280 117 288 88 287 88 317"/></Shape>
            <String CONTENT="enim debet prædicari, præter Verbum Det· Vbi hie" HPOS="87.0" VPOS="280.0" WIDTH="777.0" HEIGHT="60.0" WC="0.9928557189802328"/>
          </TextLine>
          <TextLine ID="line_6" TAGREFS="LT8" BASELINE="95 368 862 374" HPOS="94.0" VPOS="329.0" WIDTH="768.0" HEIGHT="67.0">
            <Shape><Polygon POINTS="95 368 94 390 133 391 134 391 135 391 136 391 144 386 158 391 159 391 160 391 161 391 180 382 223 392 224 392 291 383 381 393 382 393 435 384 467 389 468 389 492 385 515 393 516 393 517 393 565 385 574 392 575 392 576 392 607 395 608 395 646 389 672 393 673 393 674 393 694 386 716 386 733 396 734 396 735 396 736 396 791 395 792 395 793 395 799 390 807 396 808 396 809 396 810 396 811 396 812 396 828 387 860 390 862 374 861 335 785 335 784 335 783 335 764 343 751 335 750 335 749 335 748 335 612 342 599 333 598 333 597 333 596 333 559 342 479 342 407 332 406 332 362 339 341 331 340 331 339 331 286 338 254 331 253 331 206 338 186 330 185 330 184 330 182 330 163 339 130 339 120 330 119 330 118 330 95 329 95 368"/></Shape>
            <String CONTENT="ſunt Regulæ Monachorum, &amp; Canones Papiſtici?" HPOS="94.0" VPOS="329.0" WIDTH="768.0" HEIGHT="67.0" WC="0.9920862046155062"/>
          </TextLine>
        </TextBlock>
        <TextBlock HPOS="145.0" VPOS="402.0" WIDTH="669.0" HEIGHT="57.0" ID="block_4" TAGREFS="BT3826">
          <Shape><Polygon POINTS="145 402 814 402 814 459 145 459 145 402"/></Shape>
          <TextLine ID="line_7" TAGREFS="LT8" BASELINE="153 444 800 447" HPOS="152.0" VPOS="402.0" WIDTH="648.0" HEIGHT="62.0">
            <Shape><Polygon POINTS="760 402 759 402 742 410 708 406 707 406 706 406 685 413 653 402 652 402 651 402 596 406 582 402 582 402 572 402 546 409 528 402 527 402 526 402 525 402 524 402 513 409 489 408 488 408 487 408 486 408 476 415 459 407 458 407 456 407 455 407 438 415 433 409 433 408 432 408 431 408 384 404 383 404 382 404 381 404 367 415 352 415 339 403 338 403 337 403 336 403 335 403 318 407 304 402 296 402 290 402 262 413 233 408 232 408 153 412 153 444 152 455 162 462 163 462 164 462 165 462 236 456 312 462 313 462 314 462 337 456 369 463 370 463 371 463 390 457 409 463 410 463 412 463 439 457 462 463 463 463 464 463 625 458 633 464 634 464 635 464 636 464 799 457 800 447 799 407 761 402 760 402"/></Shape>
            <String CONTENT="Sed dico, an non audierunt ?" HPOS="152.0" VPOS="402.0" WIDTH="648.0" HEIGHT="62.0" WC="0.9836462246520179"/>
          </TextLine>
        </TextBlock>
        <TextBlock HPOS="85.0" VPOS="463.0" WIDTH="788.0" HEIGHT="450.0" ID="block_5" TAGREFS="BT3827">
          <Shape><Polygon POINTS="85 463 873 463 873 913 85 913 85 463"/></Shape>
          <TextLine ID="line_8" TAGREFS="LT8" BASELINE="138 496 864 498" HPOS="136.0" VPOS="463.0" WIDTH="728.0" HEIGHT="53.0">
            <Shape><Polygon POINTS="802 463 792 463 782 463 771 463 761 463 751 463 741 463 730 463 727 463 709 469 702 463 700 463 690 463 679 463 669 463 659 463 649 463 638 463 628 463 618 463 608 463 598 463 587 463 579 463 502 469 493 463 485 463 481 463 467 468 440 463 439 463 438 463 437 463 429 469 349 469 342 463 342 463 332 463 327 463 304 468 224 463 219 463 209 463 199 463 189 463 178 463 176 463 138 467 138 496 136 509 164 515 165 515 240 508 272 515 273 516 339 516 339 515 340 515 359 508 396 513 397 513 398 513 420 508 438 515 439 515 580 516 581 516 632 509 657 516 658 516 659 516 660 516 661 516 670 510 681 515 682 515 683 515 684 515 685 515 695 509 763 509 787 516 788 516 789 516 790 516 791 516 798 510 863 508 864 498 863 470 802 463 802 463"/></Shape>
            <String CONTENT="Eſt Occupatio: Nemo inquit dubitabit de Euan¬" HPOS="136.0" VPOS="463.0" WIDTH="728.0" HEIGHT="53.0" WC="0.9982136329015096"/>
          </TextLine>
          <TextLine ID="line_9" TAGREFS="LT8" BASELINE="96 547 865 547" HPOS="96.0" VPOS="510.0" WIDTH="769.0" HEIGHT="58.0">
            <Shape><Polygon POINTS="96 547 96 567 133 561 142 567 143 567 144 567 145 568 192 568 192 567 193 567 217 560 272 567 273 567 339 560 363 567 364 567 365 567 501 566 502 566 520 560 591 565 592 565 639 561 656 566 657 566 658 566 690 560 737 565 738 565 790 560 804 567 805 567 806 567 865 559 865 547 865 515 803 510 802 510 757 519 718 511 717 511 716 511 702 518 688 513 687 513 685 513 684 513 670 520 551 520 533 512 532 512 531 512 498 519 467 510 466 510 465 510 464 510 429 519 395 510 394 510 393 510 392 510 391 510 376 520 328 520 298 514 297 514 269 518 259 510 258 510 257 510 237 510 236 510 187 519 138 510 136 510 135 510 134 510 124 516 96 516 96 547"/></Shape>
            <String CONTENT="gelij prædicatione, ſiquidem in omnem terram exiuit" HPOS="96.0" VPOS="510.0" WIDTH="769.0" HEIGHT="58.0" WC="0.9983843962351481"/>
          </TextLine>
          <TextLine ID="line_10" TAGREFS="LT8" BASELINE="89 600 864 598" HPOS="88.0" VPOS="561.0" WIDTH="776.0" HEIGHT="60.0">
            <Shape><Polygon POINTS="89 600 89 619 294 613 303 620 304 620 305 620 306 621 328 621 328 620 428 613 472 620 473 620 474 620 475 620 489 612 566 612 581 619 582 619 583 620 634 620 634 619 635 619 636 619 646 612 683 619 684 620 725 620 725 619 726 619 740 613 802 619 803 619 804 619 818 612 863 612 864 598 862 572 829 572 819 564 818 564 817 564 816 564 815 564 791 571 776 564 775 564 774 564 773 564 772 564 762 572 705 572 670 561 669 561 651 561 650 561 649 561 628 572 569 572 553 562 552 562 551 562 550 562 548 562 516 570 480 561 479 561 478 561 477 561 476 561 467 568 445 562 444 562 443 562 442 562 429 568 374 563 373 563 372 563 355 572 339 562 338 562 337 562 336 562 335 562 307 572 272 570 263 562 262 562 261 562 227 562 226 562 225 562 203 572 180 562 179 562 178 562 148 568 100 562 99 562 98 562 97 562 88 567 89 600"/></Shape>
            <String CONTENT="ſonus, uel uox prædicantium Euangelium, &amp; pa¬" HPOS="88.0" VPOS="561.0" WIDTH="776.0" HEIGHT="60.0" WC="0.9851373791694641"/>
          </TextLine>
          <TextLine ID="line_11" TAGREFS="LT8" BASELINE="88 647 865 649" HPOS="88.0" VPOS="612.0" WIDTH="777.0" HEIGHT="55.0">
            <Shape><Polygon POINTS="88 647 88 664 129 659 224 664 225 664 260 658 319 664 321 664 322 664 323 664 331 658 349 665 350 665 351 666 397 666 397 665 398 665 399 665 409 658 429 665 430 665 431 665 474 659 482 665 482 666 483 666 484 666 485 667 512 667 512 666 513 666 541 659 560 666 561 666 562 667 625 667 625 666 704 659 728 666 729 666 730 666 731 666 745 659 773 664 774 664 833 659 849 664 850 664 851 664 852 664 864 658 865 649 864 622 832 622 818 613 817 613 816 613 815 613 763 614 762 614 761 614 751 621 728 613 727 613 639 613 638 613 637 613 636 613 622 622 579 622 569 613 568 613 567 613 566 613 506 618 469 614 468 614 467 614 466 614 458 620 343 614 342 614 341 614 340 614 333 620 315 614 314 614 313 614 312 614 295 621 238 621 221 612 220 612 219 612 218 612 191 620 164 613 163 613 162 613 161 613 160 613 151 620 88 620 88 647"/></Shape>
            <String CONTENT="cem ex Deo: uerum erunt multi, qui tamen Euan¬" HPOS="88.0" VPOS="612.0" WIDTH="777.0" HEIGHT="55.0" WC="0.9845540821552277"/>
          </TextLine>
          <TextLine ID="line_12" TAGREFS="LT8" BASELINE="87 697 866 700" HPOS="87.0" VPOS="663.0" WIDTH="779.0" HEIGHT="56.0">
            <Shape><Polygon POINTS="87 697 87 715 147 709 154 714 155 714 156 714 157 714 202 709 221 715 222 715 223 715 224 715 242 709 284 714 285 714 337 709 345 715 346 715 347 715 348 715 349 715 350 715 357 710 403 715 404 715 428 710 450 717 451 717 452 717 484 711 529 717 530 717 565 710 575 717 576 717 577 717 608 718 609 719 639 719 639 718 641 718 654 711 775 718 776 718 777 718 779 718 789 711 813 711 847 718 848 718 849 718 865 710 866 700 866 672 800 672 783 665 782 665 781 665 780 665 779 665 769 673 722 673 699 665 698 665 635 665 634 665 633 665 607 672 568 664 545 664 544 664 543 664 542 664 534 671 521 664 520 664 519 664 442 670 427 664 426 664 376 664 375 664 374 664 351 671 344 665 343 665 342 665 341 665 315 670 306 663 305 663 304 663 303 663 302 663 276 670 226 665 225 665 189 670 152 663 151 663 87 669 87 697"/></Shape>
            <String CONTENT="gelio non credent. Vides &amp; hodie, quod experientia" HPOS="87.0" VPOS="663.0" WIDTH="779.0" HEIGHT="56.0" WC="0.9969285440444946"/>
          </TextLine>
          <TextLine ID="line_13" TAGREFS="LT8" BASELINE="86 747 863 750" HPOS="85.0" VPOS="711.0" WIDTH="778.0" HEIGHT="58.0">
            <Shape><Polygon POINTS="86 747 85 765 130 766 131 766 169 758 179 766 180 766 181 766 182 766 184 766 207 758 245 758 257 766 258 766 259 766 260 767 326 767 326 766 327 766 328 766 339 759 389 759 399 766 400 766 401 766 402 766 403 766 404 766 415 759 422 764 423 764 424 764 425 765 425 764 426 764 427 764 435 759 511 759 527 767 528 767 529 767 582 760 608 768 609 768 610 769 666 769 666 768 701 760 719 768 720 768 721 769 753 769 753 768 754 768 769 761 854 766 855 766 856 766 857 766 862 761 863 750 860 717 846 722 804 715 803 715 802 715 801 715 793 722 774 717 773 717 772 717 741 722 722 713 721 713 720 713 719 713 705 719 697 713 696 713 695 713 657 713 656 713 655 713 622 721 605 712 604 712 603 712 566 719 557 712 556 712 555 712 525 712 524 712 523 712 522 712 509 721 455 721 441 712 440 712 439 712 438 712 400 720 376 712 375 712 374 712 373 712 351 721 280 711 279 711 278 711 277 711 266 720 129 720 111 711 110 711 109 711 108 711 86 719 86 747"/></Shape>
            <String CONTENT="docet, inuulgato Verbo non haberi fidem, tamen" HPOS="85.0" VPOS="711.0" WIDTH="778.0" HEIGHT="58.0" WC="0.9917138192964636"/>
          </TextLine>
          <TextLine ID="line_14" TAGREFS="LT8" BASELINE="86 799 863 799" HPOS="86.0" VPOS="760.0" WIDTH="777.0" HEIGHT="57.0">
            <Shape><Polygon POINTS="86 799 86 810 107 810 116 817 117 817 118 817 119 817 180 810 248 810 272 817 273 817 275 817 330 810 383 816 384 816 385 816 407 810 427 817 428 817 429 817 430 817 431 817 442 810 460 817 461 817 462 817 516 810 558 810 573 817 574 817 575 817 576 817 595 812 694 817 695 817 696 817 697 817 707 810 731 810 741 817 742 817 743 817 744 817 772 811 825 817 826 817 863 809 863 799 863 771 833 771 817 760 816 760 815 760 814 760 734 765 719 760 718 760 717 760 716 760 715 760 702 771 636 771 608 760 607 760 606 760 605 760 579 770 565 763 564 763 510 760 509 760 508 760 507 760 493 771 464 771 443 760 442 760 441 760 375 770 364 765 363 765 362 765 361 765 349 769 337 760 336 760 335 760 334 760 333 760 332 760 316 770 295 761 294 761 293 761 292 761 257 770 220 760 219 760 218 760 217 760 194 770 176 760 175 760 174 760 125 760 124 760 123 760 86 770 86 799"/></Shape>
            <String CONTENT="teſtimonium habet, etiam ab inimicis, quod ſit Verᛘ" HPOS="86.0" VPOS="760.0" WIDTH="777.0" HEIGHT="57.0"/>
          </TextLine>
          <TextLine ID="line_15" TAGREFS="LT8" BASELINE="89 847 862 850" HPOS="89.0" VPOS="808.0" WIDTH="773.0" HEIGHT="61.0">
            <Shape><Polygon POINTS="89 847 89 864 212 859 221 866 222 866 223 866 224 867 273 867 273 866 275 866 276 866 284 859 318 859 330 866 331 866 332 866 333 866 334 866 355 860 380 867 381 867 382 867 383 867 404 860 414 866 415 866 416 866 417 866 418 866 419 866 427 860 439 867 440 867 441 868 472 868 472 867 473 867 474 867 485 860 593 860 624 860 631 867 632 867 633 867 634 867 635 867 636 867 646 861 667 868 668 868 669 868 760 861 774 868 775 868 776 869 861 869 862 850 861 819 837 819 820 810 819 810 818 810 760 818 696 810 695 810 654 818 645 811 644 811 643 811 642 811 621 815 592 809 529 809 528 809 527 809 526 809 513 818 473 818 462 809 461 809 460 809 459 809 410 817 385 809 384 809 383 809 332 817 171 817 134 808 133 808 89 815 89 847"/></Shape>
            <String CONTENT="bũ Det? quare nulla reliqua eis erit excuſatio, damᛘ" HPOS="89.0" VPOS="808.0" WIDTH="773.0" HEIGHT="61.0"/>
          </TextLine>
          <TextLine ID="line_16" TAGREFS="LT8" BASELINE="89 899 653 894" HPOS="88.0" VPOS="857.0" WIDTH="565.0" HEIGHT="61.0">
            <Shape><Polygon POINTS="89 899 89 909 107 917 108 917 109 918 148 918 148 917 149 917 150 917 159 910 197 916 198 916 199 916 200 916 211 909 306 917 307 917 427 916 428 916 445 907 460 914 461 914 462 914 463 914 464 914 464 913 471 907 484 911 485 911 486 911 653 905 653 894 651 866 579 857 578 857 577 857 560 865 540 857 539 857 538 857 489 858 488 858 470 866 402 859 401 859 400 859 377 867 331 859 330 859 329 859 303 868 271 861 270 861 269 861 268 861 259 869 233 869 203 861 202 861 201 861 200 861 169 869 132 861 131 861 88 870 89 899"/></Shape>
            <String CONTENT="nabuntur, quotquot non crediderint·" HPOS="88.0" VPOS="857.0" WIDTH="565.0" HEIGHT="61.0" WC="0.9983881677900042"/>
          </TextLine>
        </TextBlock>
        <TextBlock HPOS="87.0" VPOS="918.0" WIDTH="783.0" HEIGHT="119.0" ID="block_6" TAGREFS="BT3826">
          <Shape><Polygon POINTS="87 918 870 918 870 1037 87 1037 87 918"/></Shape>
          <TextLine ID="line_17" TAGREFS="LT8" BASELINE="150 959 858 957" HPOS="149.0" VPOS="918.0" WIDTH="709.0" HEIGHT="66.0">
            <Shape><Polygon POINTS="722 918 721 918 711 918 701 918 691 918 680 918 677 918 676 918 600 929 548 918 547 918 537 918 527 918 519 918 518 918 517 918 516 918 507 926 437 919 436 919 435 919 409 931 367 931 335 919 334 919 333 919 303 925 283 919 282 919 281 919 280 919 248 930 218 924 217 924 149 931 150 959 150 980 182 984 184 984 185 984 186 984 196 975 208 981 209 981 210 981 259 970 315 970 328 979 329 979 330 979 331 979 332 979 333 979 341 973 377 982 378 982 379 982 380 982 381 982 397 970 449 976 450 976 474 972 495 983 496 983 497 984 567 984 567 983 568 983 569 983 589 970 651 979 652 979 653 979 680 969 714 980 715 980 716 980 717 980 718 980 731 969 763 977 764 977 765 977 766 977 775 973 791 983 792 983 793 983 794 983 857 977 858 957 856 921 750 919 749 919 748 919 729 925 723 918 722 918"/></Shape>
            <String CONTENT="Sed dico, nunquid non cog¬" HPOS="149.0" VPOS="918.0" WIDTH="709.0" HEIGHT="66.0" WC="0.999815603861442"/>
          </TextLine>
          <TextLine ID="line_18" TAGREFS="LT8" BASELINE="94 1024 390 1022" HPOS="93.0" VPOS="970.0" WIDTH="297.0" HEIGHT="69.0">
            <Shape><Polygon POINTS="94 1024 94 1033 199 1039 200 1039 201 1039 214 1033 247 1038 248 1038 308 1033 342 1038 343 1038 390 1030 390 1022 388 987 368 987 349 971 349 970 348 970 347 970 346 970 345 970 344 970 325 985 309 986 292 971 292 970 291 970 290 970 241 970 240 970 170 987 134 987 123 978 122 978 121 978 120 978 119 978 93 987 94 1024"/></Shape>
            <String CONTENT="nouit lſrael." HPOS="93.0" VPOS="970.0" WIDTH="297.0" HEIGHT="69.0" WC="0.9999838150464572"/>
          </TextLine>
        </TextBlock>
        <TextBlock HPOS="86.0" VPOS="1039.0" WIDTH="783.0" HEIGHT="157.0" ID="block_7" TAGREFS="BT3827">
          <Shape><Polygon POINTS="86 1039 869 1039 869 1196 86 1196 86 1039"/></Shape>
          <TextLine ID="line_19" TAGREFS="LT8" BASELINE="139 1074 862 1078" HPOS="138.0" VPOS="1039.0" WIDTH="724.0" HEIGHT="58.0">
            <Shape><Polygon POINTS="833 1039 832 1039 831 1039 825 1045 766 1047 754 1039 753 1039 752 1039 742 1039 731 1039 721 1039 711 1039 701 1039 691 1039 690 1039 689 1039 688 1039 687 1039 680 1044 649 1040 648 1040 647 1040 622 1046 606 1039 605 1039 604 1039 603 1039 588 1046 580 1039 579 1039 578 1039 568 1039 558 1039 547 1039 543 1039 534 1046 519 1039 518 1039 517 1039 516 1039 504 1044 498 1039 496 1039 487 1039 480 1042 466 1039 466 1039 455 1039 450 1039 442 1046 359 1046 349 1039 343 1039 333 1039 323 1039 322 1039 288 1042 256 1039 251 1039 241 1039 231 1039 220 1039 213 1039 200 1044 184 1039 179 1039 169 1039 159 1039 139 1043 139 1074 138 1085 172 1090 173 1090 233 1085 246 1094 247 1094 248 1094 249 1094 325 1086 398 1086 413 1095 414 1095 415 1095 416 1096 476 1096 476 1095 477 1095 478 1095 493 1086 514 1093 515 1093 516 1093 517 1093 539 1087 600 1087 612 1096 613 1096 614 1096 615 1096 616 1096 641 1090 711 1096 712 1096 713 1096 730 1088 755 1097 756 1097 757 1097 839 1088 859 1093 862 1078 861 1044 834 1039 833 1039"/></Shape>
            <String CONTENT="Eſt ubi auditum, quomodo ergo Ifraël potuü" HPOS="138.0" VPOS="1039.0" WIDTH="724.0" HEIGHT="58.0" WC="0.9927988741132948"/>
          </TextLine>
          <TextLine ID="line_20" TAGREFS="LT8" BASELINE="92 1124 861 1127" HPOS="90.0" VPOS="1087.0" WIDTH="771.0" HEIGHT="60.0">
            <Shape><Polygon POINTS="92 1124 90 1143 139 1145 140 1145 141 1145 157 1139 190 1145 191 1145 192 1145 206 1138 256 1138 271 1145 272 1145 273 1145 343 1138 355 1146 356 1146 357 1146 358 1147 497 1147 497 1146 572 1139 663 1147 664 1147 696 1140 722 1147 723 1147 724 1147 725 1147 751 1140 859 1141 861 1127 860 1089 826 1089 825 1089 824 1089 822 1089 811 1099 770 1099 759 1089 758 1089 757 1089 722 1089 721 1089 720 1089 719 1089 711 1095 683 1089 682 1089 681 1089 680 1089 669 1099 607 1099 595 1088 593 1088 592 1088 513 1088 512 1088 511 1088 510 1088 498 1098 362 1098 349 1087 348 1087 347 1087 346 1087 322 1092 285 1087 284 1087 283 1087 282 1087 271 1094 226 1088 225 1088 224 1088 201 1096 92 1096 92 1124"/></Shape>
            <String CONTENT="ignorare? Sed uideamus, quid de hac re Scriptura le" HPOS="90.0" VPOS="1087.0" WIDTH="771.0" HEIGHT="60.0" WC="0.9901168860641181"/>
          </TextLine>
          <TextLine ID="line_21" TAGREFS="LT8" BASELINE="95 1177 225 1173" HPOS="94.0" VPOS="1143.0" WIDTH="131.0" HEIGHT="65.0">
            <Shape><Polygon POINTS="95 1177 95 1208 125 1208 125 1207 126 1207 127 1207 127 1206 146 1187 168 1191 169 1191 170 1191 200 1180 225 1180 225 1173 223 1151 163 1143 162 1143 94 1154 95 1177"/></Shape>
            <String CONTENT="quatur·" HPOS="94.0" VPOS="1143.0" WIDTH="131.0" HEIGHT="65.0"/>
          </TextLine>
        </TextBlock>
        <TextBlock HPOS="227.0" VPOS="1191.0" WIDTH="482.0" HEIGHT="57.0" ID="block_8" TAGREFS="BT3826">
          <Shape><Polygon POINTS="227 1191 709 1191 709 1248 227 1248 227 1191"/></Shape>
          <TextLine ID="line_22" TAGREFS="LT8" BASELINE="240 1236 702 1238" HPOS="239.0" VPOS="1190.0" WIDTH="463.0" HEIGHT="62.0">
            <Shape><Polygon POINTS="649 1190 638 1190 628 1190 618 1190 608 1190 598 1190 587 1190 581 1190 538 1193 534 1190 526 1190 516 1190 506 1190 496 1190 489 1191 487 1190 485 1190 475 1190 465 1190 454 1190 444 1190 434 1190 424 1190 414 1190 403 1190 393 1190 383 1190 373 1190 371 1190 365 1196 332 1196 324 1190 322 1190 311 1190 301 1190 291 1190 281 1190 270 1190 260 1190 250 1190 240 1190 240 1236 239 1244 251 1251 252 1251 253 1251 254 1251 255 1251 263 1245 284 1251 285 1251 286 1251 317 1246 325 1251 326 1251 327 1251 328 1252 388 1252 388 1251 389 1251 405 1245 499 1252 500 1252 501 1252 521 1246 530 1252 531 1252 532 1252 533 1252 570 1246 700 1250 702 1238 701 1197 670 1197 653 1190 649 1190"/></Shape>
            <String CONTENT="Primus Moſes dicit." HPOS="239.0" VPOS="1190.0" WIDTH="463.0" HEIGHT="62.0" WC="0.9947314293761003"/>
          </TextLine>
        </TextBlock>
        <TextBlock HPOS="91.0" VPOS="1254.0" WIDTH="774.0" HEIGHT="155.0" ID="block_9" TAGREFS="BT3827">
          <Shape><Polygon POINTS="91 1254 865 1254 865 1409 91 1409 91 1254"/></Shape>
          <TextLine ID="line_23" TAGREFS="LT8" BASELINE="141 1291 864 1291" HPOS="141.0" VPOS="1254.0" WIDTH="723.0" HEIGHT="57.0">
            <Shape><Polygon POINTS="826 1254 815 1254 805 1254 795 1254 785 1254 774 1254 764 1254 754 1254 744 1254 734 1254 733 1254 731 1254 720 1262 627 1262 614 1256 613 1256 612 1256 587 1261 566 1254 560 1254 550 1254 547 1254 533 1261 514 1254 513 1254 512 1254 474 1261 460 1254 458 1254 447 1254 442 1254 424 1260 404 1254 396 1254 386 1254 385 1254 368 1262 340 1262 329 1254 325 1254 314 1254 304 1254 294 1254 284 1254 273 1254 263 1254 253 1254 243 1254 233 1254 231 1254 141 1256 141 1291 141 1303 211 1302 233 1307 234 1307 235 1307 236 1307 237 1307 245 1302 297 1310 298 1310 299 1310 322 1302 330 1309 330 1310 331 1310 332 1310 333 1311 383 1311 383 1310 384 1310 385 1310 397 1302 408 1310 409 1310 410 1310 412 1310 438 1305 454 1310 455 1310 456 1310 458 1310 459 1310 466 1304 484 1310 485 1310 486 1310 524 1302 534 1310 535 1310 536 1310 537 1311 573 1311 573 1310 574 1310 575 1310 586 1302 674 1302 707 1310 708 1310 709 1311 814 1311 814 1310 864 1301 864 1291 864 1259 833 1254 826 1254"/></Shape>
            <String CONTENT="Id eſt, Moſes, qui primus eſt inter eos, qui ſpiritu" HPOS="141.0" VPOS="1254.0" WIDTH="723.0" HEIGHT="57.0" WC="0.9779913734931213"/>
          </TextLine>
          <TextLine ID="line_24" TAGREFS="LT8" BASELINE="93 1340 864 1342" HPOS="93.0" VPOS="1301.0" WIDTH="771.0" HEIGHT="61.0">
            <Shape><Polygon POINTS="93 1340 93 1359 191 1355 208 1360 209 1360 210 1361 308 1361 308 1360 309 1360 326 1352 472 1352 483 1361 484 1361 485 1361 486 1362 520 1362 520 1361 521 1361 522 1361 530 1355 538 1361 539 1361 540 1361 541 1362 577 1362 577 1361 578 1361 589 1355 599 1361 600 1361 601 1361 602 1361 651 1360 652 1360 653 1360 664 1353 749 1359 750 1359 751 1359 772 1353 833 1353 845 1359 846 1359 847 1359 848 1359 863 1352 864 1342 861 1305 845 1311 796 1302 795 1302 752 1312 707 1312 679 1302 678 1302 643 1302 642 1302 641 1302 623 1311 610 1302 609 1302 608 1302 588 1302 587 1302 586 1302 556 1311 507 1306 506 1306 479 1311 464 1301 463 1301 462 1301 461 1301 437 1302 436 1302 435 1302 425 1311 331 1311 319 1301 318 1301 317 1301 233 1301 232 1301 231 1301 230 1301 218 1309 196 1303 195 1303 194 1303 134 1310 115 1302 114 1302 113 1302 112 1302 93 1309 93 1340"/></Shape>
            <String CONTENT="docente ſcripſerunt, ille quoq; ſignificauit tudæos" HPOS="93.0" VPOS="1301.0" WIDTH="771.0" HEIGHT="61.0" WC="0.9912913383222094"/>
          </TextLine>
          <TextLine ID="line_25" TAGREFS="LT8" BASELINE="94 1393 756 1389" HPOS="94.0" VPOS="1351.0" WIDTH="662.0" HEIGHT="64.0">
            <Shape><Polygon POINTS="756 1389 754 1359 734 1359 725 1352 725 1351 724 1351 723 1351 697 1351 696 1351 695 1351 694 1351 694 1352 687 1359 662 1359 652 1351 651 1351 650 1351 649 1351 648 1351 618 1358 580 1353 579 1353 578 1353 577 1353 570 1359 539 1352 538 1352 537 1352 513 1359 421 1355 420 1355 419 1355 418 1355 413 1359 404 1353 403 1353 402 1353 377 1353 376 1353 375 1353 361 1360 342 1353 341 1353 340 1353 277 1360 209 1354 208 1354 207 1354 206 1354 198 1361 170 1355 169 1355 168 1355 156 1361 141 1354 140 1354 139 1354 138 1354 136 1354 136 1355 128 1362 106 1362 95 1355 94 1393 95 1415 145 1403 225 1403 249 1412 250 1412 251 1412 252 1412 253 1412 253 1411 262 1403 293 1410 294 1410 295 1410 296 1410 309 1402 328 1402 379 1413 380 1413 381 1413 382 1413 396 1402 416 1410 417 1410 418 1411 418 1410 419 1410 439 1402 466 1412 467 1412 468 1412 500 1405 509 1411 509 1412 510 1412 511 1412 512 1413 564 1413 564 1412 565 1412 592 1401 617 1408 618 1408 619 1408 634 1405 642 1411 643 1411 644 1411 645 1412 723 1412 723 1411 724 1411 725 1411 738 1400 748 1405 749 1405 750 1405 751 1405 752 1405 756 1401 756 1389"/></Shape>
            <String CONTENT="noncredituros Verbo, ergo abijciendos eſſe." HPOS="94.0" VPOS="1351.0" WIDTH="662.0" HEIGHT="64.0" WC="0.9975312393765117"/>
          </TextLine>
        </TextBlock>
        <TextBlock HPOS="89.0" VPOS="1412.0" WIDTH="777.0" HEIGHT="120.0" ID="block_10" TAGREFS="BT3827">
          <Shape><Polygon POINTS="89 1412 866 1412 866 1532 89 1532 89 1412"/></Shape>
          <TextLine ID="line_26" TAGREFS="LT8" BASELINE="155 1449 860 1455" HPOS="154.0" VPOS="1411.0" WIDTH="706.0" HEIGHT="74.0">
            <Shape><Polygon POINTS="468 1411 467 1411 447 1418 389 1412 388 1412 326 1417 317 1411 309 1411 291 1417 155 1416 155 1449 154 1475 222 1481 223 1481 224 1481 237 1475 272 1482 273 1483 365 1483 365 1482 367 1482 368 1482 374 1476 382 1482 383 1482 384 1482 385 1482 429 1472 485 1472 522 1484 523 1484 524 1484 525 1484 571 1473 614 1473 635 1485 636 1485 637 1485 638 1485 639 1485 684 1474 697 1479 698 1479 699 1479 726 1475 755 1485 756 1485 757 1485 758 1485 790 1475 858 1479 860 1455 858 1417 754 1419 724 1413 723 1413 694 1419 685 1413 684 1413 683 1413 682 1413 681 1413 667 1420 656 1413 655 1413 654 1413 653 1413 652 1413 630 1420 582 1412 581 1412 580 1412 559 1419 469 1411 468 1411"/></Shape>
            <String CONTENT="Ego ad emulationem prouoca." HPOS="154.0" VPOS="1411.0" WIDTH="706.0" HEIGHT="74.0" WC="0.9924137349481936"/>
          </TextLine>
          <TextLine ID="line_27" TAGREFS="LT8" BASELINE="89 1517 275 1517" HPOS="89.0" VPOS="1476.0" WIDTH="186.0" HEIGHT="72.0">
            <Shape><Polygon POINTS="89 1517 90 1547 108 1543 129 1548 130 1548 131 1548 132 1548 133 1548 154 1536 194 1536 206 1545 207 1545 208 1545 209 1545 210 1545 223 1538 273 1548 275 1517 275 1485 251 1476 250 1476 249 1476 218 1481 197 1476 196 1476 195 1476 93 1485 89 1517"/></Shape>
            <String CONTENT="bouos." HPOS="89.0" VPOS="1476.0" WIDTH="186.0" HEIGHT="72.0" WC="0.9991060296694437"/>
          </TextLine>
        </TextBlock>
        <TextBlock HPOS="671.0" VPOS="1534.0" WIDTH="96.0" HEIGHT="64.0" ID="block_11" TAGREFS="BT17">
          <Shape><Polygon POINTS="671 1534 767 1534 767 1598 671 1598 671 1534"/></Shape>
          <TextLine ID="line_28" TAGREFS="LT8" BASELINE="681 1581 751 1583" HPOS="680.0" VPOS="1534.0" WIDTH="71.0" HEIGHT="62.0">
            <Shape><Polygon POINTS="693 1534 682 1534 681 1581 680 1594 749 1596 751 1583 751 1543 694 1534 693 1534"/></Shape>
            <String CONTENT="Q." HPOS="680.0" VPOS="1534.0" WIDTH="71.0" HEIGHT="62.0" WC="0.9998724162578583"/>
          </TextLine>
        </TextBlock>
      </PrintSpace>
    </Page>
  </Layout>
</alto>
