1183 1838
110 81 646 66 EPIST· AD ROM·

65 150 763 58 cant· Conſtat Deo iuſtitia uera, nõ hoibus, & Deus

64 195 767 62 illã laudat & probat, nõ mũdus, qui totus cõtra eam

65 242 765 66 inſanit, quẽadmodũ hodie uidemus, nã nihil eſt ipſi

65 293 762 69 Belial cũ Chriſto filio æterno Dei, qui eſt filius lucis·

270 418 402 50 CAP .III.

80 572 77 3 Gentibus, eſt mendax · Hisreſpondet Paulus ·

167 473 671 58 æc parerga ſunt, & digreßio quædã, in qua obᛘ

176 511 662 71 L I iectioni impiorũ reſpondet· Ex prædictis enim

60 568 778 65 aliquis potuiſſet inferre, Si Gentes æquãtur ludæis, erᛘ

64 617 774 64 go nihil ipſi habent prærogatiui præ illis, cũ Deus nõ

59 663 776 67 fecerit taliter omni nationi, elegit eos in facerdotiũ reᛘ

66 720 772 61 gale, & peculiariter eis cõmiſit Verbũ, igitur aut tu

66 775 769 57 impie doces, aut omnis Scriptura, quæ præfert Iudæos

68 823 675 59 Gentibus, eſt mendax·His reſpondet Paulus·

778 76 47 64 24

268 880 328 66 Quæ utilitas?

81 938 763 59 Scilicet præ Gentibus· MVLTVM· Reſpõdet

64 981 781 66 ad obiecta· Primu, iquit, eis promißiões diuiæ cõmiſſæ

70 1029 775 75 ſũt: magna hæc ẽ gratia, quã ſæpe Prophetæ decãtãt,

67 1081 780 73 quæ olim ludæis oſtenſa eſt, ut hodie nobis per Euanᛘ

68 1130 762 70 geliũ·Quia nõ poteſt fruſtra Verbũ Dei emitti, Eſa¬

845 1171 2 49 teſt emitti·

72 1182 766 69 55.ut maxime nõ oẽs illud ſuſcipiãt, et quẽadmodũ no

70 1232 769 69 ctu in tenebris nemo uidet, niſi ad candelã accenſam·

68 1289 774 58 Ita omnes nihil uidemus ſine Verbo Dei, quod uera eſt

70 1331 771 67 lucerna:et ſicut lucerna nõ omnibus eſt utilis, utpoteᛘ

70 1380 769 70 ſomnolentis & cæcis, ſed ſolũ euigilantibus: Sic Verᛘ

67 1435 774 62 bũ Det excæcatis et ceſſatoribus nihil prodeſt, ſed tanᛘ

66 1484 773 76 tũ ijs quilampadibus accenſis uocẽ ſponſi expectant·

850 1030 198 77 Verbum Dei

852 1093 194 74 fruſtra nõ poᛘ

850 1153 161 70 teſt emitti·
