1200 1845
834 107 57 51 17

173 90 639 71 IN EPIST· AD ROM·

158.0 166.0 721.0 59.0 Quod nunc abſconditum eſt à mundo: qui ſupe¬

98.0 211.0 773.0 60.0 riori Cap· deſcribuntur, à mundo iudicart poſſunt,

99.0 262.0 777.0 61.0 quis enim tales non diceret malos? Sed de his iudiciũ

100.0 311.0 270.0 60.0 eſt abſconditum·

304.0 384.0 371.0 70.0 Qui redditurus.

153.0 446.0 718.0 60.0 Scripturarum ignari huiuſmodi locos arripiunt,

99.0 494.0 777.0 59.0 & uno uerſiculo uolunt pugnare contra totam Scri¬

98.0 544.0 777.0 61.0 Pturam, & hic contra ſcopum totius Epiſtolæ, non

93.0 593.0 779.0 64.0 uidentes præcedentia & ſequentia, dicunt́: Ecce

92.0 640.0 775.0 65.0 hic locus confirmat, ſalutem eſſe ex bonis operibus,

92.0 692.0 778.0 63.0 clamant, intonant, uociferantur: Ergo fides non iuᛘ

91.0 740.0 779.0 63.0 ſtificat, quia & in Pſalmo ſcriptum eſt, Reddet uniᛘ

89.0 792.0 774.0 64.0 cui ſecundum opera ſua· O cæcos homines, qui nõ

88.0 839.0 770.0 70.0 uident fidelẽ facere bona opera, & hunc ſaluari proᛘ

90.0 891.0 769.0 59.0 pter fidem: infidelem uero mala, & hunc damnari

89.0 942.0 778.0 58.0 propter infidelitatem·Spiritus Det regnans in cordiᛘ

86.0 988.0 785.0 65.0 bus noſtris facit bona opera, reliqua ſine ſpiritu Dei

88.0 1039.0 779.0 62.0 ſunt impia, Omnis enim plantatio, quam non plan¬

84.0 1088.0 782.0 64.0 tauit pater cœleſtis, eradicabitur· Porrò, dum ſu¬

84.0 1141.0 778.0 64.0 mus in carne, illa opera tamen pura eſſe non poſſunt

86.0 1192.0 774.0 60.0 propter carnem, quare ne per illa quidem iuſtificari

85.0 1242.0 774.0 61.0 poſſemus· Ita ex fide tantum eſt iuſtitia, nõ ex opeᛘ

85.0 1290.0 771.0 67.0 ribus, quæ teſtimoniũ ſolũ ſunt pij & fidelis cordis·

879.0 813.0 193.0 67.0 Quicquid fit

874.0 860.0 189.0 72.0 ſine ſpũ Dei,

874 917 196 68 eſt impium.

293.0 1361.0 312.0 67.0 His quidem.

126.0 1427.0 727.0 63.0 Diſtributio eſt, aliquibus eſt redditurus uitam·

73.0 1471.0 149.0 67.0 quibus?

696 1531 33 75 C
