1208 1846
430.0 91.0 628.0 52.0 COMMENT· POMER·

361.0 156.0 767.0 58.0 quod eſt Iuſticiariorum, qui legi iuſticiam tribuunt,

361.0 199.0 773.0 63.0 atq; ubl eis dicitur, lex auget peccatum, tantum ab¬

361.0 250.0 773.0 63.0 eſt, ut iuſtificet, inferunt: Ergo eſt inutilis, ſi non iuſtiᛘ

360.0 299.0 775.0 65.0 ficat· Alterum eſt impiorum, à ſiniſtris, qui ubi au¬

360.0 350.0 772.0 63.0 diunt nos liberatos à lege, dicunt: Ergo peccabimus,

359.0 403.0 774.0 58.0 Præterea, ut maxime oſtendat peccatum, tamen damᛘ

359.0 450.0 773.0 64.0 nat nos, ergo eſt mala & peccatum quibus dicitur,

358.0 505.0 771.0 60.0 non probari peccatum, quod oſtenditur per legem,

357.0 551.0 775.0 64.0 ſed cognitionem peccati: quemadmodum in ægrotaᛘ

356.0 599.0 778.0 65.0 res habet, morbus eſt malus, at cognitio morbi bo¬

355.0 650.0 441.0 62.0 na, uerum uide hæc in textu·

406.0 734.0 713.0 65.0 Sed peccatum non cognovi.

360.0 793.0 766.0 58.0 Id eſt, nunquàm ipſum quod uere peccatum eſt,

357.0 843.0 770.0 56.0 & radix craſſorum peccatorum, in externis operiᛘ

359.0 890.0 569.0 61.0 bus ſenſiſſem, niſt id me lex docuiſſet·

433.0 951.0 592.0 61.0 Nam & concupiſcentiam.

398.0 1010.0 731.0 51.0 Lex enim non tantum dicit: Non furaberis, id

360 1046 763 69 eſt, manu ne ſuſtuleris aliena, & non adulteraberis,

355.0 1101.0 773.0 64.0 id eſt, ipſo opere carnis ne inquineris· Verum etiam

355.0 1148.0 774.0 65.0 quod omnium maximum eſt: Non concupiſcas rem et

354.0 1198.0 769.0 67.0 uxorem proximi, id eſt, cor tuum illa non ſpectet,

354.0 1255.0 775.0 60.0 aut appetat, ſecundum naturæ craßitiem: quis hoc

355.0 1299.0 776.0 68.0 dixiſſet eſſe peccatum, cum omnes reſpiciamus tantũ

354.0 1351.0 771.0 66.0 in externa opera? Quid igitur ſunt uires & ingeniã

355.0 1401.0 770.0 65.0 roſtra, ſi caput damnationis noſtræ, id eſt, concu¬

358.0 1457.0 766.0 73.0 piſcentiam in corde, non cernimus & deprehendi¬

1027.0 1520.0 92.0 75.0 mus?

149 1018 188 58 Lex ad adfe¬

151 1073 201 66 ctus pertinet·
