1198 1852
415 78 631 67 COMMENT· POMER·

507.0 146.0 420.0 68.0 Peccatum introiit.

394.0 226.0 717.0 63.0 Id eſt, mors, iuxta hoc: In quacun die comedeᛘ

346.0 278.0 582.0 60.0 ris, id eſt, peccaueris, morte morieris·

482.0 350.0 447.0 59.0 In omnes homines.

393.0 408.0 719.0 57.0 Id eſt, totã Adæ poſteritatem: propagamur enim

344.0 455.0 761.0 61.0 omnes ab Adam, & eodem peccato inquinamur,

344.0 507.0 327.0 63.0 quo ipſe propagator.

545.0 580.0 354.0 69.0 Vſ ad legem.

361.0 638.0 752.0 58.0 Scilicet, Moſi: Occupatio eſt, tamen peccatum

340.0 690.0 773.0 54.0 non uidebatur, ergo non erat peccatum ullum: non

339.0 736.0 774.0 61.0 conſequitur· Sicut abſurdum eſt & hoc: theſaurus nõ

341.0 786.0 775.0 61.0 uidetur, ergo non eſt, nam forte alicubi in terra de¬

342.0 836.0 418.0 63.0 foßus eſt, ut uideri nequeat·

436.0 910.0 570.0 64.0 Peccatum non reputatur.

383.0 972.0 728.0 57.0 Man acht ſeyn nicht. Per legem & prohibitio¬

338.0 1017.0 777.0 64.0 nem peccatt, uidemus peccatum, hac ſublata, tametſi

338.0 1071.0 773.0 53.0 peccatum ſit & maneat, non uidetur peccatum· Cõ

336.0 1116.0 775.0 63.0 feratur hic locus cum ſuperiore, ubi non eſt lex, ibi

336.0 1165.0 777.0 68.0 nec tranſgreßio, eodem enim pertinet quod hic dici

337.0 1218.0 775.0 69.0 tur, peccatum non habebatur pro peccato ante legẽ,

340.0 1267.0 766.0 65.0 Sic hodie quo eramus excæcati, ut etiam amiſſa cogᛘ

338.0 1319.0 711.0 61.0 nitione naturalis legis, ignorauerimus peccatum·

500.0 1396.0 443.0 60.0 Imo regnauit mors.

384 1453 704 87 Ideſt, imperium tenuit, etiam ante legem latam·

1006.0 1509.0 100.0 62.0 In eos
