<?xml version='1.0' encoding='UTF-8'?>
<alto xmlns:xsi="http://www.w3.org/2001/XMLSchema-instance" xmlns="http://www.loc.gov/standards/alto/ns-v4#" xsi:schemaLocation="http://www.loc.gov/standards/alto/ns-v4# http://www.loc.gov/standards/alto/v4/alto-4-2.xsd">
  <Description>
    <MeasurementUnit>pixel</MeasurementUnit>
    <sourceImageInformation>
      <fileName>10AC1F79_uk4nGb4ndm9mSayw_00142.jpg</fileName>
      <fileIdentifier>zip//10AC1F79_100-200.zip/10AC1F79_uk4nGb4ndm9mSayw_00142.jpg</fileIdentifier>
    </sourceImageInformation>
  </Description>
  <Tags>
    <OtherTag ID="BT7" LABEL="CustomZone" DESCRIPTION="block type CustomZone"/><OtherTag ID="BT8" LABEL="DamageZone" DESCRIPTION="block type DamageZone"/><OtherTag ID="BT9" LABEL="DigitizationArtefactZone" DESCRIPTION="block type DigitizationArtefactZone"/><OtherTag ID="BT10" LABEL="DropCapitalZone" DESCRIPTION="block type DropCapitalZone"/><OtherTag ID="BT11" LABEL="GraphicZone" DESCRIPTION="block type GraphicZone"/><OtherTag ID="BT12" LABEL="MainZone" DESCRIPTION="block type MainZone"/><OtherTag ID="BT13" LABEL="MarginTextZone" DESCRIPTION="block type MarginTextZone"/><OtherTag ID="BT14" LABEL="MusicZone" DESCRIPTION="block type MusicZone"/><OtherTag ID="BT15" LABEL="NumberingZone" DESCRIPTION="block type NumberingZone"/><OtherTag ID="BT17" LABEL="QuireMarksZone" DESCRIPTION="block type QuireMarksZone"/><OtherTag ID="BT18" LABEL="RunningTitleZone" DESCRIPTION="block type RunningTitleZone"/><OtherTag ID="BT19" LABEL="SealZone" DESCRIPTION="block type SealZone"/><OtherTag ID="BT20" LABEL="StampZone" DESCRIPTION="block type StampZone"/><OtherTag ID="BT21" LABEL="TableZone" DESCRIPTION="block type TableZone"/><OtherTag ID="BT22" LABEL="TitlePageZone" DESCRIPTION="block type TitlePageZone"/><OtherTag ID="BT3517" LABEL="MainZone-Continued" DESCRIPTION="block type MainZone-Continued"/><OtherTag ID="BT3518" LABEL="MainZone-Head" DESCRIPTION="block type MainZone-Head"/><OtherTag ID="BT3519" LABEL="MarginTextZone-Notes" DESCRIPTION="block type MarginTextZone-Notes"/><OtherTag ID="BT3520" LABEL="MainZone-P" DESCRIPTION="block type MainZone-P"/><OtherTag ID="BT3715" LABEL="text" DESCRIPTION="block type text"/>
    <OtherTag ID="LT7" LABEL="CustomLine" DESCRIPTION="line type CustomLine"/><OtherTag ID="LT8" LABEL="DefaultLine" DESCRIPTION="line type DefaultLine"/><OtherTag ID="LT9" LABEL="DropCapitalLine" DESCRIPTION="line type DropCapitalLine"/><OtherTag ID="LT10" LABEL="HeadingLine" DESCRIPTION="line type HeadingLine"/><OtherTag ID="LT11" LABEL="InterlinearLine" DESCRIPTION="line type InterlinearLine"/><OtherTag ID="LT12" LABEL="MusicLine" DESCRIPTION="line type MusicLine"/><OtherTag ID="LT1349" LABEL="default" DESCRIPTION="line type default"/>
  </Tags>
  <Layout>
    <Page WIDTH="1192" HEIGHT="1851" PHYSICAL_IMG_NR="124" ID="eSc_dummypage_">
      <PrintSpace HPOS="0" VPOS="0" WIDTH="1192" HEIGHT="1851">
        <TextBlock HPOS="408.0" VPOS="110.0" WIDTH="624.0" HEIGHT="53.0" ID="block_1" TAGREFS="BT18">
          <Shape><Polygon POINTS="408 110 1032 110 1032 163 408 163 408 110"/></Shape>
          <TextLine ID="line_1" TAGREFS="LT8" BASELINE="416 146 1032 148" HPOS="435" VPOS="111" WIDTH="597" HEIGHT="55">
            <Shape><Polygon POINTS="927 111 926 111 922 113 909 111 907 111 896 111 886 111 876 111 875 111 872 114 859 111 855 111 845 111 835 111 824 111 814 111 804 111 793 111 783 111 773 111 767 111 764 114 713 113 709 111 701 111 691 111 680 111 670 111 660 111 649 111 639 111 629 111 619 111 608 111 598 111 588 111 578 111 567 111 557 111 547 111 540 111 536 111 526 111 516 111 506 111 501 111 497 112 461 112 460 111 454 111 444 111 435 111 435 144 435 162 461 155 486 160 487 160 488 160 499 155 569 155 590 162 591 162 592 162 593 162 606 155 632 164 633 164 634 164 635 164 636 164 645 156 670 164 671 164 672 164 673 164 696 157 720 164 721 164 723 164 724 164 740 156 761 156 846 165 847 165 848 165 871 157 882 165 883 165 884 165 885 165 932 158 948 165 949 165 950 166 1002 166 1002 165 1003 165 1031 156 1032 148 1030 115 952 115 947 111 937 111"/></Shape>
            <String CONTENT="COMMENT· PIOMER·" HPOS="435" VPOS="111" WIDTH="597" HEIGHT="55"/>
          </TextLine>
        </TextBlock>
        <TextBlock HPOS="334.0" VPOS="179.0" WIDTH="788.0" HEIGHT="148.0" ID="block_2" TAGREFS="BT3517">
          <Shape><Polygon POINTS="334 179 1122 179 1122 327 334 327 334 179"/></Shape>
          <TextLine ID="line_2" TAGREFS="LT8" BASELINE="383 209 1117 218" HPOS="383" VPOS="178" WIDTH="734" HEIGHT="55">
            <Shape><Polygon POINTS="1031 178 1021 178 1020 178 1013 185 980 178 980 178 969 178 967 178 935 185 920 178 918 178 908 178 905 178 886 183 878 178 877 178 867 178 858 178 832 183 819 178 815 178 809 178 797 183 725 183 718 178 712 178 702 178 698 178 678 182 663 178 661 178 651 178 640 178 630 178 620 178 609 178 599 178 589 178 579 178 568 178 558 178 548 178 537 178 527 178 517 178 507 178 496 178 486 178 476 178 465 178 455 178 445 178 435 178 424 178 414 178 404 178 393 178 383 178 383 209 383 225 406 221 417 228 418 228 419 228 420 228 443 224 499 229 500 229 501 229 502 229 514 222 538 222 547 228 548 228 549 228 550 228 586 223 672 230 673 230 674 230 675 230 682 224 707 224 715 230 716 230 717 230 843 233 844 233 845 233 873 226 895 233 896 233 897 233 898 233 922 227 994 227 1021 233 1022 233 1023 233 1116 227 1117 218 1116 187 1034 178 1031 178"/></Shape>
            <String CONTENT="Vt infra Duodecimo docet: Offeramus nos Deo" HPOS="383" VPOS="178" WIDTH="734" HEIGHT="55" WC="0.9942770323088003"/>
          </TextLine>
          <TextLine ID="line_3" TAGREFS="LT8" BASELINE="340 261 1117 268" HPOS="340" VPOS="222" WIDTH="777" HEIGHT="65">
            <Shape><Polygon POINTS="340 261 340 280 408 275 489 282 490 282 491 282 492 282 501 276 543 276 561 283 562 283 563 283 598 277 629 283 630 283 658 277 672 284 673 284 674 284 675 284 700 278 766 284 767 284 768 284 783 278 801 285 802 285 803 285 804 285 805 285 813 279 860 285 861 285 891 279 937 285 938 285 964 280 980 286 981 286 982 286 983 286 984 286 993 280 1004 287 1005 287 1006 287 1007 287 1116 280 1117 268 1117 227 1079 226 1078 226 1077 226 1076 226 1060 236 1014 236 998 225 997 225 996 225 995 225 905 234 892 224 891 224 890 224 889 224 825 230 807 224 806 224 805 224 775 229 734 223 733 223 732 223 731 223 725 228 688 225 687 225 685 225 684 225 675 232 619 222 618 222 559 230 429 230 421 223 420 223 419 223 418 223 340 229 340 261"/></Shape>
            <String CONTENT="&amp; corpore &amp; ſpiritu, id eſt, nihil ſit in uobis, quod" HPOS="340" VPOS="222" WIDTH="777" HEIGHT="65" WC="0.9922324441513926"/>
          </TextLine>
          <TextLine ID="line_4" TAGREFS="LT8" BASELINE="339 309 652 312" HPOS="338" VPOS="271" WIDTH="314" HEIGHT="63">
            <Shape><Polygon POINTS="339 309 338 330 509 327 515 332 515 333 516 333 517 333 588 334 589 334 590 334 591 334 599 328 620 334 621 334 622 334 651 327 652 312 651 284 630 284 616 273 615 273 613 273 612 273 571 278 557 273 556 273 555 273 554 273 532 280 497 273 496 273 448 282 434 271 432 271 431 271 405 271 404 271 403 271 402 271 385 281 339 281 339 309"/></Shape>
            <String CONTENT="non ſeruiat iuſticiæ·" HPOS="338" VPOS="271" WIDTH="314" HEIGHT="63"/>
          </TextLine>
        </TextBlock>
        <TextBlock HPOS="424.0" VPOS="333.0" WIDTH="585.0" HEIGHT="56.0" ID="block_3" TAGREFS="BT3518">
          <Shape><Polygon POINTS="424 333 1009 333 1009 389 424 389 424 333"/></Shape>
          <TextLine ID="line_5" TAGREFS="LT8" BASELINE="445 375 997 380" HPOS="444" VPOS="333" WIDTH="553" HEIGHT="60">
            <Shape><Polygon POINTS="822 333 815 333 805 333 795 333 784 333 774 333 764 333 753 333 749 333 736 345 720 345 711 337 711 336 710 336 709 336 708 336 683 341 670 333 661 333 655 333 621 341 608 333 599 333 596 333 590 337 574 333 573 333 572 333 571 333 556 341 546 333 537 333 527 333 517 333 513 333 494 348 445 348 445 375 444 383 526 388 527 388 528 388 529 388 537 383 557 390 558 390 559 391 630 391 630 390 631 390 644 384 703 391 704 391 739 385 776 392 777 392 841 386 899 393 900 393 996 386 997 380 996 353 969 353 933 334 932 334 931 334 930 334 929 334 913 347 899 343 898 343 897 343 896 343 877 348 823 333 822 333"/></Shape>
            <String CONTENT="Velut ex mortuis uiuen." HPOS="444" VPOS="333" WIDTH="553" HEIGHT="60" WC="0.997647868550342"/>
          </TextLine>
        </TextBlock>
        <TextBlock HPOS="330.0" VPOS="393.0" WIDTH="788.0" HEIGHT="110.0" ID="block_4" TAGREFS="BT3520">
          <Shape><Polygon POINTS="330 393 1118 393 1118 503 330 503 330 393"/></Shape>
          <TextLine ID="line_6" TAGREFS="LT8" BASELINE="389 426 1111 432" HPOS="388" VPOS="393" WIDTH="723" HEIGHT="69">
            <Shape><Polygon POINTS="816 393 764 402 752 393 749 393 743 393 713 402 648 402 633 393 626 393 616 393 605 393 595 393 593 393 584 400 521 400 513 393 513 393 502 393 499 393 483 398 477 393 472 393 461 393 451 393 441 393 440 393 389 397 389 426 388 439 428 440 444 448 445 448 446 448 474 442 509 451 510 451 511 451 512 451 532 443 590 449 591 449 592 449 593 449 603 442 619 454 620 454 621 454 622 454 623 454 624 454 630 449 649 453 651 453 652 453 653 453 665 443 711 443 719 449 719 450 720 450 721 450 723 450 724 450 740 445 769 454 770 454 771 454 772 454 796 444 818 457 819 457 820 457 821 457 822 457 863 446 902 455 904 455 945 453 954 460 954 461 955 461 956 461 1109 462 1111 432 1110 405 1040 405 1029 395 1028 395 1027 395 1026 395 1025 395 1004 401 991 394 990 394 989 394 953 400 917 394 916 394 915 394 895 403 817 393 816 393"/></Shape>
            <String CONTENT="Id eſt, iam reſuſcitati eſtis, &amp; uiuitis: facite er¬" HPOS="388" VPOS="393" WIDTH="723" HEIGHT="69" WC="0.9698636130644724"/>
          </TextLine>
          <TextLine ID="line_7" TAGREFS="LT8" BASELINE="339 478 742 480" HPOS="338" VPOS="443" WIDTH="404" HEIGHT="54">
            <Shape><Polygon POINTS="339 478 338 494 386 489 396 496 398 496 399 496 400 496 438 490 461 496 462 496 463 496 464 496 465 496 465 495 473 489 487 489 646 497 647 497 648 497 649 497 659 491 670 495 671 495 672 495 741 489 742 480 741 453 696 452 688 445 688 444 687 444 685 444 684 444 634 450 618 444 617 444 616 444 615 444 599 449 560 444 559 444 558 444 557 444 557 445 548 452 470 443 468 443 428 451 371 445 370 445 339 450 339 478"/></Shape>
            <String CONTENT="go opera uiua non mortua·" HPOS="338" VPOS="443" WIDTH="404" HEIGHT="54"/>
          </TextLine>
        </TextBlock>
        <TextBlock HPOS="626.0" VPOS="513.0" WIDTH="161.0" HEIGHT="60.0" ID="block_5" TAGREFS="BT3518">
          <Shape><Polygon POINTS="626 513 787 513 787 573 626 573 626 513"/></Shape>
          <TextLine ID="line_8" TAGREFS="LT8" BASELINE="644 561 779 561" HPOS="644" VPOS="514" WIDTH="135" HEIGHT="61">
            <Shape><Polygon POINTS="696 514 685 514 675 514 665 514 655 514 644 514 644 561 644 574 778 575 779 561 779 532 742 530 726 517 725 517 724 517 723 517 721 517 720 517 714 522 696 514 696 514"/></Shape>
            <String CONTENT="Deo." HPOS="644" VPOS="514" WIDTH="135" HEIGHT="61" WC="0.9998933970928192"/>
          </TextLine>
        </TextBlock>
        <TextBlock HPOS="330.0" VPOS="568.0" WIDTH="787.0" HEIGHT="974.0" ID="block_6" TAGREFS="BT3520">
          <Shape><Polygon POINTS="330 568 1117 568 1117 1542 330 1542 330 568"/></Shape>
          <TextLine ID="line_9" TAGREFS="LT8" BASELINE="384 610 1112 614" HPOS="383" VPOS="569" WIDTH="729" HEIGHT="65">
            <Shape><Polygon POINTS="384 610 383 625 455 629 456 629 457 629 458 629 465 624 477 631 478 631 479 631 480 632 507 632 507 631 508 631 509 631 520 624 559 624 571 631 572 631 573 631 654 632 655 632 688 625 706 632 707 632 759 633 760 633 788 627 826 633 827 633 828 633 856 626 874 633 875 633 876 634 914 634 914 633 915 633 930 626 967 634 968 634 998 628 1019 634 1020 634 1021 634 1022 634 1043 627 1062 633 1063 633 1064 633 1111 626 1112 614 1111 581 1053 572 1052 572 1051 572 1037 577 1032 572 1031 572 1030 572 977 572 976 572 974 572 940 582 904 582 890 571 889 571 888 571 887 571 859 572 858 572 857 572 857 573 850 579 835 571 834 571 833 571 832 571 806 582 749 582 696 574 695 574 652 579 633 570 632 570 594 570 593 570 592 570 591 570 578 579 534 570 533 570 494 578 462 569 461 569 460 569 459 569 442 575 384 571 384 610"/></Shape>
            <String CONTENT="Id eſt, ad Dei honorem, quod ubi Paulus admoᛘ" HPOS="383" VPOS="569" WIDTH="729" HEIGHT="65"/>
          </TextLine>
          <TextLine ID="line_10" TAGREFS="LT8" BASELINE="336 658 1114 665" HPOS="335" VPOS="622" WIDTH="779" HEIGHT="61">
            <Shape><Polygon POINTS="336 658 335 669 398 670 404 676 405 676 406 676 407 676 408 676 427 671 435 677 436 677 437 677 438 677 482 672 491 678 492 678 493 678 494 678 495 678 516 673 558 679 559 680 628 680 628 679 629 679 642 673 669 680 670 680 671 680 697 675 742 680 743 680 744 680 761 674 811 681 812 681 849 675 936 682 937 682 1029 677 1039 683 1040 683 1041 683 1042 683 1043 683 1044 683 1051 677 1113 676 1114 665 1114 637 1087 629 1086 629 1061 628 1060 628 1059 628 1058 628 1049 634 1003 627 1002 627 1001 627 973 635 949 630 948 630 947 630 946 630 935 636 884 630 883 630 792 634 782 626 781 626 780 626 760 625 693 625 692 625 691 625 670 634 634 627 633 627 632 627 612 634 560 634 552 627 551 627 550 627 549 627 548 627 532 631 516 623 515 623 514 623 475 632 447 622 446 622 445 622 421 623 420 623 419 623 407 631 336 631 336 658"/></Shape>
            <String CONTENT="net· Eſt enim caro propenſißima, audita prædicatio" HPOS="335" VPOS="622" WIDTH="779" HEIGHT="61"/>
          </TextLine>
          <TextLine ID="line_11" TAGREFS="LT8" BASELINE="335 707 1111 713" HPOS="335" VPOS="673" WIDTH="776" HEIGHT="61">
            <Shape><Polygon POINTS="335 707 335 724 371 720 387 728 388 728 389 728 420 720 428 728 429 728 430 728 431 728 432 728 444 722 463 730 464 730 465 731 530 731 530 730 584 721 712 731 713 731 714 731 738 723 751 731 752 731 753 731 838 726 852 733 853 733 854 734 909 734 909 733 910 733 930 724 1030 731 1031 731 1110 724 1111 713 1110 683 1062 677 1061 677 1013 686 946 686 934 676 933 676 932 676 852 676 851 676 850 676 834 684 800 678 799 678 798 678 782 685 737 685 699 674 698 674 697 674 623 683 591 673 590 673 589 673 335 680 335 707"/></Shape>
            <String CONTENT="ne Euangelij, in illius abuſum, quo blaſphe met Deũ·" HPOS="335" VPOS="673" WIDTH="776" HEIGHT="61"/>
          </TextLine>
          <TextLine ID="line_12" TAGREFS="LT8" BASELINE="380 758 1112 766" HPOS="379" VPOS="722" WIDTH="733" HEIGHT="64">
            <Shape><Polygon POINTS="380 758 379 770 419 777 420 777 421 777 443 771 483 771 489 776 490 776 491 776 492 776 550 772 588 782 589 782 590 782 638 779 639 779 640 779 648 773 678 773 692 783 693 783 694 783 695 783 696 783 713 777 766 783 767 783 768 783 769 783 781 775 814 775 826 783 827 783 828 783 829 783 831 783 854 775 865 784 867 784 868 784 902 785 904 785 976 782 977 782 978 782 988 776 1016 786 1017 786 1018 786 1085 777 1110 782 1112 766 1112 739 1072 729 1071 729 1025 738 983 738 960 728 959 728 958 728 905 736 856 727 855 727 854 727 853 727 842 737 812 737 780 726 779 726 778 726 709 735 685 724 684 724 633 724 632 724 631 724 630 724 619 734 498 734 478 722 477 722 437 722 436 722 435 722 434 722 425 729 380 726 380 758"/></Shape>
            <String CONTENT="Hactenus itaq; ratio &amp; efficacia baptiſmi explicaᛘ" HPOS="379" VPOS="722" WIDTH="733" HEIGHT="64"/>
          </TextLine>
          <TextLine ID="line_13" TAGREFS="LT8" BASELINE="331 810 1107 816" HPOS="330" VPOS="774" WIDTH="777" HEIGHT="61">
            <Shape><Polygon POINTS="331 810 330 824 338 830 339 830 340 830 341 830 421 825 527 831 528 831 571 824 596 831 597 831 598 831 599 831 612 825 638 825 647 831 648 831 649 831 651 832 651 831 652 831 653 831 662 825 693 825 702 832 703 832 704 832 705 832 770 827 785 833 786 833 849 835 850 835 889 827 930 835 931 835 1106 827 1107 816 1104 779 1075 786 1062 779 1061 779 1060 779 1059 779 1034 786 940 781 938 781 937 781 936 781 930 785 916 779 915 779 914 779 850 785 831 777 829 777 828 777 775 781 711 776 710 776 672 783 531 783 515 776 514 776 513 776 460 782 419 774 418 774 331 780 331 810"/></Shape>
            <String CONTENT="ta eſt, qua monemur, ne porrò peccemus: &amp; ut bre" HPOS="330" VPOS="774" WIDTH="777" HEIGHT="61" WC="0.9958746360272778"/>
          </TextLine>
          <TextLine ID="line_14" TAGREFS="LT8" BASELINE="339 859 1107 866" HPOS="336" VPOS="823" WIDTH="769" HEIGHT="59">
            <Shape><Polygon POINTS="338 857 336 882 1103 882 1105 865 1103 834 338 823 338 857"/></Shape>
            <String CONTENT="uius repetamus, Signũ illud externum duo habet, im" HPOS="336" VPOS="823" WIDTH="769" HEIGHT="59" WC="0.9946029490115595"/>
          </TextLine>
          <TextLine ID="line_15" TAGREFS="LT8" BASELINE="347 911 1107 916" HPOS="344" VPOS="879" WIDTH="761" HEIGHT="58">
            <Shape><Polygon POINTS="345 910 344 925 386 934 387 934 507 928 1102 937 1105 914 1103 882 345 879 345 910"/></Shape>
            <String CONTENT="merſionem &amp; exiractionem, quæ ſunt duæ partes" HPOS="344" VPOS="879" WIDTH="761" HEIGHT="58"/>
          </TextLine>
          <TextLine ID="line_16" TAGREFS="LT8" BASELINE="333 962 1106 968" HPOS="333" VPOS="924" WIDTH="773" HEIGHT="65">
            <Shape><Polygon POINTS="333 962 333 982 458 976 484 984 485 984 486 984 535 977 544 984 545 984 546 984 547 984 600 978 654 985 655 985 704 978 718 986 719 986 720 986 764 980 795 986 796 986 842 981 851 987 852 987 853 987 854 987 906 981 931 987 932 987 933 987 976 981 991 988 992 988 993 989 1038 989 1038 988 1039 988 1053 982 1082 988 1084 988 1085 988 1105 981 1106 968 1105 933 1050 929 1049 929 1048 929 1046 929 1034 937 1024 929 1023 929 1022 929 1021 929 991 934 972 928 971 928 970 928 969 928 968 928 958 936 911 931 910 931 877 936 861 930 860 930 859 930 858 930 848 935 793 930 792 930 743 935 718 926 717 926 653 926 652 926 651 926 620 934 585 925 584 925 583 925 582 925 548 933 512 925 511 925 510 925 509 925 495 934 462 934 435 924 434 924 432 924 431 924 411 932 333 926 333 962"/></Shape>
            <String CONTENT="ſcripturæ, ſiue duo officia prædicationis, id eſt, lex" HPOS="333" VPOS="924" WIDTH="773" HEIGHT="65" WC="0.9920225882971728"/>
          </TextLine>
          <TextLine ID="line_17" TAGREFS="LT8" BASELINE="333 1015 1106 1018" HPOS="332" VPOS="980" WIDTH="774" HEIGHT="57">
            <Shape><Polygon POINTS="333 1015 332 1030 341 1036 342 1036 343 1036 344 1036 423 1030 452 1030 461 1036 462 1036 463 1036 464 1037 658 1037 658 1036 659 1036 660 1036 668 1030 718 1030 737 1037 738 1037 739 1037 814 1031 840 1037 841 1037 842 1037 1105 1032 1106 1018 1105 982 1078 981 1077 981 1076 981 1075 981 1065 990 999 990 987 981 986 981 985 981 945 981 944 981 943 981 921 990 843 990 826 983 825 983 824 983 823 983 809 987 792 981 791 981 790 981 789 981 773 989 731 989 687 980 685 980 644 988 595 981 594 981 593 981 592 981 583 988 550 982 549 982 548 982 547 982 537 988 525 980 524 980 523 980 502 980 501 980 500 980 499 980 491 987 456 980 455 980 333 984 333 1015"/></Shape>
            <String CONTENT="&amp; Eudngelium· Lege immergimur, non ſolum cor¬" HPOS="332" VPOS="980" WIDTH="774" HEIGHT="57"/>
          </TextLine>
          <TextLine ID="line_18" TAGREFS="LT8" BASELINE="335 1064 1105 1069" HPOS="335" VPOS="1027" WIDTH="770" HEIGHT="62">
            <Shape><Polygon POINTS="335 1064 335 1083 398 1075 428 1084 429 1084 430 1084 431 1084 449 1075 488 1075 516 1085 517 1085 518 1085 519 1085 557 1076 622 1076 633 1083 634 1083 635 1083 636 1083 670 1077 684 1086 685 1086 687 1086 688 1087 742 1087 742 1086 743 1086 744 1086 757 1077 797 1077 816 1084 817 1084 818 1084 819 1084 834 1078 855 1087 856 1087 959 1089 960 1089 961 1089 988 1079 1040 1079 1065 1089 1066 1089 1067 1089 1068 1089 1069 1089 1081 1081 1103 1081 1105 1069 1104 1042 1055 1036 1054 1036 1053 1036 1039 1041 1015 1031 1014 1031 1013 1031 1012 1031 980 1039 955 1031 954 1031 953 1031 952 1031 923 1040 908 1030 907 1030 906 1030 905 1030 810 1040 760 1029 674 1029 673 1029 672 1029 642 1039 609 1039 593 1028 592 1028 591 1028 590 1028 522 1038 462 1027 446 1027 445 1027 444 1027 443 1027 429 1038 398 1038 374 1028 373 1028 372 1028 335 1036 335 1064"/></Shape>
            <String CONTENT="pore, ſed &amp; anima, id eſt, toti, ut ſignificetur to¬" HPOS="335" VPOS="1027" WIDTH="770" HEIGHT="62" WC="0.9952610238240316"/>
          </TextLine>
          <TextLine ID="line_19" TAGREFS="LT8" BASELINE="333 1113 1107 1117" HPOS="332" VPOS="1078" WIDTH="775" HEIGHT="58">
            <Shape><Polygon POINTS="332 1121 353 1128 354 1128 355 1128 427 1124 440 1131 441 1131 442 1131 443 1131 468 1123 645 1123 742 1135 743 1135 881 1131 984 1136 985 1136 986 1136 999 1131 1036 1136 1037 1136 1038 1136 1039 1136 1052 1128 1105 1129 1107 1117 1107 1093 1048 1093 1014 1081 1013 1081 965 1081 964 1081 963 1081 962 1081 949 1092 886 1092 854 1081 853 1081 852 1081 851 1081 815 1091 783 1085 782 1085 781 1085 780 1085 774 1091 761 1084 760 1084 759 1084 757 1084 748 1090 739 1083 738 1083 737 1083 736 1083 735 1083 708 1090 645 1090 624 1082 623 1082 622 1082 621 1082 620 1082 610 1090 576 1090 552 1079 551 1079 550 1079 500 1084 491 1078 490 1078 489 1078 436 1078 435 1078 434 1078 432 1078 425 1084 418 1078 417 1078 416 1078 367 1078 366 1078 365 1078 343 1089 334 1084 333 1113 332 1121"/></Shape>
            <String CONTENT="tum noſtrum hominem, quantus quantus eſt, opor¬" HPOS="332" VPOS="1078" WIDTH="775" HEIGHT="58" WC="0.9845854094687928"/>
          </TextLine>
          <TextLine ID="line_20" TAGREFS="LT8" BASELINE="332 1162 1106 1169" HPOS="331" VPOS="1126" WIDTH="775" HEIGHT="61">
            <Shape><Polygon POINTS="332 1162 331 1171 357 1180 358 1180 359 1180 360 1180 375 1173 437 1173 483 1173 499 1181 500 1181 501 1181 502 1181 523 1176 552 1184 553 1184 554 1184 640 1179 691 1185 692 1185 693 1185 716 1176 753 1183 754 1183 755 1183 768 1177 781 1184 782 1184 783 1184 784 1184 809 1177 819 1186 820 1186 821 1186 885 1187 886 1187 923 1180 942 1187 943 1187 944 1187 945 1187 958 1181 1105 1181 1106 1169 1104 1136 997 1141 942 1133 941 1133 940 1133 926 1137 915 1129 914 1129 913 1129 841 1128 840 1128 800 1136 775 1127 774 1127 683 1127 682 1127 587 1136 549 1126 548 1126 547 1126 466 1136 332 1135 332 1162"/></Shape>
            <String CONTENT="tere mori: neq; tamen ſolum id ſignificari, uerum" HPOS="331" VPOS="1126" WIDTH="775" HEIGHT="61" WC="0.9718667779650006"/>
          </TextLine>
          <TextLine ID="line_21" TAGREFS="LT8" BASELINE="331 1212 1107 1219" HPOS="331" VPOS="1174" WIDTH="776" HEIGHT="65">
            <Shape><Polygon POINTS="331 1212 331 1231 426 1225 440 1234 441 1234 442 1234 443 1234 476 1227 526 1234 527 1234 528 1234 551 1226 572 1234 573 1234 574 1234 657 1227 700 1236 701 1236 755 1228 781 1237 782 1237 783 1237 915 1230 936 1238 937 1238 938 1238 1009 1231 1056 1239 1057 1239 1089 1231 1104 1238 1107 1219 1107 1190 1077 1180 1076 1180 1075 1180 1074 1180 1048 1186 1012 1180 1010 1180 1009 1180 1008 1180 993 1190 926 1190 910 1179 909 1179 908 1179 907 1179 906 1179 885 1189 860 1180 859 1180 858 1180 857 1180 826 1188 803 1178 802 1178 774 1177 773 1177 772 1177 744 1187 664 1176 663 1176 613 1187 554 1187 477 1186 463 1175 462 1175 461 1175 460 1175 425 1181 417 1175 416 1175 415 1175 414 1175 413 1175 401 1180 390 1174 389 1174 388 1174 331 1174 331 1212"/></Shape>
            <String CONTENT="ipſa re fieri, reuera enim per baptiſmum eum Chriſto" HPOS="331" VPOS="1174" WIDTH="776" HEIGHT="65" WC="0.9989292449676074"/>
          </TextLine>
          <TextLine ID="line_22" TAGREFS="LT8" BASELINE="333 1264 1109 1269" HPOS="332" VPOS="1227" WIDTH="777" HEIGHT="60">
            <Shape><Polygon POINTS="333 1264 332 1278 424 1282 425 1282 426 1282 427 1282 436 1277 487 1277 522 1283 523 1283 597 1278 629 1283 630 1283 631 1283 632 1283 639 1278 693 1284 694 1284 730 1279 738 1284 739 1284 740 1284 806 1285 807 1285 941 1281 952 1286 953 1286 954 1287 1028 1287 1028 1286 1029 1286 1030 1286 1037 1281 1043 1286 1044 1286 1045 1286 1046 1287 1091 1287 1091 1286 1092 1286 1108 1280 1109 1269 1108 1234 968 1231 967 1231 934 1239 893 1230 892 1230 891 1230 859 1239 818 1230 817 1230 816 1230 815 1230 803 1239 750 1234 749 1234 646 1238 593 1228 592 1228 591 1228 564 1237 499 1230 498 1230 450 1236 425 1227 424 1227 423 1227 385 1236 333 1234 333 1264"/></Shape>
            <String CONTENT="morimur· Extrahimur autem ex hoc baptiſmate, id" HPOS="332" VPOS="1227" WIDTH="777" HEIGHT="60"/>
          </TextLine>
          <TextLine ID="line_23" TAGREFS="LT8" BASELINE="333 1315 1109 1320" HPOS="332" VPOS="1275" WIDTH="777" HEIGHT="65">
            <Shape><Polygon POINTS="333 1315 332 1326 353 1335 354 1335 355 1335 356 1335 374 1328 398 1335 399 1335 400 1335 401 1335 413 1329 422 1335 423 1335 424 1335 425 1335 454 1331 488 1336 489 1336 490 1336 510 1330 526 1336 527 1336 528 1336 529 1336 551 1328 587 1335 588 1335 642 1328 687 1337 688 1338 774 1338 774 1337 775 1337 789 1331 821 1338 822 1338 823 1338 824 1338 838 1330 947 1330 953 1335 954 1335 955 1335 956 1335 1003 1331 1022 1339 1023 1339 1024 1340 1059 1340 1059 1339 1060 1339 1061 1339 1070 1332 1108 1330 1109 1320 1107 1279 1033 1285 1013 1279 1012 1279 1010 1279 1009 1279 982 1286 930 1279 929 1279 928 1279 912 1285 895 1278 894 1278 893 1278 821 1285 750 1284 737 1277 736 1277 735 1277 690 1284 626 1277 625 1277 525 1283 506 1277 504 1277 503 1277 502 1277 488 1283 465 1275 464 1275 444 1275 443 1275 442 1275 441 1275 431 1283 400 1283 385 1275 384 1275 383 1275 333 1280 333 1315"/></Shape>
            <String CONTENT="eſt, reſurgimus cum Chriſto, creſcente in nobis ſpiriᛘ" HPOS="332" VPOS="1275" WIDTH="777" HEIGHT="65"/>
          </TextLine>
          <TextLine ID="line_24" TAGREFS="LT8" BASELINE="334 1365 1105 1370" HPOS="333" VPOS="1330" WIDTH="772" HEIGHT="59">
            <Shape><Polygon POINTS="334 1365 333 1375 379 1385 380 1385 430 1378 447 1385 448 1385 550 1386 551 1386 552 1386 576 1378 624 1386 625 1386 626 1386 641 1378 657 1387 658 1387 659 1387 728 1380 751 1380 763 1387 764 1387 765 1387 766 1387 767 1387 791 1380 845 1386 846 1386 877 1383 884 1388 885 1388 886 1388 887 1388 960 1382 993 1382 1002 1389 1003 1389 1004 1389 1005 1389 1037 1382 1103 1386 1105 1370 1104 1343 1058 1336 1057 1336 1032 1341 1010 1335 1009 1335 1008 1335 1007 1335 989 1341 963 1336 962 1336 889 1340 883 1335 882 1335 881 1335 880 1335 818 1340 797 1332 796 1332 795 1332 740 1339 674 1332 673 1332 672 1332 649 1339 632 1331 631 1331 630 1331 589 1332 588 1332 587 1332 580 1339 517 1339 493 1331 492 1331 491 1331 451 1336 436 1330 435 1330 398 1330 396 1330 395 1330 377 1337 334 1334 334 1365"/></Shape>
            <String CONTENT="tu: fit igitur, ut ſimul &amp; moriamur &amp; uiuamus:" HPOS="333" VPOS="1330" WIDTH="772" HEIGHT="59" WC="0.9958523511886597"/>
          </TextLine>
          <TextLine ID="line_25" TAGREFS="LT8" BASELINE="334 1416 1110 1422" HPOS="333" VPOS="1380" WIDTH="777" HEIGHT="60">
            <Shape><Polygon POINTS="334 1416 333 1431 366 1435 367 1435 368 1435 369 1435 381 1427 418 1435 419 1435 420 1435 445 1427 462 1436 463 1436 464 1437 506 1437 506 1436 507 1436 525 1428 593 1437 594 1437 595 1437 611 1430 628 1437 629 1437 630 1438 674 1438 674 1437 675 1437 676 1437 687 1429 729 1437 730 1437 765 1430 833 1435 834 1435 867 1431 879 1439 880 1439 881 1439 882 1439 948 1431 999 1431 1009 1440 1010 1440 1012 1440 1013 1440 1067 1439 1068 1439 1069 1439 1079 1432 1108 1435 1110 1422 1109 1385 1059 1385 1058 1385 1057 1385 1056 1385 1042 1393 1018 1385 1017 1385 1016 1385 1015 1385 984 1393 938 1384 937 1384 936 1384 909 1392 806 1384 805 1384 804 1384 792 1390 635 1390 592 1381 591 1381 487 1389 453 1380 452 1380 451 1380 379 1388 347 1380 346 1380 345 1380 344 1380 343 1380 334 1386 334 1416"/></Shape>
            <String CONTENT="moriamur per legem, uiuamus autem per Euangeliũ:" HPOS="333" VPOS="1380" WIDTH="777" HEIGHT="60" WC="0.9976023849175901"/>
          </TextLine>
          <TextLine ID="line_26" TAGREFS="LT8" BASELINE="333 1467 1113 1471" HPOS="332" VPOS="1430" WIDTH="781" HEIGHT="61">
            <Shape><Polygon POINTS="333 1467 332 1476 394 1479 415 1487 416 1487 417 1487 418 1487 452 1478 480 1489 481 1489 482 1490 532 1490 532 1489 533 1489 534 1489 547 1480 585 1489 586 1489 587 1489 605 1483 633 1486 634 1486 635 1486 661 1479 688 1490 689 1490 723 1491 724 1491 784 1487 785 1487 786 1487 798 1480 836 1491 837 1491 838 1491 839 1491 859 1480 904 1480 918 1486 919 1486 920 1486 965 1481 978 1487 979 1487 980 1487 1035 1481 1064 1490 1065 1490 1066 1490 1112 1483 1113 1471 1112 1441 1065 1436 1064 1436 995 1443 978 1433 977 1433 976 1433 974 1433 927 1437 891 1432 890 1432 889 1432 863 1440 853 1432 852 1432 851 1432 823 1432 822 1432 821 1432 803 1440 775 1432 774 1432 682 1431 681 1431 680 1431 658 1442 566 1442 526 1430 525 1430 524 1430 523 1430 522 1430 510 1439 501 1433 500 1433 499 1433 498 1433 497 1433 478 1441 395 1441 387 1435 386 1435 385 1435 384 1435 333 1439 333 1467"/></Shape>
            <String CONTENT="nam utrunq; in ratione baptiſmi deprehenditur· Non" HPOS="332" VPOS="1430" WIDTH="781" HEIGHT="61"/>
          </TextLine>
          <TextLine ID="line_27" TAGREFS="LT8" BASELINE="334 1516 1114 1522" HPOS="333" VPOS="1476" WIDTH="781" HEIGHT="72">
            <Shape><Polygon POINTS="334 1516 333 1541 360 1543 362 1543 363 1543 382 1536 401 1543 402 1543 513 1544 514 1544 515 1544 534 1536 554 1543 555 1543 556 1543 580 1539 612 1545 613 1545 615 1545 635 1535 705 1535 768 1546 769 1546 770 1546 790 1536 824 1536 847 1545 848 1545 849 1545 850 1545 865 1537 984 1537 1004 1547 1005 1547 1006 1547 1057 1540 1066 1547 1067 1547 1068 1547 1112 1548 1114 1522 1114 1489 1101 1481 1100 1481 1099 1481 1098 1481 1097 1481 1071 1490 1048 1481 1046 1481 1002 1481 1001 1481 1000 1481 974 1492 920 1492 902 1480 901 1480 900 1480 899 1480 848 1484 827 1479 826 1479 825 1479 824 1479 823 1479 809 1490 680 1483 679 1483 642 1489 632 1480 631 1480 630 1480 629 1480 628 1480 608 1486 581 1477 580 1477 579 1477 538 1485 527 1478 526 1478 525 1478 524 1478 523 1478 522 1478 509 1489 465 1489 427 1476 426 1476 367 1476 366 1476 365 1476 334 1485 334 1516"/></Shape>
            <String CONTENT="eſt igitur quod cauſetur caro, nobis liberum eſſe, at" HPOS="333" VPOS="1476" WIDTH="781" HEIGHT="72" WC="0.994410719511644"/>
          </TextLine>
        </TextBlock>
        <TextBlock HPOS="123.0" VPOS="818.0" WIDTH="202.0" HEIGHT="117.0" ID="block_7" TAGREFS="BT3519">
          <Shape><Polygon POINTS="123 818 325 818 325 935 123 935 123 818"/></Shape>
          <TextLine ID="line_28" TAGREFS="LT8" BASELINE="131 858 319 860" HPOS="130" VPOS="815" WIDTH="189" HEIGHT="66">
            <Shape><Polygon POINTS="131 858 131 825 178 815 249 815 319 816 319 876 317 875 271 881 270 881 130 872"/></Shape>
            <String CONTENT="Baptiſmi ſig¬" HPOS="130" VPOS="815" WIDTH="189" HEIGHT="66" WC="0.9991314594562237"/>
          </TextLine>
          <TextLine ID="line_29" TAGREFS="LT8" BASELINE="132 909 319 910" HPOS="131" VPOS="874" WIDTH="188" HEIGHT="60">
            <Shape><Polygon POINTS="283 927 265 933 264 933 264 934 188 934 187 933 131 924 132 909 132 874 175 882 270 875 272 875 294 885 319 885 319 931"/></Shape>
            <String CONTENT="num quid·" HPOS="131" VPOS="874" WIDTH="188" HEIGHT="60"/>
          </TextLine>
        </TextBlock>
        <TextBlock HPOS="921.0" VPOS="1546.0" WIDTH="186.0" HEIGHT="56.0" ID="block_8" TAGREFS="BT17">
          <Shape><Polygon POINTS="921 1546 1107 1546 1107 1602 921 1602 921 1546"/></Shape>
          <TextLine ID="line_30" TAGREFS="LT8" BASELINE="931 1573 1097 1575" HPOS="930" VPOS="1546" WIDTH="167" HEIGHT="54">
            <Shape><Polygon POINTS="1075 1546 1065 1546 1055 1546 1044 1546 1034 1546 1024 1546 1014 1546 1003 1546 993 1546 983 1546 972 1546 962 1546 956 1546 931 1546 931 1573 930 1597 977 1591 986 1599 987 1599 988 1599 989 1599 1032 1592 1040 1599 1041 1599 1042 1599 1043 1599 1044 1599 1060 1593 1095 1600 1097 1575 1096 1549 1080 1546 1075 1546"/></Shape>
            <String CONTENT="peccemus," HPOS="930" VPOS="1546" WIDTH="167" HEIGHT="54" WC="0.9998280074861314"/>
          </TextLine>
        </TextBlock>
      </PrintSpace>
    </Page>
  </Layout>
</alto>
