1188 1852
395 103 638 49 COMMENT· POMER·

332.0 171.0 781.0 57.0 Quod natũ eſt ex carne, caro eſt, id eſt, omnia quæ

330.0 216.0 787.0 62.0 pertinent ad hominem & uires eius: totum quod naᛘ

328.0 263.0 786.0 69.0 ſcitur, anima & corpus, caro eſt & peccatum, neq;

327.0 314.0 787.0 62.0 intelliges hæc de ratione & ſenſualitate. Hinc Chri¬

326.0 363.0 789.0 67.0 ſtus dicit: Oportet uos renaſci, adeo nihil eſt in ue¬

327.0 414.0 785.0 66.0 ſtra illa prima natiuitate quod bonum ſit, omnia ſunt

329.0 467.0 779.0 65.0 damnata, nõ poteſtis uelle & cogitare quæ Dei funt,

328.0 515.0 783.0 66.0 hinc eſt, quod lex Dei uobis diſpliceat, & contra eam

324.0 565.0 787.0 66.0 murmuretis, uelitis eam non eſſe, neutiquàm poteſt

326.0 619.0 777.0 63.0 ueſtra uoluntas, cum Dei uoluntate conſpirare, er¬

331.0 667.0 778.0 65.0 go quicquid uultis, quicquid cogitatis, aut concupi¬

327.0 716.0 781.0 65.0 ſcitis id contra Deum. Nouus uero homo eſt, in quo

325.0 765.0 782.0 69.0 nihil eſt naturæ, nihil uirium humanarum, ſed ſpiriᛘ

328.0 817.0 780.0 66.0 tus Dei, qui ipſum mouet & in pellit, qui quiequid

328.0 867.0 778.0 66.0 agit, ſcit certißime ſe agere Dei bona uoluntate, ſcit

327.0 917.0 770.0 68.0 omnia illi placere, nihil eſſe in ſe quod ille odiat &

329.0 970.0 141.0 53.0 damnet·

526.0 1025.0 346.0 64.0 Crucifixus eſt.

372.0 1091.0 728.0 53.0 Sicut antea mortuus, ita nũc crucifixus dicitur, niᛘ

328.0 1130.0 776.0 68.0 ſi quod hoc interſit, quod qui crucifixus eſt, nondũ

327.0 1182.0 772.0 70.0 plané mortuus ſit, uiuere poteſt adhuc diebus aliquot,

326.0 1235.0 771.0 65.0 interim tamen, dum uiuit, pro mortuo habetur, neq;

327.0 1285.0 775.0 61.0 ſpes ulla eſt uitæ illius, cum planè ſit adiudicatus mor¬

326.0 1339.0 775.0 60.0 ti. Sic nos, utcun ſentiamus peccatum, crucifixi

325.0 1386.0 773.0 62.0 ſumus, & morti iam deſtinati, imò ſumus in ipſa morᛘ

322.0 1436.0 778.0 98.0 te, iam cœpt in nobis mort, & moritur uere peccati

323.0 1487.0 240.0 69.0 & caro noſtra·
