1186 1839
349.0 78.0 602.0 59.0 COMMENT. POMER.

324.0 146.0 650.0 74.0 Gaudeo igitur ſane de uobis.

290.0 221.0 757.0 60.0 Scilicet, quod obediatis Euangelio, timet tamẽ Pau

278.0 268.0 737.0 65.0 lus ne ſeducantur per Pſeudapoſtolos· Ideo adiecit

75.0 454.0 204.0 65.0 Sapientes ſi¬

77.0 507.0 194.0 72.0 mus ad bonũ

385.0 357.0 541.0 70.0 Sed uolo uos ſapientes.

328.0 432.0 720.0 53.0 Id eſt, ut bonam & ſanam doctrinam amplecta¬

286.0 483.0 765.0 59.0 mint, ut poßitis diſcernere inter bonum & malum,

287.0 530.0 772.0 65.0 ut Eſaias ait, quod Chriſtiani facile poſſunt præſta¬

285.0 582.0 772.0 62.0 re, qui Euangelio edoctiſunt: iudicant de externis

288.0 633.0 771.0 58.0 & internis quibusuis, nam ſpiritualis homo omnia

288.0 683.0 773.0 58.0 dijudicat: non ſimus ergo ſapientes ad malum, non

291.0 733.0 767.0 54.0 inquiramus ea quæ ſunt mala, ſed ad Dei gloriam &

294.0 783.0 768.0 59.0 proximi ædificationem. Quamuis hodie uideamus

294.0 832.0 773.0 64.0 in pleris ſcientiam, id eſt, intelligentiam Scriptu¬

293.0 881.0 777.0 64.0 ræ, tamen carent charitate, inflantur ergo, & nihil

294.0 934.0 771.0 63.0 edificant, omnia in Dei contemptum inſtituunt &

295.0 980.0 779.0 68.0 excogitant: & Chriſtus prudentes eſſe uoluit, ſed

295.0 1034.0 782.0 60.0 ex Dei Verbo, quod exemplum de aſtutia non uene¬

296.0 1082.0 785.0 65.0 no propoſitum eſt, ſi quis ſine ſpiritu Dei ſapere uo¬

301.0 1134.0 778.0 60.0 luerit, ſtultus eſt in conſpectu illius· Præterea iubet

303.0 1183.0 773.0 65.0 ſynceros eſſe & ſimplices ad malum, quod & ad Co

303.0 1234.0 769.0 62.0 rinthios ſcripſit, cum dicit: Ne ſitis pueri ſenſibus,

309.0 1285.0 775.0 66.0 ſed malicia, non conſentientes illis, qui talia do¬

310.0 1338.0 299.0 56.0 cent contra Deum.

465.0 1407.0 424.0 87.0 Deus autem pacis.
