1196 1841
156 79 643 69 IN EPIST· AD ROM·

92 152 772 58 torde meo, id eſt, coram Deo, quàm ut ſaluentur Iuᛘ

91 198 771 59 dæi: & nos hodie multa dicimus contra Clericos,

91 249 774 62 quos uocant, damnantes eorum iuſticiæ opera, inte¬

89 300 773 61 rim tamen quærimus eorum ſalutem, & ita erga eos

91 347 704 66 adfecti ſumus in corde, ut Paulus erga Iudæos¬

163 416 697 70 Teſtimonium enim illis perhi¬

89 474 669 82 beo, ꝙ ſtudium Dei habent.

128 560 730 59 Mirum eſt, carni tantum zelum non ſatis eſſe,

84 607 779 65 Iudæi tribuentes iuſticiam operibus ſuis, putabant

89 661 768 63 ſe agere Dei cauſſam, pugnabant pro eis optima, ut

82 708 774 62 eis uidebatur, conſcientia, tamen contra Deum, &

82 756 774 66 non pro Deo agebant. Sic hodie noſtri, putant ſe deᛘ

82 808 756 64 fendere Dei gloriam, cum eos occidunt, qui operi¬

83 860 774 60 bus bonis nihil tribuunt, ſed omnia gratiæ Der:

84 911 775 58 mordicus tenent ſuos patres, & traditiones, arbi¬

83 957 778 65 trantes nihil in his eſſe conſtitutum, quod non ex bo¬

82 1011 777 62 na conſcientia, & intentione profectum ſit, ſed ne¬

82 1061 775 63 ſciunt ſe miſere falli. Non profecto ſufficit bona con¬

82 1110 773 64 ſcientia, ſi hoc tam ardens ſtudium in Iudæis abijci¬

81 1164 772 59 citur. Impijßima eſt, & impia, & contra Deum

82 1216 773 59 ſunt, quæcun ſine Dei Verbo ipſa ſtatuit. Hoc zelo

82 1264 772 59 & bona intentione, Chriſtus & Paulus occiſi ſunt:

80 1315 774 58 item alij innumeri, qui Dei tantum iuſticiam prædi¬

80 1365 772 58 cabant· Deus igitur cuſtodiat corda noſtra, ne & hoᛘ

81 1411 766 65 die, atia ſpecioſitate huius occulti mali, ſeducamur:

82 1463 764 78 Videnaus enum qui noui ſpiritus ſurgant, iurantes ſeᛘ

807 67 55 78 117

877 668 191 66 Conſcienti¬

870 717 198 66 pona non oia

872 768 191 86 fiunt quæ ui¬

872 820 81 63 dentur.

687 1566 52 2 P 5
