1180 1848
372 90 641 65 COMMENT· POMER·

300 157 778 67 modo adſequerentur ſententiam, uſi enim ſunt cita¬

301 203 777 70 tionibus Scripturæ ex libris tum uulgatis: habebant

302 252 773 74 Romani Græca magis, quàm Hebraica in manibus¬

303 305 776 69 Sic & nos hodie ueterem translationem citamus, in

306 353 775 74 ijs maxime quæ ad fidei articulos pertinent, ne quid

310 403 765 73 poßint in nobis calũniari Papiſtæ· ADVENIET

310 449 770 80 ERGO QVI liberet, id eſt, Meßias uel Chriſtus¬

343 522 683 66 Et auertet impietates a lacob.

345 575 742 63 Nam ne lacob, aut ullus patrum, neq; nos po¬

314 617 755 78 tuimus eas auertere: ſolius Chriſti id proprium eſt¬

351 694 703 65 Et hoc illis a me teſtamẽtum.

366 755 736 61 Scilicet erit. Aliud erit quã hactenus fuit ſub Mo¬

321 795 771 79 ſe, de eo Eſa·2· ſic dixit. De Syon exibit lex·q·d·

318 849 778 71 Lex in monte olim data non ualebit, hæc quæ iam daᛘ

319 900 776 77 tur, eſt lex fpiritus uitæ, teſtamentum pacis, remißio

323 965 208 54 peccatorum·

390 1019 709 60 Cum abſtulero peccata eorum.

126 1062 191 83 Vires huma¬

122 1145 81 52 næ.

325 1070 773 68 Ipſi non poterunt ea ſuis conatibus auferre, nec poᛘ

325 1117 780 67 terunt mecum inire fœdus, ideoq; hoc erit, uel in hoc

325 1167 784 69 conſiſtet meum teſtamentum, cũ ipſi nihil fecerint ad

327 1215 784 73 remißionem peccatorum, ego uero ſolus abſtulero

331 1263 781 73 peccata. Sed aduerte hæc uerba in Eſaia non inueniri

332 1315 782 74 qui ergo non ſunt aſſueti Sacris literis, non deprehenᛘ

334 1367 781 74 dent certo iudicio quid quandoq; Apoſtoli, quid

335 1417 782 72 item Prophetæ dixerint. Paulus ſententiam Prophe¬

337 1468 780 78 tæ eandem expreßit claruus, tametſi non uideas eadẽ

1015 1524 107 61 uerba
