1230 1845
174 84 632 63 IN EPIST· AD ROM·

254.0 156.0 458.0 64.0 Veniente mandato.

147.0 208.0 602.0 71.0 Id eſt, ubi reuelata eſt mihi lex in corde·

147 322 717 70 Id eſt, peccatorum adfectus, in me trritabantur·

259.0 276.0 426.0 61.0 Reuixit peccatum.

194.0 392.0 545.0 63.0 Ego uero mortuus ſum.

153.0 445.0 719.0 63.0 Id eſt, agnoui per legem peccatum & damnatio

104.0 494.0 767.0 62.0 nem: antea ſancte uiuere uidebar, cum ſine lege ui¬

105.0 544.0 770.0 63.0 uerem, nunc reuelata lege, non uiuo, ſed mortuus

106.0 593.0 766.0 66.0 ſum, id eſt, uideo me Verbi Det eſſe contemptorem.

107.0 638.0 766.0 74.0 Nam cum lex dicit: Dilige ex corde, non poſſum¬

107.0 690.0 770.0 70.0 Conſequitur igitur me eſſe mortuum, id eſt, nihil haᛘ

107.0 742.0 584.0 65.0 bere iuſticiæ, & planè damnatum eſſe·

168.0 809.0 712.0 78.0 Et repertum eſt mandatũ, quod

112.0 872.0 767.0 79.0 inſtitutum erat ad uitam , mihi ce¬

111.0 949.0 386.0 61.0 dere ad mortem.

820 119 42 1 75

156.0 998.0 727.0 70.0 Id eſt, lex, quæ præcipiebat, ut cauerem malũ, ut

113 1047 771 67 Adamo dictum eſt: Quacun die comederis, morte

112 1093 772 78 morieris, malum prohibet, & exigit bonum, ſed uiᛘ

111.0 1152.0 774.0 69.0 re hoc faciendi non præſtat, & quo magis id urget

114.0 1199.0 772.0 70.0 in nobis, hoc magis damnatio noſtri ob oculos nobis

115.0 1252.0 772.0 66.0 ponitur: hinc recte ſceptrũ exactoris uocat eam Proᛘ

115 1294 772 78 pheta: Exigit bonum à nobis, atqui nihil boni in no¬

113 1345 775 77 bis eſt, prohibet malũ, & nihil aliud ſumus, quàm

115 1394 773 77 malum· Conuincimur ipſo Chirographo peccati, id

114.0 1450.0 771.0 86.0 eſt, teſtimonio conſcientiæ noſtræ, nos non facere bo

904.0 1010.0 190.0 49.0 Lex omnes

899 1053 195 70 nos reos fa¬

900 1110 47 58 cit·

717.0 1512.0 56.0 49.0 K3
