1197 1840
409 93 641 56 CO.MMENT· POMER·

171 165 171 65 Pharaonis

135 220 216 60 horrendũ exẽ

141 271 105 69 plum·

384 155 748 60 Hic Deus abuſus eſt (ſi dicere liceret noſtro iudi¬

368 200 761 68 io) Pharaone, quem creauerat, & in amplißimui.

343 255 791 62 regnum conſtituerat, ut notum faceret in eo ſuam irã

348 305 779 60 & potentiam, non Pharaont, uerum toti mundo:

347 353 783 62 Perdidit illum propter electos, unde diſcerent om¬

347 403 782 67 nes homines, in Dei ſolius manu omnia eſſe, non, in

347 454 781 64 noſtra, quo tam horrendo exemplo, debebant hodie

345 504 784 66 moueri principes & tyranni noſtri, qui haud aliter iu

349 556 779 67 ſto Dei iudicio, ſunt indurati cõtra populum Dei, quẽ

348 611 455 61 nolunt dimittere ex Aegypto¬

457 677 544 69 Ita cui uult miſeretur.

397 754 732 61 Concluſio eſt, omnia ſunt in illius uoluntate, non

351 806 776 62 noſtra- DICES ERGO MIHI. Scilicet,

350 862 151 65 o homo.

438 915 598 65 Quid adhuc conqueritur.

395 976 734 56 Scilicet, Deus. Secundum eſt argumentum carnis,

353 1023 780 61 quod per occupationem infert: Si Deus eſt autor bo¬

356 1075 776 52 norum & malorum, facitq́ nos peccare, ſi eitis uo¬

353 1124 781 57 luntas eſt ut peccemus, quod iam in Pharaonis exemᛘ

356 1175 778 57 plo deprehendimus, cur ergo nos accuſat & dam¬

356 1223 781 60 nat, cum ipſe potius ſit accuſandus, qui hæc factat?

353 1273 784 53 Hæc eſt ſtultitia ſapientiæ noſtræ, aliud eni inferre nõ

353 1323 785 61 poteſt, uult́ alligare Deum ſuæ rationi, ut faciat

355 1374 780 63 non quod uult, ſed quod illa intelligit, ſuo carnali iuᛘ

355 1426 780 59 dicio, & dum maxime uult ſapere, maxime Deum

350 1474 782 73 blaſphemat· Eſt ergo inimica Deo, Rom·8· mouet́

976 1540 156 59 perpetuo
