1202 1830
391 73 647 61 COMMENT· PO MAER·

132 276 192 68 Liberi ſumu

131 329 122 71 à lege.

339 137 762 57 & dans liberis procreandis operam, iam nec priori,

340 181 764 65 ſed iſti nouo parit. Pari ratione Chriſtiana uita habet,

341 232 767 62 peccatũ, lex, nobis mortua ſunt, & nos illis per Chri

343 280 765 67 ſtum. Liberi igitur ſumus à lege, tanquàm priore ma

336 338 772 55 rito, at quia marito carere non poteramus, elegi¬

338 383 768 59 mus nobis multo beatiorem priore, Chriſtum Ieſum,

337 430 771 65 huius legi nos ſubiecimus, cum illo unum facti ſu¬

338 483 770 62 mus, & inſpiramur uno ſpiritu· Par igitur eſt, ut illi

337 532 768 62 quoq; ſobolem proferamus, nempe iuſticiam & fru¬

335 584 774 59 ctus ſpiritus, non reſpicientes in demortuum mari¬

333 632 774 64 tum, legem. Quid ergo potuit efficacius dici ad præ

337 682 767 63 ſentem locũ, quo monet, Chriſtianis non peccandũ.

460 744 488 62 Mlortificati eſtis legi.

381 794 670 65 Id eſt, nullum ius iam habet in uos damnandi·

562 859 283 59 Per corpus.

384 915 718 57 Illi enim inſiti eſtis, & ablati à corpore pecca¬

333 957 766 65 ti, iam è carcere & tenebris, in lucem producti eſtis:

334 1007 763 66 habebatis uirum mortis, & tenebrarum principem,

333 1057 551 62 iam autem autorem lucis, Chriſtum. NIMI¬

335 1106 597 64 RVM EI· Eſt periphraſis Chriſti·

462 1171 453 60 Fructificemus Deo.

374 1231 729 56 Id eſt, Deo pariamus iam ſobolem, cui iuncti ſu¬

333 1276 770 80 mus, obliuiſcamur prioris mariti, id eſt, legis, quæ

331 1329 232 52 nos damnabat·

466 1388 451 66 Cum enim eſſemus.

370 1447 734 74 Exponit diligentius, quod dixerat, nos legi morᛘ

997 1510 99 53 tuos.
