1194 1842
808 80 38 48 52

145 77 643 63 INTEPIST· AD ROM·

86 145 768 65 ment & perſuadeant, nam ſemper in dubium uocaᛘ

79 187 771 71 mur, per cogitationes de peccatis, quibus nihil eſt peᛘ

76 235 775 73 ſtilentius, contra hanc pacem·Ideo́ Paulus ait, maᛘ

76 285 773 71 torem eſſe gratiam peccato, ſalutem non in eo conſi¬

77 335 777 73 ſtere, quod nos ſentimus & cogitamus, ſed in fauo¬

78 386 772 72 re Dei per Chriſtum, in quo ſolo obtines illã pacem·

79 437 775 68 Totus eſt Paulus in hoc, ut nobis ob oculos ponat uim

84 487 771 75 gratiæ & peccati, quam ubi agnouerimus, nihil eſt

82 549 369 59 quod nos à Deo auocet·

82 625 776 77 Quemadmodũ per unum hominẽ.

126 703 731 64 Obſeruabis hic orationis conſtitutionem, nam nõᛘ

83 744 774 77 ſtatim eam abſoluit, cum quædam inſpargit, ex qui¬

82 797 765 73 bus inclareſcat uis gratiæ & peccati, per collationẽ·

344 904 267 61 Per unum.

135 975 722 67 Id eſt, Adam· Loquitur uero de peccato quod uoᛘ

84 1020 775 77 cant, originali, quo omnes damnati ſumus, huius effiᛘ

83 1071 777 74 catia reliqua peccata craſſa emanant, tanquàm é fonᛘ

84 1120 782 75 te·Rurſus ſi hoc non eſſet in nobis, non haberemus

86 1169 775 78 reliqua omnia, & ſicut omnia bona, quæ in nobis

89 1221 773 74 ſunt, debemus iuſticiæ Chriſti, ſic omnia mala qui¬

89 1268 698 79 bus ſumus obnoxij, debemus peccato originali·

869 987 158 70 Originalis

869 1047 95 65 noxa·

302 1361 305 69 In mundum.

200 1452 348 77 Id eſt, omnes homines·

677 1551 73 2 G4
