1193 1863
447 94 613 56 COMMENT· POMER·

361 159 780 60 iuſtificant, ideo inutilia erunt? Maximum ſané erat

359 205 780 64 beneficium legis, quod nobis errorem noſtrum & cæ

357 256 778 62 citatem indicarit, non in ea requirimus iuſticiam,

358 305 781 68 quã dare nequit, ſed peccati reuelationẽ, cor noſtrã

357 358 775 61 erat obtenebratum & obſcuratum. Contra, lex ignis

358 407 773 63 quidam, quo illabente in cor noſtrum, peccatum re¬

357 455 772 67 uelatum eſt, id erat in lege requirendũ, & nõ aliud¬

397 527 670 73 Nunc uero abſ lege iuſtitia.

398 604 733 56 Hactenus primam Verbi Dei partem, nempe le¬

354 658 4 48 gem tractavit Apoſtolus, nunc ſecundam partem ad

358 732 768 11 greditur, ſcilicet, per ſolam fidem in Chriſtum eſſe

358 785 767 9 iuſtuciam · At hic eſt Epiſtolæ ſlatus : & quis non ſunt

358 836 767 8 mo deſyderio iſta ſcire cuperet, cum omnes iuſticiã

350 862 8 45 quæramus, eam quæ Dei eſt, id eſt, quæ per Deum

351 902 772 60 in nos uenit, non qua Deus iuſtus eſt· MANI¬

352 951 696 61 FESTATA· Scilicet, per Euangelium·

152 689 192 56 Vera inſticia

143 743 202 60 eſt per ſolam

141 794 205 60 fidem in Chriᛘ

141 844 107 61 ſtum·

470 1023 477 58 Dum comprobatur.

386 1082 737 56 Id eſt, teſtimonium accipit· Hæc neceſſario Pau¬

347 1128 7 52 lus dixit, ut nobis iterum Scripturam commendaret

347 1181 7 50 contra novos Prophetas, qui hodie contemnunt Scriᛘ

354 1266 767 7 pturam, & dicere audent. Quid mihi eũ Veteri Teᛘ

343 1279 778 62 ſtamento? ſpiritu opus eſt, qui me omnia doceat· Re

342 1329 777 64 cte quidem· Sed interim miſeri non uident, ea quæ

341 1380 778 61 docet Spiritus ſanctus, eſſe confirmata, & iam

341 1430 780 62 olim prædicta in Moſe & Prophetis: nam quod ho¬

340 1479 781 66 die docemus, non eſt noua doctrina· An Chriſtus

138 1166 188 58 Doctrina spiᛘ

137 1223 195 59 ritus ſancti

142 1269 85 73 quæ?

1046 1535 84 70 quid
