1205 1843
161 72 648 68 IN EPIST· AD ROM·

103 146 771 58 pturam mendacem. Verum, non ſunt alia peccata ni£

102 190 768 65 ſi præterita, quæ remittantur. Id quod uel ratio ui¬

100 241 767 62 dere poteſt · Cuius tu craſſum accipe exemplum·

99 291 771 62 Si mihi centum aureos deberes, & non eſſes ſoluen¬

99 340 774 63 do, remitto igitur tibi debitum. Dic quæſo, an nõ tiᛘ

97 389 776 63 bi præteritum debitum remittam? non profecto futuᛘ

97 441 776 61 rum, hoc inquàm dimitto, quod mihi debes, non

98 489 780 63 hoc quod nondum debes· Ita Deus quæ alia peccata

100 540 771 64 remitteret, quàm præterita, & quæ habes? Hinc

99 588 774 67 oramus, Dimitte nobis debita noſtra, ſcilicet, quæ

99 640 774 64 iam nos premunt, nunq ſumus ſine peccatis, ideo

98 690 768 63 ſemper oramus, ut dimittantur. Sed aduerte & hic

97 738 769 67 ſtultißimam ſtulticiã Papiſticam, quæ primum noſtris

97 792 771 61 temporibus inualuit, olim non ita ineptiebant, ut de

101 839 772 65 futuris peccatis indulgentias promitterent, id quod

99 889 776 64 hodie faciunt Papiſtæ, dant Bullas & diplomata qui

97 938 778 65 bus à futuris abſoluant peccatis.O homines impudenᛘ

97 988 779 66 tißimos, qui quid adfirment neſciunt· Deus ſolus re¬

96 1041 778 62 mittit peccata, ideo ut non pecces, non ut porro pecᛘ

98 1089 775 64 ces· Quæ enim hæc eſſet remißio? uolo liber eſſe à

99 1140 771 65 peccatis, & tamẽ manere in peccatis. Vt ſtulte feceᛘ

96 1188 772 68 rit is, qui uehementer cupiat é carcere liberari, & taᛘ

98 1240 770 68 men manere in carcere, ſic is quoq extremæ inſaniæ

96 1283 772 74 accuſandus, qui in hoc bullas acceperit· Deus quia

100 1339 770 71 fragilis es, tibi ſemper remittit peccatum, modo tibi

100 1395 314 63 diſpliceat peccatum·

823 82 43 48 36

878 667 200 64 Bullæ pro fu¬

878 726 197 61 turis pecca¬

878 768 56 77 tis.

236 1451 472 78 Quæ Deus tolerauit.
