1176 1876
380 105 638 55 COMMENT· POMER·

313 175 793 56 illud ſuſtinere caro, quæ ſemper ſuas iuſtitias extollit

317 218 784 63 & magnifacit: tum fieri nequit, ut non maxime

316 269 787 59 odiat illa Euangelium & uoluntatem Dei, qua declaᛘ

315 318 781 59 rat, nihil eſſe, imó maledictum, & abhominationem,

316 368 784 61 quicquid conatur· Aliãs enim non diceret Scriptura:

314 417 790 62 In te benedicentur omnes cognationes terræ· Hoc ubi

316 465 785 65 Apoſtolus abſoluit, nempe morbi explicationem, ſtaᛘ

314 517 782 63 tim remedium ſubijcit, ſcilicet per Chriſtũ ſolum eſſeᛘ

314 569 782 61 iuſtitiã· Sed diligenter uidere uerba Pauli oportet Leᛘ

313 620 782 60 ctorem, nam nihil is inutile adpoſuit· Nam ſi iuſtitia

313 672 780 60 Dei patefit per Euangelium, ergo etiam ira·Nam ſicᛘ

314 721 780 57 alterũ alteri infertur· Iuſtitia enim Dei omnia damnat

314 770 778 64 & iudicat in nobis· Sic ita Paulus uim legis decla ¬

314 825 777 59 rat, ut uideamus noſtrã paupertatẽ, atq in ea euanᛘ

315 878 778 57 gelizemur· Sic Chriſtus Matth·5· legem interpretaᛘ

313 925 778 63 tur, non fert legẽ, ut quidam inepte ibi ex Chriſto leᛘ

313 973 777 66 gislatorẽ faciũt·Hunc ergo modũ prædicãdi obſeruaᛘ

310 1026 781 61 re debent Prædicatores, ut primũ nobis declarẽt quid

313 1078 778 60 à nobis exigat lex, non ferant legẽ, quando iam olim

312 1126 778 62 in cordibus noſtris ſcripta eſt. Lex, bonũ cor à nobis

313 1179 778 60 requirit, atq id natura nõ habemus: ergo ſtatim ubi

314 1227 772 66 prædicatur Euangeliũ, cogimur uidere, quales ſimus,

314 1281 455 64 nempe filij iræ & perditionis·

575 1352 238 64 De cœlo.

106 975 198 64 Modus prædiᛘ

109 1035 120 60 candi·

356 1428 738 61 Per Euangeliũ iuſtitia Det arguit noſtram iniuſtiᛘ

315 1478 782 71 tiam· Hæc autẽ peccati reuelatio contingit nobis tan

990 1537 103 57 tum è
