1263 1846
152 272 117 2 ❧

298 169 534 129 IOHAN

349 292 448 74 NES BVGEN

402 372 345 64 HAGIVS PO

430 425 294 59 meranus, Lectori¬

129 839 324 1 M

497 517 404 59 VLTI LIBRI

492 559 418 67 nunc, Optime Lector, excuᛘ

486 610 424 63 dũtur inuitis autoribus, licet

487 663 419 62 uiuentibus, per quod quàm

483 712 422 62 male conſulatur poſteritati,

485 763 423 62 quis ignorat, niſi ſit ualde ſtu

483 815 425 61 pidus? Inter quos libros, in

109 858 791 67 primis planè habeo meum Hiob, qui iam his nundinis

105 910 795 63 Francofordianis, Anno domint M· D· XXVI· ueᛘ

103 957 799 62 nit in manus meas, haud gratus boſpes·Vidi enim nõ

106 1006 795 68 eſſe eũ, quẽ in eccleſia noſtra uulgo interpretatus fueᛘ

106 1060 787 65 ram ante annum, ſed quem ſecluſa auditorũ turba,

106 1111 789 64 ante quatuor annos, cum quibuſdam Monachis con¬

107 1160 785 63 tuleram· Iudico plané ex eo plus emolumenti proue

108 1207 776 68 nire uenditori, quàm lectori: quando etiã non huic,

111 1259 779 67 ſed illi cõſulitur per talia, quæ nolentibus nobis inuulᛘ

113 1313 777 63 gantur· Nemo huic peſti cupit ſubuentum, ne illæ

110 1353 771 76 quidem ciuitates, quæ Euangelio Chriſti, Domini no

106 1402 775 76 ſtri fauere dicuntur: Soli Typographi ſine legibus

106 1455 775 86 egunt· Verum, quæ nunc uides in Epiſtolam Pauli ad

898 1361 191 78 Typograpbi

898 1422 186 71 ſine legibus

898 1473 117 68 uiuunt.

694 1525 18 74 2
