1204 1852
384 94 628 65 COMMENT· POMER·

103 208 205 59 Exẽplo Chri

105 258 203 60 ſti moriamur

107 310 128 70 & nos:

318 160 764 63 eo communem fecit, ita & nos é morte extracti,

318 246 769 6 & in nouam vitam conſtituti, perſeveremus in ea,

318 296 769 6 non repetamus mortem · Semel ille mortuus eſt, &

312 323 6 40 iam ſemper vivit : Mors illi ultra non dominabitur ·

315 365 778 58 Ita & nos, qui in ipſo reuiximus, non cupiamus iteᛘ

313 416 782 54 rum mori: iam regnat ille in regno uitæ, non mor¬

317 465 779 57 tis, id́ hodie in gloriam eius prædicatur per totum

316 515 783 56 orbem. Summo dedecore ipſum adfecerimus, ubi conᛘ

314 566 778 55 tempta noua uita, ad mortem deficere uoluerimus,

313 613 786 60 quod ij faciunt, qui inferunt: ergo peccabimus, maᛘ

312 662 787 60 lunt illi mortem, quàm uitam, uide quàm abſurda

313 711 786 60 hæc ſint, peccatum remittitur, non ut pecces, ſed

314 762 785 62 quia Deus odio habet peccatum· Ita; peccatum ad

315 814 781 55 Chriſti regnum, & nouam uitam non pertinet· Be¬

316 863 780 57 nignitate alicuius principis e carcere ſoluor, ſtultus

317 913 773 58 fuerim, qui iam benignitatem putem non libertatem,

319 963 777 59 ſed captiuitatem fore, non ideo ſolutus ſum, ut ma¬

317 1012 490 67 neam in carcere, ſedut ſim liber·

512 1107 369 79 Nam ſi inſiticij.

366 1219 734 61 Id eſt, ſi inſerti ſumus illi, & unum factum cum

320 1274 776 59 eo, ſi cum eo uere ſumus mortui, non allegorice,

320 1326 781 58 ſicut quidam cauſantur, certe & reſurreximus cum

317 1374 785 62 eo. Volunt hic quidam Magiſtri carnis, ſimilitudi¬

317 1423 785 63 nem mortis, neſcio quibus tenebris obfuſcare, ſed neᛘ

319 1473 777 73 queunt· Aliter enim nos docet Spiritus ſanctus Dei,

1037 1528 49 71 qui
