1190 1842
167 90 619 74 IN EPIST· AD ROM·

812 98 55 81 10

298.0 165.0 270.0 68.0 Veritatem.

137.0 243.0 727.0 62.0 Id eſt, agnouerunt unum Deum, & beneficia eius

91.0 291.0 775.0 65.0 in creaturis, quem ſolum coli oportebat, ſed illi in

86.0 344.0 774.0 66.0 Idola conuerterunt, & mendaces cultus: ut nos quoqᛘ

88.0 391.0 764.0 68.0 fecimus, qui pro iuſtitia fidei, iuſtitiam operum, &

92.0 447.0 770.0 64.0 pro ſana doctrina, doctrinam dæmoniorum, accepiᛘ

91.0 497.0 755.0 56.0 mus· CONDITA· Id eſt, creaturas.

96.0 545.0 768.0 57.0 VSVM· Scilicet coeundi· PRAEMIVM.

145.0 595.0 718.0 61.0 Quia tradidit eos in concupiſcentias· NON

86.0 645.0 778.0 61.0 PROBAVERVNT· Ideſt, non uidebatur

85.0 693.0 780.0 65.0 eis bonum· AGNOSCERENT· Quod liᛘ

86.0 746.0 775.0 62.0 cuiſſet ex operibus Det· IN REPROBAM·

143.0 799.0 551.0 61.0 Id eſt, contraria de Deo ſentientem·

292.0 871.0 356.0 65.0 Omni uerſutia,

140.0 941.0 724.0 62.0 Plura & pauciora hic potuiſſent enumerari, ſed

83.0 991.0 613.0 67.0 hæc certis numeris non debent adſtringi.

200.0 1064.0 529.0 68.0 Qui cum Dei iuſtitiam.

136 1128 650 80 Hæc iterum de lege naturæ intelligi oportet·

284.0 1209.0 331.0 65.0 Aſſentiuntur.

135.0 1286.0 721.0 64.0 Perſtringit quarundam Gentium hypocrifim, qui

87.0 1335.0 572.0 67.0 tanen in ſpeciem iuſti uideri potuerint·

307.0 1436.0 299.0 67.0 Finis primi capitis·
