1204 1853
430 84 637 56 COMMENT· POMER·

351 156 772 54 propter Iudæos & Gentes, quorum appellatione omᛘ

349 198 775 62 nes homines in ſcripturis intelliguntur. Hæc eſt uox

350 250 769 60 filiorum Dei, non hypocritarum, ſentiunt enim per

351 299 769 60 ſpiritum, ita uere in corde rem habere, non in uerbis

348 350 769 60 tantum eſſe, quando enim dicunt: Pater, patrem ipᛘ

351 400 768 63 ſum habent, non uoce tantum, aut corde fingunt.

347 447 774 66 Hæ ſunt ipſæ diuitiæ, theſauriq́; diuinitatis & maie¬

346 495 774 65 ſtatis Dei, hic filij & hæredes ſumus, neq; alicunde

346 546 774 70 nobilius quiddam eſt expectandum, ideoq́; iubet oraᛘ

349 599 768 63 re: Pater noſter &c.q. d. Stin corde uere dixeritis

343 651 777 62 me patrem ueſtrum, ero pater, non abſens, ſed præ

348 700 767 62 ſentißimus. Poßidebo uos, & uos me: habebitis &

343 753 770 61 in me omnia, nempe, ſanctificationem nominis mei,

343 799 768 66 regni mei potentiam, uoluntatis mei agnitionem,

343 853 776 64 omnium neceſſariarum copiam, peccatorum remißioᛘ

342 904 774 63 nem, uictoriam Sathanæ, & omnium tentationum:

339 951 778 68 In ſumma, libertatem qua ſentietis, uos neutiq̃ poſſeᛘ

341 1002 774 64 fieri obnoxios ulli malo. O immenſam Dei bonitatẽ,

340 1051 780 65 quæ uſqueadeo, ſuis diuitijs nos obruit, quas utinam

339 1101 780 65 agnoſceremus·Vult eſſe pater, modo uelimus eſſe fiᛘ

338 1150 778 66 lij: trahit, ſolicitat nos in ſui amorem, ſuo ſpiritu:

339 1198 781 69 inuitat & externis beneficijs, ſed quia corda noſtra

339 1251 772 69 indurata ſunt, neq; audimus tam dulcemuocem, neq;

340 1304 411 64 uidemus ulla eius beneficia·

139 486 199 74 Hæreditas fi-

137 545 201 61 liorum Dei·

471 1375 502 69 Idem ſpiritus teſtatur.

390 1447 730 88 Id eſt, ipſe ſpiritus ſanctus, certum reddit ſpiri¬

1034 1516 89 53 tuns
