1204 1853
168 81 617 74 IN EPIST· AD ROM·

251.0 152.0 424.0 68.0 Nonſcriptum eſt.

142.0 216.0 723.0 55.0 Hic inculcat diligenter nobis, quod omnia ( quod

97.0 258.0 770.0 64.0 ad iuſtificationẽ tantũ attinet) de Abrahã dicta, ettã

98.0 310.0 767.0 59.0 de nobis dicantur. Non dicit de operibus Abrabæ,

95.0 361.0 766.0 63.0 ſed iuſtificatione, qua per Chriſtum eſt iuſtificatus,

94.0 410.0 771.0 61.0 ne quis diceret, ut infirmæ ſolent conſcientiæ: Hoc

92.0 462.0 775.0 51.0 de Abraham ſcribitur, ad me nihil attinet· De omni¬

93.0 512.0 774.0 56.0 bus dicitur: Beatus uir, cui non imputauit Dominus

97.0 561.0 769.0 58.0 peccatum, non tantum de Abraham· Eſt igitur parᛘ

93.0 611.0 769.0 62.0 ratio iuſtificandi ex fide, omnium & Abrahæ· Itaq;

95.0 659.0 620.0 66.0 omnes ex fide, ſine operibus iuſtificabimur·

421.0 718.0 102.0 63.0 Illi.

144 780 718 56 Scilicet, ad iuſticiã quod credidit· QVIBVS·

117 821 746 62 Scilicet nobis· IMPVTABITVR· Scilicet,

96 872 774 65 ad iuſticiam· IN EVM. Scilicet Deũ patrẽ·

321.0 935.0 330.0 60.0 Qui excitauit.

151.0 992.0 720.0 57.0 His concludit, Chriſtum eſſe mediatorem, & iuſtiᛘ

100.0 1039.0 374.0 62.0 ciam noſtram per fidem·

366.0 1098.0 232.0 65.0 Traditus.

139.0 1161.0 729.0 55.0 Nam non pepercit et Deus, tradidit illum, ut ſa¬

95.0 1207.0 459.0 69.0 tisfaceret pro peccatis noſtris·

359.0 1266.0 235.0 61.0 Excitatus.

148 1324 725 59 Scilicet, ut nos maneremus in iuſticia & nouita

97.0 1367.0 773.0 69.0 te uitæ·Quidam hic differentiam ſuſpicantur, quod

93.0 1418.0 777.0 65.0 non dicit, excitatus eſt propter peccata noſtra, ſeuᛘ

84.0 1470.0 777.0 74.0 remißionẽ peccatorũ-Scriptura ſic loqui ſolet: Eſtq́

814 94 53 63 46
