1192 1838
145 88 619 63 IN EPIST· AD ROM·

787 98 37 56 28

342 165 181 63 Iudæi.

109 229 724 56 Non hic differentiam facit inter Iudæos & Græ¬

68 277 764 65 cos, neq; his priores, illos poſteriores, ut exponit

69 326 603 66 mox· GLORIA· Scilicet à Deo·

326 388 252 63 Operanti.

119 445 722 59 Ex puro corde, alioqui non poteſt eſſe bonum

72 491 771 65 opus, id quod uides per totam Epiſtolam· Nam quic

73 544 674 62 quid non eſt exfide, peccatum eſt, Rom·14·

197 604 513 60 Non eſt perſonarum.

119 661 726 58 Exponit quod ante dixerat, Iudæo primum ſimul

74 708 768 60 & Græco·Iudæum non ideo ſaluat, quia Iudeus eſt:

74 754 770 64 ne Græcum aut aliquem ex Gentibus ideo damnat,

76 805 769 64 quia ex Gentibus eſt. Sed ſi Gentilis ſeruat legem,

77 854 765 69 ſaluatur: ſi Iudæus eſt tranſgreſſor legis, damnatur·

75 907 775 59 Nullus autem hominum unquam ſeruauit legem ex ſic

73 956 780 62 is uiribus, ut Petrus in Actibus, Neq; nos, neq paᛘ

73 1008 779 60 tres noſtri potuerunt portare onus legis· Hypocritæ

74 1057 775 62 eum reſpiciant tantum in externa opera, decipiun¬

76 1106 771 65 tur, putant ſe legem implere, cum nihil minus

78 1163 138 59 faciant·

859 747 184 64 Gentilis ſi ſerᛘ

859 796 190 83 vat legè, ſal¬

857 859 89 63 vatur·

325 1214 258 65 Quicun.

122 1276 728 55 Hic aufert Iudæis fiduciam legis ſcriptæ, nam

78 1319 787 64 iactabant ſe habere legem ſcriptam, ut nos hodie de¬

75 1371 776 61 Euangelio· At ex hoc nulla eſt iuſtificatio quod

75 1423 777 59 prædicatur Verbum, niſi corde arripiamus ·Iudæt

69 1477 781 62 dicere potuerunt, Non fecit taliter omni nationi & c·

674 1534 50 43 2
