1192 1841
113 104 636 60 IN EPIST· AD ROM·

77 175 769 57 tinet, tamen in corde gratiam non credunt, ſed tan¬

77 223 768 59 tum ſua opera meritoria, nihil uero conuenit gratiæ

77 273 768 59 cum meritis noſtris: ubi gratia eſt, iam meritum lo¬

78 321 767 74 cum non poteſt habere· Aperta ſunt hæc, & lu¬

79 376 194 61 ce clariora·

231 433 462 69 bin ex operibus &c.

90 496 757 58 Vtcun hoc argumentum uerteris, conſtabit:

80 543 769 60 uix eſt clarior locus contra eos, qui nituntur iudicioᛘ

80 594 770 57 rationis, & nihil admittendum cenſent, quàm quod

82 642 764 64 ipſi poſſunt animo complecti. Conferant hic operis

80 693 766 60 & gratiæ rationem, & deprehendent, niſi fuerint

80 742 765 61 trunci & lapides, gratia cõſtare ſalutẽ, nõ operibus¬

772 90 57 69 125

286 803 284 63 Quid igitur.

133 859 716 63 Id eſt, quid plura dicã, hæc eſt ſumma totius rei¬

149 908 702 78 Quod quærit lſrael, hoc non

82 970 330 68 eſt adſecutus.

138 1041 707 56 Quærit iuſticijs carnis ſalutem, at non inuenit,

80 1084 768 65 nemo autem eam quærere poteſt, niſi ſpiritus ipſum

79 1138 769 58 præuenerit & ad quærendum impulerit, quod uero

80 1184 770 59 Matth·7· dicitur: Quærite, & inuenietis, de Chriᛘ

82 1232 761 67 ſtianis, id eſt, ijs qui ſpiritu Det ducuntur, dicitur,

78 1283 647 61 ill inueniunt, alij iuſticiarij non inuentunt·

178 1345 573 53 Sed electio conlecuta eſt.

129 1405 720 57 Id eſt, illi, qui electi ſunt à Deo, ſaluantur, quod

78 1452 766 84 plene & eleganter dixit: ſic & hæreditas ſæpe pro

77 1501 352 83 ipſis hæredibus legitur·
