1171 1839
432 84 595 58 OMMENT· POMER·

328 152 766 57 poſſunt per inobedientiam unius hominis Adæ, om¬

321 198 772 57 nes facti ſumus inobedientes: per obedientiam Chri

322 248 770 61 ſti, qui uſq ad mortem patri factus eſt obediens, fa¬

321 302 770 61 cti ſumus obedientes, recepti in filiationem, qui era

323 352 287 59 mus antea excluſi.

585 407 171 63 Multi.

108 502 190 74 Pax cordis unᛘ

110 566 179 67 de petenda·

362 473 725 57 Id eſt, quotquot credunt & Chriſtum ſuſcipiunt ·

324 516 762 64 His omnibus tantum uult confirmare pacem, de qua

312 570 774 62 dixit, ut ſimus certi plus poſſe gratiam, quàm pecca¬

309 616 773 69 tum, non eſt nobis negligendum, quod aliena tu¬

308 668 774 69 ſticia ſaluamur· Ita quoties nos ſollicitat peccatum

308 720 775 61 in Chriſtum nos conijciamus, credamus illius omnia

308 766 772 70 noſtra eſſe, & per ipſius opus nos ſaluari. Cum reſpiᛘ

306 822 774 61 cimus in noſtram iuſticiam, occurrunt tot millia pec¬

304 876 772 57 catorum, quibus magis ac magis uexantur conſcien¬

303 921 762 67 tiæ noſtræ, ſi uero in ſolum Chriſtũ reſpexerimus,

301 980 776 55 pacem habebimus & gloriabimur, Deum eſſe no¬

301 1022 771 69 ſtrum Deum, quod ſicut peccatum fuit potens, gra¬

303 1076 452 62 tiam multo potentiorem fore·

525 1136 323 56 Cæterum lex.

343 1193 732 65 Occupatio neceſſaria eſt ad prædicta, quaſi dice¬

301 1241 768 67 ret, nos diximus interim de peccato & tuſticia,

301 1290 774 63 morte & uita·Ad quid ergo lex, quæ interim data

303 1341 772 60 eſt & non fruſtra, ut teſtantur conſcientiæ noſtræ?

303 1390 767 73 Reſpondet· Subijt, uenit & intrauit ad nos obiter,

302 1444 767 84 ideſt, peccato regnante, & ſtante ab eo tempore,

998 1513 75 55 quo
