1187 1846
146 101 620 71 IN EPIST· AD ROM·

788 119 54 65 143

77.0 184.0 773.0 59.0 beat, ſecundum rationem ſui doni, id quod docet ip¬

82.0 229.0 322.0 66.0 ſa fides: ergo adiecit

149.0 286.0 701.0 67.0 Vt cui Deus partitus eſt men¬

83.0 342.0 275.0 71.0 ſuram fidei.

129.0 414.0 722.0 52.0 Hic enim minus, hic plus credit: his hæc, illis

82.0 460.0 771.0 62.0 alia collata ſunt dona, & quiſ utitur pro menſura fiᛘ

84.0 510.0 766.0 60.0 det, id eſt, ut quenq; impellit & hortatur ſua fides,

83.0 562.0 771.0 59.0 ad feruiendum proximo per ea dona, ita ſeruit. Quiᛘ

82.0 610.0 772.0 62.0 dam hodie ſe doctores eſſe putant, uolunt́ oẽs homiᛘ

85.0 661.0 768.0 60.0 nes docere, cum nondum poſſunt eſſe diſcipuli: quod

85.0 711.0 770.0 61.0 quidem non eſt ſentire ſecundum menſuram fidei, ſed

83.0 761.0 766.0 60.0 contra fidẽ. Sed uide, quomodo id ſimilitudine quoq

85.0 809.0 647.0 63.0 eleganti & ſatis manifeſta nobis proponat·

93.0 869.0 764.0 63.0 Quemadmodum enim in uno

85.0 926.0 425.0 69.0 corpore membra.

120.0 993.0 734.0 53.0 Oculus alijs membrum nobiltus uidetur, attamen,

85.0 1037.0 772.0 64.0 quo nobilior eſt, hoc magis omnibus alijs membris ſerᛘ

85.0 1091.0 774.0 51.0 uit . Item, manus præſtat cæteris membris, ſed non

86.0 1138.0 775.0 60.0 poteſt gloriari quod nobilius ſit & dignius, imò ui¬

83.0 1190.0 777.0 58.0 det ſe eſſe ſeruum omnium aliorum membrorum, par

84.0 1240.0 780.0 56.0 ratio eſt de omnibus membris, quæ omnia unum cor¬

90.0 1285.0 766.0 67.0 pus ſimul cõſtituunt. Sic inter Chriſtianos fieri quoq

87.0 1336.0 775.0 61.0 debet, inter hos non ſit dominus aut tyrannus, ut maᛘ

86.0 1387.0 775.0 55.0 xime alius nobilius habeat donum altero, tamen non

88.0 1436.0 770.0 63.0 putet ſe eſſe in hoc dominum, ſed ſeruum aliorum¬

80.0 1490.0 778.0 66.0 Hæc digna erant, quæ in uſum prouerbiorum trahe¬

76.0 1545.0 127.0 58.0 rentur·
