1156 1884
179.0 113.0 633.0 62.0 IN EPIST· AD ROM·

305.0 189.0 368.0 65.0 Laudas eximia.

157.0 252.0 726.0 62.0 Id eſt, ea quæ bona ſunt· Vnde hoc noſti? quia

109.0 296.0 774.0 68.0 inſtitutus es in Moſe & lege· CONFIDIS¬

134.0 349.0 744.0 66.0 VE· Non dico quod es· CAECORVM·

161.0 400.0 321.0 65.0 Id eſt, ignorantium·

267.0 459.0 464.0 64.0 Lumen in tenebris.

163.0 519.0 719.0 58.0 Id eſt, eorum qui errant, non nouerunt Deum,

108.0 564.0 778.0 65.0 ueritatem &c· ERVDITOREM· Copia

107.0 613.0 271.0 65.0 eſt in ijs uerbis.

344.0 676.0 286.0 68.0 Habentem.

150.0 734.0 734.0 63.0 Id eſt, qui habeat· PER LEGEM· i· ſcriptuᛘ

107.0 781.0 776.0 67.0 rã ſanctã, in qua nihil non adſecutũte putas· Hæc

107.0 833.0 776.0 59.0 omnia ſecundum affectũ illorum hominum in ſpe¬

106.0 884.0 780.0 61.0 ciem ſanctorum locutus eſt· DOCES· Sci¬

105.0 931.0 779.0 64.0 licet ex lege, ſcripturis ſanctis· TEIPSVM·

144.0 982.0 587.0 66.0 Id eſt, ea ipſa quæ doces, non imples ·

830.0 131.0 51.0 53.0 21

342.0 1043.0 219.0 54.0 Furaris.

134.0 1097.0 746.0 59.0 Id eſt, in corde cõcupiſces aliena, ut in·7· Cap·

107.0 1145.0 773.0 64.0 uides·Loquitur uulgaribus uocabulis de peccatis,

105.0 1195.0 775.0 58.0 abſtinet interim à uocabulis, pietatis & impietatis,

108.0 1245.0 770.0 65.0 uſ in ſuum locum. Gentes dicebant, Bonus uir eſt,

114.0 1294.0 768.0 63.0 qui non furatur, non facit malum &c·Iudæi, Boᛘ

112.0 1348.0 767.0 62.0 nus uir eſt, qui facit bona opera: Aliter uero Spiri¬

113.0 1397.0 764.0 66.0 tuſſanctus, qui non curat mores iſtos philoſophicos

107.0 1447.0 776.0 62.0 nec hypocriſin ſanctulorum: ibi eſt peccatum, ubi

102.0 1499.0 779.0 68.0 mundus putat eſſe ſanctitatem·ideoq; hic dicit, pu¬

922.0 1273.0 166.0 67.0 Hypocriſis

887.0 1328.0 199.0 59.0 maximũ pec¬

887.0 1377.0 117.0 54.0 catum·

709 1600 55 6 B5
