1166 1849
126 87 646 71 IN EPIST· AD ROM·

111 159 738 57 Id agamus, ut proximo placeamus, at non quouis

71 204 778 64 modo, ſed in bonum, non uult Paulus, ut conniuea¬

68 256 781 61 mus ad eorum uitia, uerum accommodemus nos illis,

68 304 781 66 in ijs quæ poßint eſſe ſalutis, & ex quibus meliores

68 355 781 67 reddi quæant: & hoc proprium eſt Chriſtianæ cha¬

68 406 778 59 ritatis, ſic placere alicul, ut in Deum non pecces:

70 456 779 59 ſed mundus aliter placet ſuis, non habita ratione ſaluᛘ

68 506 780 59 tis, aut famæ etiã, fouet mendaces, deceptores, pa¬

67 554 783 65 lam iniuſtos, adulteros, & alios malos, quibus pla¬

68 605 557 60 cet, in ſuam & illorum pernitiem·

67 663 778 71 Etenim Chriſtus nõ placuit ſibiipſi

109 728 736 55 Potuiſſet Chriſtus nos omnes abijcere, quia im¬

69 773 776 59 pij eramus, ipſe uero omm culpa uacabat, ue¬

67 823 777 62 rum noluit, tam bonus, tam́ benignus erat, in ini¬

66 874 778 59 micos ſuos, quare & nos illius exemplo moti, ne¬

65 923 777 57 minem contẽnamus, aut abijciamus: habeamus illũ

65 975 772 62 ſemper tanq imaginem quandam nobis propoſitam,

64 1027 777 59 in quam cernamus, ut quoties uſus poſtulet cum proᛘ

64 1075 777 60 ximo, uel loqui, aut quid aliud agere, ex ea formam

64 1127 778 64 quandam petamus, & nobis deſumamus, loquendi

66 1173 386 66 agendi́ omnia cum illo·

795 86 57 74 161

862 246 197 0 Proximo ſeraᛘ

862 296 195 1 viendum, ſed

862 349 192 1 ad bona tanſ

862 397 73 0 tum·

193 1242 344 65 Scriptum eſt.

114 1304 593 55 Scilicet, in Pſal. Saluum me fac Deus·

127 1362 710 64 Opprobria opprobrantium ti¬

67 1423 481 70 bi, ceciderunt in me.

104 1485 732 81 id eſt, ſuper me Sunt uerba Chriſti, ut & hiſtoria

684 1577 38 1 X
