1171 1840
217 94 569 61 EPIST· AD ROM·

63 163 777 71 Nõ enim uolo uos ignorare fratres.

113 235 724 52 Id eſt, uos Gentes, ſcitote non temere factũ eſſe

62 274 774 65 ꝙ ludæi ſint abiecti, uos uero aſſumptæ : Eſt admi¬

58 331 777 60 rando Dei & arcano conſilio factum, qui nouit quo

58 382 777 60 modo unumquemuis trahat ad ſe & allictat, quare noᛘ

58 430 778 62 lite eſſe inſolentes: aut qui uideamini uobis eſſe me¬

58 480 780 59 liores & ſanctiores ludæis, cauete ne in hanc opi¬

58 533 776 65 nionem incidatis: Seruite Deo in timore potius, ſic

57 579 267 59 enim conſiſtetis.

191 646 223 62 Exparte.

108 703 724 64 Id eſt, aliquibus tantum Iudeis, nempe ijs, qui

59 752 254 58 erant increduli·

799 105 38 59 133

119 807 653 65 Donec plenitudo aduenerit.

104 871 732 55 Id eſt, omnes Gentes quæ erant conuertendæ·Noᛘ

58 912 616 67 uit autem ſolus Deus hanc plenitudinem.

114 986 659 65 Et lictotus Iſrael ſaluus erit.

104 1049 731 58 Multi de ludæis nouißimo tempore conuertendis

55 1092 779 65 intelligunt, ego uero, de toto Ifraële, id eſt, omni¬

56 1145 778 57 bus electis, ſiue Iudæis, ſiue Gentibus intelligo: nam

57 1200 778 57 & Paulus in ea eſt ſententia, ut uocet eos tantũ Ifraël

59 1248 772 60 qui credunt Verbo Dei: Vide Cap.9. Et alios locos

111 1319 685 68 Sicut ſcriptum eſt , Adueniet.

100 1387 723 55 Eſaiæ hic locus, alijs uerbis in Hebræo ſcribitur,

52 1426 778 65 non eſt tamen alia ſententia, quod ideo moneo, ut ſciaᛘ

49 1479 776 70 mus, nihil retuliße apud Apoſtolos reddere uerba,

693 1547 12 49 R5
