1186 1860
38.0 757.0 275.0 77.0 Empie conha

41.0 832.0 280.0 84.0 S. Tacoh een

424.0 105.0 623.0 52.0 COMMENT· POMER·

345.0 173.0 766.0 52.0 catus, ergo & nos ante omnia opera iuſtificamur·

345.0 215.0 774.0 61.0 Circunciſio primum eſt opus legis, ſine quo reliqua

345.0 266.0 771.0 62.0 commode fiert nequeunt, qualis & apud nos eſt bapᛘ

343.0 313.0 775.0 64.0 tiſmus· Præterea eſt tantum ſignaculum iuſticiæ (nõ

346.0 365.0 774.0 63.0 ipſa iuſticia) quæ eſt per fidem· Vide quæ in Geneſi

346.0 417.0 772.0 62.0 de ijs dicuntur, ubi non pauci anni interceſſerunt in¬

343.0 468.0 770.0 62.0 ter hanc hiſtoriam fidet, & inter circunciſionem,

346.0 518.0 770.0 61.0 Nam priuſquàm Iſaac ex Sara, & Iſmaelem ex Agar

345.0 566.0 775.0 61.0 ſuſciperet, de ipſo dixerat Scriptura· Credidit Abraᛘ

345.0 620.0 776.0 54.0 ham, & reputatum &c· Ideoq́; cum circunciſio priᛘ

344.0 666.0 775.0 59.0 mum ſit opus legis, & tamen ante eam iuſtificatus ſit

346.0 716.0 775.0 60.0 Abrahã, quid eſt, in quo hæreamus? Ex hoc loco poᛘ

342.0 765.0 777.0 60.0 tes deprehendere errorem Iacobi Epiſtolæ, in qua imᛘ

349.0 819.0 771.0 56.0 pium uides argumentum, præterquàm quod ridicule

342.0 866.0 780.0 61.0 colligit. Citat Scripturam contra Scripturam, quod

344.0 914.0 776.0 62.0 Spiritus ſanctus ferre nequit, non poteſt igitur reli¬

344.0 965.0 777.0 62.0 quis adnumerari libris, qui tuſticiam fidei prædi¬

342.0 1015.0 779.0 62.0 cant. Epiſtola ad Hebræos, longe dignius tractat bæc

347.0 1070.0 170.0 60.0 exempla·

472.0 1145.0 499.0 68.0 Non in circunciſione.

394.0 1227.0 727.0 61.0 Sententia eſt, iſta beatificat io, qua Deus iuſtificat,

344.0 1276.0 775.0 53.0 non ſolum ad Iudæos pertinet, ſed ad Gentes, imò

344.0 1327.0 777.0 62.0 maxime ad Gentes, quia Abraham fuit iuſtificatus in

344.0 1382.0 779.0 55.0 præputio, non in circunciſione· Itaq; propter fidem

341.0 1429.0 783.0 60.0 in Dei promißionem, non propter opera eſt iuſtificaᛘ

343.0 1475.0 780.0 68.0 tus· Hæc conſtantißme ſemper opponenda ſunt tuſti

1013.0 1538.0 106.0 60.0 ciarijs
