1202 1850
384.0 79.0 630.0 56.0 COMMENT· POMER·

326.0 144.0 785.0 60.0 num. Quo palàm fit, ut lex, ex qua uitam ſperarã

330.0 192.0 771.0 56.0 (nam Iuſticiarij eam quærunt in illa) me occidet &

326.0 242.0 783.0 59.0 non uiuificet: mandando nunquã efficere poteſt, ut

329.0 291.0 752.0 60.0 quod deliquimus, opere aliquo bono reſtituatur·

330.0 341.0 777.0 59.0 Opus eſt ergo ad uitam non legis operibus, quæ faceᛘ

329.0 390.0 779.0 62.0 re non poſſum, ſed condonatione peccati & gratia

330.0 441.0 777.0 62.0 Dei· Quemadmodum homicida quiſpiam, quomodo

333.0 493.0 775.0 57.0 reſuſcitabit occiſum ſuis manibus? Ab eo peccato,

332.0 540.0 778.0 63.0 bic coram mundo liberari nequit, niſi ipſi homicidiũ

332.0 593.0 774.0 59.0 condonetur, ita maliun noſtrum quod facimus, nunq

336.0 645.0 773.0 61.0 per legis opera expiabimus, imò per eam magis damᛘ

333.0 691.0 161.0 62.0 nabimur·

521.0 766.0 388.0 64.0 Nam peccatum.

379.0 829.0 734.0 56.0 Experientia doctus ſum, meo uitio mandatum miᛘ

342.0 872.0 331.0 68.0 hi ceſſiſſe ad mortem·

156.0 1176.0 187.0 67.0 Lex occaſio

139.0 1236.0 130.0 65.0 peccati·

526.0 946.0 385.0 69.0 Per præceptum.

435.0 1002.0 493.0 65.0 Id eſt, legem in corde reuelatam·

552.0 1079.0 297.0 66.0 Decepit me.

391.0 1157.0 725.0 52.0 Non lex me decepit, ſed meum peccatum, meum

342.0 1206.0 773.0 58.0 malum & uitium, tametſi ipſum præceptum, occaᛘ

341.0 1254.0 771.0 60.0 ſionem decipiendi me, peccato dederit, in hoc ta¬

342.0 1307.0 770.0 55.0 men non lex, ſed ego ſum accuſandus·Vt æger occaᛘ

341.0 1357.0 769.0 58.0 ſionem peccandi, id eſt, edendi quæ non conducunt,

340.0 1408.0 775.0 59.0 ex mandato medici præſcripto accipit, ita noſtrum

343.0 1456.0 609.0 72.0 peccatum, per legem irritatum inſoleſcit·
