1207 1845
393 91 618 57 COMMENT·POMER·

366 156 732 58 Neminem excipio, hæ leges omnibus præſcribun

318 203 778 63 tur, ut ſcias neminem eſſe, qui ijs uitijs non inpingue

319 256 705 60 tur, ſi enim abeſſent, cur hæc moneret Paulus?

349 320 716 68 Ne quis arroganter de ſe ſentiat.

366 386 732 55 Ne ſcilicet quis ſe aliquid eſſe putet, & alteri ſeᛘ

320 431 616 59 præferat, quod natura nobis innatum eſt·

320 505 778 65 Supra quam oportet de ſe ſentire¬

368 568 731 54 Licet quidem, ut aliquid de nobis ſentiamus, ſed

323 612 776 58 modeſte & ſobrie, id quod antea dixit: Ne quis arroᛘ

327 700 770 6 ganter ſentiat · Sciat igitur Chriſtianus, ſibi gratiam

324 718 3 43 datam, aut donum aliquod, non ut in hoc glorictur,

322 762 779 56 & præ ſe contemnat fratrem, ſed ut per illud fratri

322 812 778 60 ſeruiat: qui donum habet Prophetiæ, is ſciat & ſenᛘ

318 863 779 62 tiat ſe habere, interpretetur Scripturas, ut alij quoq

322 913 779 58 inde ſuum peccatum agnoſcant & ædificentur: ue¬

323 961 779 59 rum Sathanæ aſtus non ſinit nos eſſe modeſtos & ſo¬

323 1014 777 52 brios in uſu donorum, nam id agit, ut gloriemur in

326 1061 775 60 ijs, putemus́ multo nos eſſe meliores alijs. Si quid

325 1112 775 57 habemus, Det gratiæ acceptũ referamus, omnia enim

324 1159 776 60 ex illo habemus, nihil ex nobis: fur eſt & latro, qui

326 1212 774 55 ſibi id arrogat, quod non ſuum eſt, ſed Dei, ergo ad

325 1265 780 57 menſuram de nobis ſentiamus, quod donis noſtris utaᛘ

327 1314 771 57 mur, non in noſtram, fed illius gloriam faciamus, agᛘ

326 1361 779 61 noſcamus́ per hæc nos nõ factos eſſe dominos, ſed

328 1408 780 66 ſeruos aliorũ. Siquidẽ in ijs (ſi modo Chriſtiani eſſe¬

328 1464 783 73 mus) eſſet cernere, quomodo quiſ alteri ſeruire de¬

118 664 200 60 Donis quomo

115 724 193 54 doutendum·

1003 1519 103 74 beat,
