1163 1831
118 76 656 53 IN EPIST· AD ROM·

66.0 142.0 767.0 59.0 quia credit iuſtificanti Deo, ut uideas ſolam gratiam

64 189 767 65 & miſericordiam, meritum omnino excluditur: nec

65.0 241.0 767.0 62.0 eſt ullum, ſi tamen aliquod fingitur, non ſaluamur

67.0 290.0 768.0 68.0 ex gratia· Id́ eſt primum argumentum, nos fide

67.0 339.0 179.0 67.0 iuſtificari.

135.0 396.0 644.0 67.0 Quemadmodum & Dauid.

120.0 457.0 721.0 61.0 Secundum eſt argumentum. Iuſticia eſt per im¬

71.0 508.0 203.0 61.0 putationem·

135.0 561.0 577.0 61.0 Beatificationem hominis.

167 616 550 73 Id eſt, qua homo fit iuſtus & beatus·

328.0 688.0 259.0 69.0 Cui Deus.

114.0 752.0 730.0 58.0 Dicit hunc beatum, quem Deus iuſtificat, nõ qui

71.0 802.0 776.0 57.0 facit bona opera· Acceptat nos pro iuſtis, tametſi

67 843 773 66 ſecundũ naturã ſimus iniuſti: ſicut ei dono debitum,

66.0 898.0 782.0 60.0 qui non eſt ſoluendo, is iam liber eſt à debito, nõ quia

67 942 784 71 ſoluerit, ſed quia ſolutionẽ imputo, alioqui ſi non imᛘ

68 993 780 67 putaſſem, manſiſſet debitor. Sic non ex nobis, ſed

65 1043 760 73 ex Deo tuſti ſumus. Audis ergo hic ſolam gratiam·

780.0 89.0 40.0 52.0 39

270.0 1108.0 325.0 59.0 Obtecta ſunt.

119 1179 729 56 Scilicet à Deo. Non dicit, qui non habent, Deus

65 1222 777 65 non imputat peccatum, ſed iuſticiã, ut eſt in Hiere,

64 1272 735 67 Et peccatorum eorum, non memor ero amplius·

335.0 1344.0 237.0 63.0 Dicimus.

124.0 1405.0 727.0 61.0 Scilicet ex ſcriptura, non ego. Tertium eſt ar¬

70.0 1455.0 774.0 70.0 gumentum, Abraham ante circunciſionem eſt tuſtifi¬
