1196 1858
144 126 644 56 IN EPIST· AD ROM·

835 145 32 51 9

93 196 773 59 gere, et ſimul negare uerba Chriſti. Huius orõnis et deᛘ

90 243 775 67 ſyderij exemplũ uidere licet in captiuo: qui cũ ſciat ſeᛘ

89 294 777 64 laqueo debere perire, tamen perpetuo non ceſſat deᛘ

93 344 774 63 ſyderare, ut liberetur, etiam quando dormit, ſibi liᛘ

91 391 776 68 bertatem ſomniat aliquã. Si itaq; ſic adfectus es, ſemᛘ

95 447 771 56 per oras, uidens præ oculis imminens periculũ· Sic

91 495 774 65 Paulus ſemper orabat pro Romanis, quia ſemper illoᛘ

92 545 467 60 rum fidem prædicari audiebat·

140 664 737 64 Contra Lib· Arb·hæc eſt ſententia Pauli, qui nõ

91 711 767 63 audebat proponere ut ueniret ad Romanos· Non cuᛘ

90 760 774 61 rat hic ſuam bonam intentionem Paulus, ſed in uo¬

90 812 773 64 luntatem Dei reſpicit·Nulla enim intentio noſtra eſt

90 859 580 65 bona, mſi rectificata per Verbum Dei·

378 605 209 63 Ad uos.

305 936 312 61 Vt impertiar.

139 994 723 59 Id eſt, ut prædicem uobis Euangelium, quo conᛘ

87 1040 774 62 firmemini, ſcilicet, in fide ueſtra, quam de uobis auᛘ

84 1090 775 61 dio ·Vides modeſtißime loqui Paulum, & tamen ni¬

87 1140 770 70 mium à ſe dictum putat, quare addit correctionem

85 1192 216 60 Rhetoricam.

872 687 192 60 Contra Lib.

875 730 175 62 Arbitrium.

131 1264 682 68 Communẽ capiã conſolationẽ.

135 1339 718 58 Quaſi dicat: In hoc ueniam ad uos, ut mea fides

84 1387 770 64 uos conſoletur, & me ueſtra: uel ut ſimul gaudea¬

80 1437 773 60 mus, audientes fidem noſtram mutuam, uti ſolent

77 1486 771 71 Chriſtiani· Verum aliud interim agebat Paulus in corᛘ

718 1549 28 81 B
