1181 1839
157 98 629 53 IN EPIST· AD ROM·

88.0 163.0 776.0 57.0 incomprehenſibiles, aut æternas, ſed eas tantũ, quas

86.0 212.0 779.0 61.0 ratio cognoſcere poteſt & intueri: Idcirco & huius

89.0 260.0 777.0 61.0 domus, ratio, lux eſſe dicitur, qua amota, nihil aniᛘ

88.0 312.0 772.0 62.0 mna ipſa intelligit, aut concupit· Corpus autem, to¬

87.0 359.0 779.0 64.0 tum illud externum eſt, conſtãs pluribus membris, haᛘ

89.0 409.0 778.0 64.0 bet́ ſuos motus & operationes, ex primis duabus

92.0 459.0 786.0 66.0 partibus, anima & ſpiritu, nam omnia, ut per animã

89.0 510.0 781.0 64.0 cognoſcuntur, & ſpiritu creduntur, in illo fiunt· Et

91.0 560.0 776.0 63.0 ut id clarius fiat, ſimili quodam ex Scripturis, taberᛘ

89.0 617.0 778.0 54.0 naculum Moſi proponemus. Atrij nomine, corpus

94.0 659.0 773.0 66.0 ſignificari poteſt, nam ut atrium illud, ſub Diuo erat

89.0 713.0 775.0 62.0 omnium oculis patens, ſic corpus externũ eſt & cerᛘ

91.0 761.0 773.0 61.0 nitur, tangitur: hic nihil eſt ſecretum, aut arcanũ,

89.0 811.0 778.0 65.0 ne tale quiddam hic geritur, ſed omnia in propatulo

89.0 860.0 779.0 62.0 erant· Verum omnia intus geruntur, aut in Sancto et

87 904 776 66 ante fores eius, aut Sancto ſanctorum: ita Sanctũ,

91.0 960.0 777.0 64.0 animã ſignificabit, in eo, & ant? fores eius, omnia

91.0 1010.0 776.0 61.0 uiribus humanis fiebãt, cædebantur uictimæ, expi¬

92.0 1058.0 770.0 65.0 ationes́ celebrabãtur. Nõ ſecus in aniares habet,

93.0 1112.0 772.0 62.0 quæcũq per eã fiũt, ſunt humanæ uires, ex ratione

91.0 1159.0 774.0 65.0 et ſapiẽtia carnis profluũt, hic nihil adhuc eſt uere ſanᛘ

89.0 1208.0 777.0 62.0 ctũ, et uere diuinũ, tametſi quædã multã ſpetiẽ habeᛘ

91.0 1256.0 775.0 68.0 ant ſanctitatis·Quare, in Sanctũ ſanctorũ eſt progreᛘ

87.0 1305.0 780.0 66.0 diendũ, ubt nihil humanarũ eſt uiriũ, nihil naturalisᛘ

87.0 1357.0 780.0 66.0 lucis, uerũ tenebræ & caligo, quo ſignificabatur hãc

86.0 1407.0 776.0 66.0 eſſe domũ Dei, qui habitat in abſcondito, quiq́; non

77.0 1457.0 780.0 76.0 cernitur preſidio humanæ ullius lucis, aut ſapiẽtiæ

669.0 1522.0 81.0 59.0 M4

872.0 323.0 199.0 73.0 Corpus quid?

809 73 46 86 92
