1171 1855
414 99 625 57 COMMENT· POMER·

337 167 773 61 Tum confuſione confundentur, neq; erit eis lux, nã

330 220 566 57 non poſſunt inuocare nomen Domini.

483 271 422 64 Quod ſi iniuſticia.

373 332 730 56 Hoc omnino eſt extra propoſitum, ſed mos eſt Pauᛘ

325 379 776 61 lo, propter citationem aliquam ex Scriptura, adduceᛘ

323 429 779 60 re quædam extra propoſitum: tamen ea ut neceſſaria

322 481 783 59 tractat, ne quis ex citata Scriptura aliquid minus in¬

321 528 790 62 telligat· Dixerat enim ex Pſalm· Vt iuſtificeris, Quod.

321 573 789 71 intelligere non potes, niſi legas priora, Tibi ſoli pecᛘ

329 666 773 5 caut · Alias enim flatim inferret caro,Ergo pecce¬

321 682 775 56 mus, nam in hoc faciemus Deo maximum honorem,

322 730 775 57 quo grauius fuerit noſtrum peccatum, tanto erit illu¬

320 780 777 59 ſtrior Det gloria· Certe uerum eſt, Deum ex noſtris

320 830 777 62 peccatis glorificari· Sed quod infertur, Ergo pecca¬

320 881 776 57 bimus, hoc malum eſt· Simile exemplum Scripturæ

320 930 777 57 citatæ per Paulum, habes Epheſ ·4· ubi citarat exᛘ

319 980 777 59 Pſalm· Aſcendens in altum, captiuam duxit captiuiᛘ

317 1030 778 59 tatem, dedit dona hominibus· Non ibi propter pri¬

319 1083 775 55 mam aut fecundam particulam citatur Scriptura, ue¬

319 1130 779 59 rum propter ultimam, quæ eſt de donis, de quibus in

319 1182 777 57 eo loco Paulus agit· Sic & hoc loco, adducit Pauluis

318 1229 775 64 uerſum, qui potuiſſet occaſio eſſe impijs, ut dicerent,

319 1283 773 59 Ergo peccemus fortiter· Ideo præoccupat et exponit·

119 590 190 57 Verus ſenſus

123 639 174 72 Scripturæ·

578 1339 247 62 Iniuſticia.

373 1395 546 60 Si clarior fit gloria Dei meo peccato·

478 1446 417 77 Qui inducat iram.

978 1515 121 64 Scilicet
