1188 1843
400 93 645 57 COMMENT· POMER·

107 203 202 63 Beneficijs uin

109 255 176 63 cendi mali.

108 1295 202 56 Obediendum

107 1346 192 73 magiſtratui

320 163 775 69 Hoc enim ſi feceris, carbones ignis.

366 229 733 60 Hæbraiſmus eſt, id eſt, efficies, ut ipſe ſibi iraſca¬

316 273 777 61 tur, agnoſcens tuam bonitatem, & ſuam maliciam,

316 321 779 68 ſeipſum arguet dicens: ah quid feci? cur eum per

315 369 782 68 ſecutus ſum, qui mihi bene uult? Sic fit, ut multipliᛘ

315 422 781 66 ci dilectione, quam ille cogetur ſentire, eum cruciabis

315 474 782 63 aut ures: hoc eſt nobilißimũ uictoriæ genus, benefi¬

315 524 780 62 cijs uincere, de qua re quidem multa prodiderunt Phiᛘ

315 576 777 68 loſophi, at nihil præstare potuerunt, ſcribere potueᛘ

316 629 426 63 runt, perſuadere minime.

443 689 456 57 Ne uincaris a malo.

361 748 731 56 Id eſt, ab iniuria, uel perſecutore:uel, ne ſis impoᛘ

319 792 553 64 tenti animo, ſed forti, & conſtanti.

377 852 587 60 Imo uince bono malum.

363 912 730 58 Id eſt, iniuriã benefactis repẽde ·Hactenus ita de

314 956 779 63 moribus Chriſtianis dixit multa Paulus, quæ ad nos

316 1009 774 66 & proximũ pertinent, nũc alias paræneſes proponit·

505 1166 490 58 CAP. XIII.

329 1316 64 2 C

398 1231 689 63 ARNALES, audita Buangelij prædicatione,

408 1273 687 63 A ſtatim abutuntur Chriſtiana libertate, nolentes

315 1326 777 66 cui obedire: dicunt enim, Chriſtianus eſt dominus

311 1382 785 60 omnium, ergo non ero cui̃ ſubditus: quaſi uero Chriᛘ

310 1430 794 63 ſtianus ſit, qui ita ſentit, id quod noſtro tempore ui¬

312 1482 790 75 demus frequens eſſe, ideo Paulus nos admonet, ue

960 1546 145 55 dominis
