1186 1850
405.0 100.0 609.0 64.0 COMMENT· POMER·

501.0 172.0 365.0 68.0 Scientes quod.

393.0 246.0 708.0 58.0 Mors ſemel Chriſto dominata eſt, ut Petrus in

324.0 298.0 779.0 59.0 Actis dicit· Impoßibile erat eum teneri in morte, qui

319.0 348.0 780.0 58.0 morti obnoxius non erat· Diligentißime hæc ſemper

319.0 399.0 780.0 58.0 inculcat eadem Apoſtolus, ut opprimantur uirulen¬

319.0 453.0 778.0 55.0 tæ linguæ canes, quæ dicunt, ergo peccabimus: quo

320.0 501.0 777.0 58.0 modo peccare uellemus, translati in regnũ iuſticiæ?

381.0 569.0 711.0 74.0 Nam quod mortuus fuit, pec¬

317.0 631.0 213.0 65.0 cato &c.

360.0 695.0 735.0 59.0 Peccatum ipſe portauit, non quia fecerat pecca¬

314.0 746.0 780.0 59.0 tum, ſed ut peccatum in nobis mortificaretur, uiue¬

314.0 796.0 375.0 64.0 remusq́; noua uita Deo·

459.0 866.0 471.0 63.0 Ita & uos exiſtimate.

368.0 946.0 723.0 57.0 Credite uos ſic mortuos in Chriſto, ut non peceeᛘ

318.0 997.0 772.0 60.0 tis, ubi autem ſolicitarit uos caro ad peccatum, cogiᛘ

318.0 1047.0 773.0 58.0 tate & credite, uobis nihil eſſe cum peccato, & ex

318.0 1097.0 773.0 60.0 eius regno uos eſſe ereptos, uiuitis Deo, non pecca¬

319.0 1150.0 185.0 54.0 ti dominio.

525.0 1215.0 353.0 70.0 Per Chriſtum.

363.0 1294.0 722.0 63.0 Hæc adijcit, ut intelligas mediatorem ipſum eſſe,

321.0 1348.0 772.0 61.0 per quem hæc omnia nobis contigerint tam opulen¬

317.0 1403.0 175.0 92.0 te gratiæ·

494.0 1465.0 405.0 83.0 Ne regnet igitur.

1039 1527 43 77 eſt
