1204 1849
420 98 636 60 COMMENT· POMER·

332 170 785 54 humanæ. Simile in tertio Cap-uidiſtt, ad quod re¬

337 213 776 62 ſpondebat Paulus: Quorum damnatio iuſta eſt· Hic

333 263 779 64 fuſius omnia agit, quo magis imbecilles conſcientias

330 322 8 40 erigat, nam ubi ratio obijcit : præſtat ergo pecca¬

338 402 773 5 re, ſacere quidvis · Reſpondet : Quando alij facti ſuᛘ

338 454 772 2 mus, neceſſe eſt, ut aliter vivamus, quando trans¬

338 503 773 5 lati ſumus è regno tenebrarum, in lucis regnum, puᛘ

329 522 9 40 deat nos eorum ſcelerum, & operum tenebrarum.

331 563 782 65 quæ lux iam ferre nequit· Abſurdißima ſunt hæc, ſi¬

331 614 783 64 quidem inde ſequeretur, eſſe ſcortandum, occiden¬

331 669 782 55 dum &c· cum tamen ratio interim hæc pruden¬

327 711 784 67 tißime obieciſſe ſibi uidetur, putat Dei conſilia ſtulᛘ

328 769 780 57 ta & inepta, ſua uero ſapientißima, & neutiquàm

326 817 783 63 reprehendenda. Sed ubi animaduerterit huiuſmodi

328 869 777 58 ratiocinationes non bene cedere, putat omnia præceᛘ

329 915 776 65 dentia de fide & gratia, eſſe ementita· Preinde hu¬

328 971 779 57 manis quoque utitur argumentis, præter ea, quæ é

328 1019 779 58 Sacris fontibus petita ſunt, dicens: Minime eſt pec¬

328 1070 780 56 candum, cum iam peccatorum remißio prædice¬

327 1119 779 56 tur, non in hoc, ut porrò peccemus, ſed ut peccaᛘ

328 1166 779 62 tum odiamus, & peccatum aboleatur : reſuſcitati

330 1217 776 61 ſumus in uitam, non in mortem. In fine Capitis do¬

327 1269 780 62 cet, quomodo id fieri poßit, nempe adiutorio ſpiri¬

327 1319 779 58 tus Dei, qui regnat in nobis: aliás eni ſecundum

326 1371 779 54 naturam, peccatum quomodo odio haberemus?

326 1418 780 61 Odit Spiritus ſanctus illud, is impellit & mouet no¬

328 1467 777 71 ſtros adfectus in eiuſdem odium: in hoc ille nobis da¬

172 361 152 56 Ratio of¬

124 414 200 59 fenditur gra¬

121 468 203 55 tiæ prædica¬

123 516 118 67 tione·

1030 1533 74 46 tur,
