<?xml version='1.0' encoding='UTF-8'?>
<alto xmlns:xsi="http://www.w3.org/2001/XMLSchema-instance" xmlns="http://www.loc.gov/standards/alto/ns-v4#" xsi:schemaLocation="http://www.loc.gov/standards/alto/ns-v4# http://www.loc.gov/standards/alto/v4/alto-4-2.xsd">
  <Description>
    <MeasurementUnit>pixel</MeasurementUnit>
    <sourceImageInformation>
      <fileName>10AC1F79_uk4nGb4kTnc538GZ_00078.jpg</fileName>
    </sourceImageInformation>
  </Description>
  <Tags>
    <OtherTag ID="BT7" LABEL="CustomZone" DESCRIPTION="block type CustomZone"/><OtherTag ID="BT8" LABEL="DamageZone" DESCRIPTION="block type DamageZone"/><OtherTag ID="BT9" LABEL="DigitizationArtefactZone" DESCRIPTION="block type DigitizationArtefactZone"/><OtherTag ID="BT10" LABEL="DropCapitalZone" DESCRIPTION="block type DropCapitalZone"/><OtherTag ID="BT11" LABEL="GraphicZone" DESCRIPTION="block type GraphicZone"/><OtherTag ID="BT12" LABEL="MainZone" DESCRIPTION="block type MainZone"/><OtherTag ID="BT13" LABEL="MarginTextZone" DESCRIPTION="block type MarginTextZone"/><OtherTag ID="BT14" LABEL="MusicZone" DESCRIPTION="block type MusicZone"/><OtherTag ID="BT15" LABEL="NumberingZone" DESCRIPTION="block type NumberingZone"/><OtherTag ID="BT17" LABEL="QuireMarksZone" DESCRIPTION="block type QuireMarksZone"/><OtherTag ID="BT18" LABEL="RunningTitleZone" DESCRIPTION="block type RunningTitleZone"/><OtherTag ID="BT19" LABEL="SealZone" DESCRIPTION="block type SealZone"/><OtherTag ID="BT20" LABEL="StampZone" DESCRIPTION="block type StampZone"/><OtherTag ID="BT21" LABEL="TableZone" DESCRIPTION="block type TableZone"/><OtherTag ID="BT22" LABEL="TitlePageZone" DESCRIPTION="block type TitlePageZone"/><OtherTag ID="BT3517" LABEL="MainZone-Continued" DESCRIPTION="block type MainZone-Continued"/><OtherTag ID="BT3518" LABEL="MainZone-Head" DESCRIPTION="block type MainZone-Head"/><OtherTag ID="BT3519" LABEL="MarginTextZone-Notes" DESCRIPTION="block type MarginTextZone-Notes"/><OtherTag ID="BT3520" LABEL="MainZone-P" DESCRIPTION="block type MainZone-P"/><OtherTag ID="BT3715" LABEL="text" DESCRIPTION="block type text"/>
    <OtherTag ID="LT7" LABEL="CustomLine" DESCRIPTION="line type CustomLine"/><OtherTag ID="LT8" LABEL="DefaultLine" DESCRIPTION="line type DefaultLine"/><OtherTag ID="LT9" LABEL="DropCapitalLine" DESCRIPTION="line type DropCapitalLine"/><OtherTag ID="LT10" LABEL="HeadingLine" DESCRIPTION="line type HeadingLine"/><OtherTag ID="LT11" LABEL="InterlinearLine" DESCRIPTION="line type InterlinearLine"/><OtherTag ID="LT12" LABEL="MusicLine" DESCRIPTION="line type MusicLine"/><OtherTag ID="LT1349" LABEL="default" DESCRIPTION="line type default"/>
  </Tags>
  <Layout>
    <Page WIDTH="1202" HEIGHT="1865" PHYSICAL_IMG_NR="57" ID="eSc_dummypage_">
      <PrintSpace HPOS="0" VPOS="0" WIDTH="1202" HEIGHT="1865">
        <TextBlock HPOS="405.0" VPOS="97.0" WIDTH="626.0" HEIGHT="52.0" ID="block_1" TAGREFS="BT18">
          <Shape><Polygon POINTS="405 97 1031 97 1031 149 405 149 405 97"/></Shape>
          <TextLine ID="line_1" TAGREFS="LT8" BASELINE="432 133 1028 135" HPOS="431" VPOS="97" WIDTH="597" HEIGHT="54">
            <Shape><Polygon POINTS="980 97 969 97 959 97 950 97 933 98 932 98 931 98 919 106 902 97 897 97 892 97 874 107 860 107 845 97 844 97 843 97 842 97 817 100 806 97 804 97 793 97 792 97 781 107 740 107 727 97 721 97 712 97 696 104 684 97 679 97 669 97 664 97 647 101 631 97 627 97 617 97 610 97 601 105 588 97 586 97 576 97 565 97 555 97 545 97 534 97 530 97 488 103 472 97 472 97 466 97 455 105 432 105 432 133 431 147 513 144 534 150 535 150 536 150 537 150 556 144 570 150 571 150 573 150 574 150 594 145 627 150 628 150 630 150 653 144 676 150 677 150 678 150 679 150 700 144 729 151 730 151 731 151 732 151 747 145 778 145 785 151 786 151 787 151 788 151 789 151 813 145 844 151 845 151 846 151 860 145 996 151 997 151 1027 145 1028 135 1027 107 997 105 988 97 980 97"/></Shape>
            <String CONTENT="TOMMENT· POMER·" HPOS="431" VPOS="97" WIDTH="597" HEIGHT="54"/>
          </TextLine>
        </TextBlock>
        <TextBlock HPOS="321.0" VPOS="162.0" WIDTH="798.0" HEIGHT="513.0" ID="block_2" TAGREFS="BT3517">
          <Shape><Polygon POINTS="321 162 1119 162 1119 675 321 675 321 162"/></Shape>
          <TextLine ID="line_2" TAGREFS="LT8" BASELINE="332 199 1112 203" HPOS="332" VPOS="162" WIDTH="780" HEIGHT="61">
            <Shape><Polygon POINTS="828 162 793 169 777 162 777 162 766 162 756 162 746 162 735 162 727 162 701 171 690 162 683 162 680 162 655 168 612 162 611 162 601 162 599 162 592 168 549 170 508 163 507 163 506 163 490 173 453 173 439 162 435 162 424 162 414 162 404 162 393 162 383 162 373 162 362 162 352 162 341 162 332 162 332 199 333 219 362 212 409 212 428 220 430 220 431 220 469 212 560 220 561 220 562 220 591 212 609 218 610 218 611 218 612 218 621 214 631 221 632 221 633 221 634 222 679 222 679 221 680 221 698 213 723 213 736 221 737 221 738 221 739 221 781 213 833 221 834 221 835 221 851 213 871 220 872 220 873 220 909 214 922 219 923 219 924 219 979 214 991 222 992 222 993 222 994 223 1052 223 1052 222 1053 222 1054 222 1063 215 1086 222 1088 222 1089 222 1111 217 1112 203 1111 175 1069 167 1068 167 1067 167 1066 167 1057 175 962 175 921 163 920 163 919 163 853 173 838 162 828 162"/></Shape>
            <String CONTENT="fed Hypocritas &amp; huiuſmodi ſanctos Sathanæ, qua ¬" HPOS="332" VPOS="162" WIDTH="780" HEIGHT="61" WC="0.980115113209705"/>
          </TextLine>
          <TextLine ID="line_3" TAGREFS="LT8" BASELINE="333 247 1113 253" HPOS="332" VPOS="212" WIDTH="781" HEIGHT="64">
            <Shape><Polygon POINTS="333 247 332 259 446 260 473 271 474 271 475 271 504 269 505 269 506 269 517 262 591 262 604 271 605 271 606 271 656 272 657 272 659 272 660 272 667 266 725 273 726 273 727 273 728 273 739 265 777 272 778 272 816 264 853 274 854 274 855 274 856 274 888 266 983 275 984 276 1054 276 1054 275 1055 275 1056 275 1067 268 1078 273 1079 273 1080 273 1112 265 1113 253 1112 228 1057 217 1056 217 1055 217 1029 227 996 227 925 222 924 222 904 226 884 216 883 216 882 216 881 216 857 225 779 215 778 215 777 215 776 215 763 224 724 225 690 220 689 220 630 224 615 214 614 214 613 214 592 213 591 213 590 213 557 222 538 213 537 213 500 213 499 213 498 213 469 223 431 223 398 212 397 212 396 212 395 212 379 220 362 212 361 212 360 212 333 213 333 247"/></Shape>
            <String CONTENT="les omnes ſumus à natura, niſi renaſcamur per Spi¬" HPOS="332" VPOS="212" WIDTH="781" HEIGHT="64" WC="0.9927865395358965"/>
          </TextLine>
          <TextLine ID="line_4" TAGREFS="LT8" BASELINE="331 297 1110 304" HPOS="331" VPOS="257" WIDTH="779" HEIGHT="68">
            <Shape><Polygon POINTS="331 297 331 318 364 310 443 320 444 320 445 320 459 314 517 320 518 320 519 320 542 311 553 321 554 321 555 321 556 321 557 321 582 312 605 321 606 321 607 321 656 316 678 322 679 322 777 323 778 323 841 314 866 323 867 323 868 323 907 316 934 324 935 324 936 325 955 325 955 324 956 324 957 324 967 316 1012 324 1013 324 1014 324 1035 317 1109 317 1110 304 1109 266 999 273 967 273 954 263 953 263 952 263 888 263 886 263 885 263 884 263 873 272 851 272 835 262 834 262 833 262 832 262 777 271 762 261 761 261 760 261 734 261 733 261 732 261 731 261 718 271 666 271 630 264 628 264 602 269 588 260 587 260 586 260 585 260 542 268 521 259 520 259 519 259 476 266 467 259 466 259 465 259 445 259 444 259 443 259 423 267 377 257 376 257 331 260 331 297"/></Shape>
            <String CONTENT="ritum ſanctũ. Iſaac non perſequitur Iſmaelem, Chri" HPOS="331" VPOS="257" WIDTH="779" HEIGHT="68" WC="0.9787987248570311"/>
          </TextLine>
          <TextLine ID="line_5" TAGREFS="LT8" BASELINE="332 349 1105 353" HPOS="331" VPOS="318" WIDTH="1" HEIGHT="43">
            <Shape><Polygon POINTS="332 318 331 318 331 349 332 361"/></Shape>
            <String CONTENT="ſtiam non male præcantur ſuis aduerſarijs, ſed proᛘ" HPOS="331" VPOS="318" WIDTH="1" HEIGHT="43"/>
          </TextLine>
          <TextLine ID="line_6" TAGREFS="LT8" BASELINE="335 402 1103 404" HPOS="332" VPOS="360" WIDTH="770" HEIGHT="59">
            <Shape><Polygon POINTS="334 400 332 419 1100 419 1102 402 1100 371 1044 371 1029 360 1027 360 1026 360 1024 360 1023 360 990 369 752 360 751 360 749 360 727 369 712 362 710 362 709 362 603 369 573 360 572 360 570 360 569 360 539 369 510 360 508 360 506 360 461 369 334 360 334 400"/></Shape>
            <String CONTENT="eis orant · Illi contra, non poſſunt non velle occidere," HPOS="332" VPOS="360" WIDTH="770" HEIGHT="59"/>
          </TextLine>
          <TextLine ID="line_7" TAGREFS="LT8" BASELINE="335 453 1094 455" HPOS="332" VPOS="410" WIDTH="761" HEIGHT="67">
            <Shape><Polygon POINTS="334 452 332 463 370 464 379 475 438 466 488 475 587 466 637 474 673 466 701 477 797 477 811 466 864 477 897 477 909 466 976 475 1091 469 1093 422 1055 410 982 421 895 410 873 421 859 411 816 421 783 413 772 422 673 422 654 410 334 416 334 452"/></Shape>
            <String CONTENT="&amp; quanto ſunt ſanctiores, tanto magis id cupiunt," HPOS="332" VPOS="410" WIDTH="761" HEIGHT="67"/>
          </TextLine>
          <TextLine ID="line_8" TAGREFS="LT8" BASELINE="335 502 1105 504" HPOS="332" VPOS="464" WIDTH="772" HEIGHT="62">
            <Shape><Polygon POINTS="334 501 332 519 520 517 550 525 556 525 564 519 576 526 639 526 674 517 803 525 859 517 875 526 992 526 1044 517 1074 525 1102 515 1104 503 1100 464 1054 474 968 474 956 464 923 474 724 474 712 464 677 472 670 464 603 464 583 472 575 464 516 464 382 472 334 464 334 501"/></Shape>
            <String CONTENT="&amp; tantum abeſt, ut ſe in hoc peccare putent, ut etiãᛘ" HPOS="332" VPOS="464" WIDTH="772" HEIGHT="62"/>
          </TextLine>
          <TextLine ID="line_9" TAGREFS="LT8" BASELINE="335 552 1103 554" HPOS="332" VPOS="509" WIDTH="770" HEIGHT="67">
            <Shape><Polygon POINTS="332 571 525 567 544 576 704 576 740 567 766 575 819 567 856 575 976 567 1066 575 1100 565 1102 553 1100 522 1023 512 1018 512 1009 522 811 522 780 511 747 520 727 511 637 511 623 520 595 511 559 520 534 511 461 520 454 512 374 519 335 509 332 571"/></Shape>
            <String CONTENT="ſe obſequium Deo præſtare arburentur · Cum hypoᛘ" HPOS="332" VPOS="509" WIDTH="770" HEIGHT="67"/>
          </TextLine>
          <TextLine ID="line_10" TAGREFS="LT8" BASELINE="328 599 1103 605" HPOS="327" VPOS="566" WIDTH="776" HEIGHT="61">
            <Shape><Polygon POINTS="328 599 327 613 357 623 358 623 359 623 399 617 409 623 410 623 411 623 483 624 484 625 523 625 523 624 524 624 525 624 533 617 556 624 557 624 558 624 591 617 639 624 640 624 641 624 656 617 671 624 672 624 673 624 721 618 748 625 749 625 750 625 751 625 768 617 792 617 836 624 837 624 838 624 839 624 847 618 891 624 892 624 893 624 913 619 946 626 947 626 948 626 963 619 1022 619 1061 627 1062 627 1063 627 1064 627 1075 619 1102 619 1103 605 1101 570 994 571 993 571 974 580 910 580 888 571 886 571 885 571 884 571 868 580 797 580 738 569 737 569 736 569 717 577 699 569 698 569 697 569 662 578 624 567 623 567 622 567 621 567 587 577 550 567 549 567 548 567 426 576 412 566 411 566 410 566 384 566 383 566 382 566 361 571 341 567 340 567 339 567 338 567 328 574 328 599"/></Shape>
            <String CONTENT="criſi ergo eſt negocium Scripturæ, non cum craßis" HPOS="327" VPOS="566" WIDTH="776" HEIGHT="61" WC="0.998291654246194"/>
          </TextLine>
          <TextLine ID="line_11" TAGREFS="LT8" BASELINE="331 652 942 652" HPOS="331" VPOS="619" WIDTH="611" HEIGHT="56">
            <Shape><Polygon POINTS="331 652 331 673 355 674 356 674 357 674 358 674 364 668 380 673 381 673 382 673 383 673 384 673 384 672 390 667 406 667 413 673 413 674 414 674 415 674 416 674 417 674 436 668 472 673 473 673 503 667 534 672 535 672 676 668 682 673 682 674 683 674 684 674 685 675 709 675 709 674 710 674 711 674 711 673 719 667 745 674 746 674 747 674 786 667 863 674 864 674 942 670 942 652 942 626 916 620 914 620 913 620 912 620 911 620 905 626 892 620 891 620 890 620 889 620 879 625 870 619 869 619 868 619 867 619 866 619 843 627 803 627 795 620 795 619 794 619 793 619 777 619 776 619 775 619 774 619 774 620 766 627 697 627 674 619 673 619 672 619 671 619 656 627 579 627 557 619 556 619 555 619 554 619 553 619 553 620 545 627 521 627 478 619 477 619 444 626 406 619 331 619 331 652"/></Shape>
            <String CONTENT="peccatoribus, hos enim mundus iudicat·" HPOS="331" VPOS="619" WIDTH="611" HEIGHT="56" WC="0.9911516904830933"/>
          </TextLine>
        </TextBlock>
        <TextBlock HPOS="115.0" VPOS="359.0" WIDTH="210.0" HEIGHT="205.0" ID="block_3" TAGREFS="BT3519">
          <Shape><Polygon POINTS="115 359 325 359 325 564 115 564 115 359"/></Shape>
          <TextLine ID="line_12" TAGREFS="LT8" BASELINE="170 402 308 402" HPOS="169" VPOS="360" WIDTH="139" HEIGHT="62">
            <Shape><Polygon POINTS="170 402 170 363 300 360 301 360 308 361 308 417 291 417 289 417 275 412 248 422 246 422 169 418"/></Shape>
            <String CONTENT="Chriſtian" HPOS="169" VPOS="360" WIDTH="139" HEIGHT="62" WC="0.999150468243493"/>
          </TextLine>
          <TextLine ID="line_13" TAGREFS="LT8" BASELINE="126 452 308 453" HPOS="126" VPOS="412" WIDTH="182" HEIGHT="59">
            <Shape><Polygon POINTS="126 412 195 419 217 414 219 414 273 418 292 412 294 412 308 415 308 468 256 471 255 471 158 464 126 470"/></Shape>
            <String CONTENT="pro aduerſa" HPOS="126" VPOS="412" WIDTH="182" HEIGHT="59" WC="0.955492848699743"/>
          </TextLine>
          <TextLine ID="line_14" TAGREFS="LT8" BASELINE="124 501 308 502" HPOS="123" VPOS="466" WIDTH="185" HEIGHT="57">
            <Shape><Polygon POINTS="123 514 124 501 125 469 142 473 162 466 166 466 180 475 216 475 233 467 236 467 246 472 293 466 295 466 308 471 308 516 265 523 264 523 236 518 149 523 147 523"/></Shape>
            <String CONTENT="rijs orare de" HPOS="123" VPOS="466" WIDTH="185" HEIGHT="57" WC="0.9512189168196458"/>
          </TextLine>
          <TextLine ID="line_15" TAGREFS="LT8" BASELINE="124 553 231 553" HPOS="124" VPOS="514" WIDTH="107" HEIGHT="69">
            <Shape><Polygon POINTS="124 553 124 583 153 583 153 582 154 582 155 582 182 564 218 569 219 569 220 569 231 563 231 553 230 524 209 525 193 517 192 517 191 517 190 517 189 517 189 518 182 525 172 520 170 520 169 520 168 520 157 525 148 515 148 514 147 514 146 514 124 514 124 553"/></Shape>
            <String CONTENT="bent·" HPOS="124" VPOS="514" WIDTH="107" HEIGHT="69" WC="0.9991633653640747"/>
          </TextLine>
        </TextBlock>
        <TextBlock HPOS="583.0" VPOS="689.0" WIDTH="268.0" HEIGHT="56.0" ID="block_4" TAGREFS="BT3518">
          <Shape><Polygon POINTS="583 689 851 689 851 745 583 745 583 689"/></Shape>
          <TextLine ID="line_16" TAGREFS="LT8" BASELINE="586 734 844 734" HPOS="586" VPOS="695" WIDTH="258" HEIGHT="48">
            <Shape><Polygon POINTS="586 734 586 743 844 743 844 734 844 711 824 709 810 696 810 695 809 695 808 695 807 695 806 695 784 704 763 697 762 697 761 697 760 697 741 704 684 695 683 695 650 699 649 699 648 699 635 711 586 711 586 734"/></Shape>
            <String CONTENT="Contritio." HPOS="586" VPOS="695" WIDTH="258" HEIGHT="48" WC="0.9998065650463104"/>
          </TextLine>
        </TextBlock>
        <TextBlock HPOS="321.0" VPOS="749.0" WIDTH="783.0" HEIGHT="107.0" ID="block_5" TAGREFS="BT3520">
          <Shape><Polygon POINTS="321 749 1104 749 1104 856 321 856 321 749"/></Shape>
          <TextLine ID="line_17" TAGREFS="LT8" BASELINE="376 786 1103 789" HPOS="375" VPOS="749" WIDTH="728" HEIGHT="61">
            <Shape><Polygon POINTS="755 749 754 749 753 749 727 758 682 758 674 751 674 750 673 750 672 750 671 750 670 750 669 750 657 757 619 757 590 749 583 749 582 749 567 757 544 757 522 749 521 749 511 749 490 754 460 749 459 749 449 749 434 755 419 749 417 749 407 749 396 749 386 749 376 749 376 786 375 795 427 796 439 807 440 807 441 807 442 807 443 807 475 798 492 804 493 804 494 804 495 804 496 804 504 797 617 797 639 808 640 808 641 808 694 806 695 806 696 806 704 798 735 808 736 808 737 808 789 800 861 809 862 809 896 804 930 809 931 809 932 809 963 799 979 807 980 807 981 807 982 807 1008 799 1033 809 1034 809 1035 810 1094 810 1094 809 1095 809 1096 809 1102 802 1103 789 1102 754 996 750 995 750 994 750 993 750 979 759 934 759 922 751 921 751 920 751 866 750 865 750 864 750 841 758 780 758 756 749 755 749"/></Shape>
            <String CONTENT="Confractio ad mentem refertur, ſumptum ab ijs" HPOS="375" VPOS="749" WIDTH="728" HEIGHT="61" WC="0.9954479866557651"/>
          </TextLine>
          <TextLine ID="line_18" TAGREFS="LT8" BASELINE="328 835 679 838" HPOS="327" VPOS="799" WIDTH="352" HEIGHT="60">
            <Shape><Polygon POINTS="328 835 327 848 445 857 446 857 447 857 460 850 468 856 469 856 470 856 471 856 472 856 473 856 473 855 480 849 519 856 520 856 567 850 576 857 576 858 577 858 578 858 579 859 642 859 642 858 643 858 644 858 657 850 678 850 679 838 679 812 614 804 613 804 581 811 559 800 558 800 557 800 556 800 537 811 488 811 459 800 458 800 456 800 455 800 435 809 390 799 389 799 328 802 328 835"/></Shape>
            <String CONTENT="rebus quas conterimus·" HPOS="327" VPOS="799" WIDTH="352" HEIGHT="60" WC="0.9902115762233734"/>
          </TextLine>
        </TextBlock>
        <TextBlock HPOS="483.0" VPOS="871.0" WIDTH="412.0" HEIGHT="60.0" ID="block_6" TAGREFS="BT3518">
          <Shape><Polygon POINTS="483 871 895 871 895 931 483 931 483 871"/></Shape>
          <TextLine ID="line_19" TAGREFS="LT8" BASELINE="494 914 889 916" HPOS="493" VPOS="871" WIDTH="396" HEIGHT="64">
            <Shape><Polygon POINTS="836 871 825 871 822 871 781 881 764 880 755 871 753 871 742 871 732 871 722 871 721 871 704 882 679 871 670 871 660 871 649 871 646 871 630 882 605 871 597 871 587 871 577 871 566 871 558 871 540 885 494 885 494 914 493 928 556 926 578 933 579 933 580 933 581 933 595 926 649 926 661 932 662 932 663 932 664 932 665 932 689 926 699 934 700 934 701 934 702 934 731 933 732 933 733 933 733 932 739 927 788 934 789 935 841 935 841 934 842 934 854 928 886 932 889 916 888 887 868 887 838 871 836 871"/></Shape>
            <String CONTENT="Calamitas in uijs." HPOS="493" VPOS="871" WIDTH="396" HEIGHT="64" WC="0.9973395036326514"/>
          </TextLine>
        </TextBlock>
        <TextBlock HPOS="324.0" VPOS="947.0" WIDTH="780.0" HEIGHT="205.0" ID="block_7" TAGREFS="BT3520">
          <Shape><Polygon POINTS="324 947 1104 947 1104 1152 324 1152 324 947"/></Shape>
          <TextLine ID="line_20" TAGREFS="LT8" BASELINE="377 986 1101 986" HPOS="377" VPOS="947" WIDTH="724" HEIGHT="58">
            <Shape><Polygon POINTS="913 947 870 948 869 948 852 955 741 950 740 950 739 950 723 954 704 947 703 947 698 947 688 947 677 947 667 947 656 947 655 947 654 947 653 947 641 956 578 956 561 947 560 947 553 947 542 947 532 947 527 947 526 947 525 947 524 947 511 955 480 947 479 947 470 947 460 947 449 947 439 947 428 947 418 947 408 947 397 947 388 947 387 947 386 947 377 951 377 986 377 995 420 1003 421 1003 458 997 513 1003 514 1003 516 1003 517 1003 527 996 566 996 588 1003 589 1003 590 1003 591 1003 609 998 673 1003 674 1003 675 1003 676 1003 685 996 722 1003 723 1005 797 1005 797 1003 798 1003 817 997 847 1003 848 1003 935 996 1014 1003 1015 1003 1068 996 1100 999 1101 986 1101 956 989 950 988 950 957 955 914 947 913 947"/></Shape>
            <String CONTENT="Miſeria eſt in omnibus ijs quæ ipſi tentant, a¬" HPOS="377" VPOS="947" WIDTH="724" HEIGHT="58" WC="0.994403325496836"/>
          </TextLine>
          <TextLine ID="line_21" TAGREFS="LT8" BASELINE="330 1037 1102 1037" HPOS="330" VPOS="999" WIDTH="772" HEIGHT="56">
            <Shape><Polygon POINTS="330 1055 360 1055 360 1054 361 1054 381 1046 409 1054 410 1054 411 1054 412 1054 434 1046 452 1052 453 1052 454 1052 455 1052 469 1046 503 1051 504 1051 608 1046 637 1054 638 1054 639 1054 640 1054 656 1046 671 1053 672 1053 673 1053 674 1053 696 1046 816 1046 868 1054 869 1055 924 1055 924 1054 965 1046 989 1054 990 1054 991 1055 1040 1055 1040 1054 1041 1054 1056 1046 1070 1052 1071 1052 1072 1052 1102 1045 1102 1037 1099 1009 1042 1009 1027 999 1026 999 1025 999 1024 999 982 1006 932 1001 931 1001 930 1001 929 1001 921 1009 835 1009 816 999 815 999 814 999 783 1007 769 999 768 999 693 999 692 999 691 999 690 999 681 1006 640 999 639 999 638 999 622 1008 561 1001 560 1001 511 1008 498 1000 497 1000 496 1000 460 1005 451 999 450 999 449 999 448 999 447 999 427 1009 352 1009 331 1000 330 1037 330 1055"/></Shape>
            <String CONTENT="gunt, &amp; inueniunt, nihil aliud excogitant, quàm" HPOS="330" VPOS="999" WIDTH="772" HEIGHT="56" WC="0.9982054829597473"/>
          </TextLine>
          <TextLine ID="line_22" TAGREFS="LT8" BASELINE="326 1085 1097 1087" HPOS="326" VPOS="1049" WIDTH="771" HEIGHT="58">
            <Shape><Polygon POINTS="326 1085 326 1102 374 1098 432 1105 433 1105 434 1105 449 1098 492 1103 493 1103 494 1103 511 1098 569 1105 570 1105 571 1105 593 1098 617 1105 618 1105 619 1105 653 1098 710 1098 754 1105 755 1105 800 1099 873 1106 874 1106 907 1099 949 1106 950 1107 1053 1107 1053 1106 1096 1098 1097 1087 1096 1060 1038 1052 1037 1052 1036 1052 1014 1059 960 1053 959 1053 958 1053 936 1058 926 1052 925 1052 924 1052 923 1052 922 1052 898 1059 854 1050 853 1050 814 1055 775 1050 774 1050 773 1050 750 1060 717 1060 708 1053 707 1053 706 1053 705 1053 663 1056 648 1049 647 1049 553 1049 552 1049 551 1049 550 1049 534 1059 474 1059 454 1049 453 1049 452 1049 405 1059 374 1059 363 1052 362 1052 361 1052 360 1052 326 1057 326 1085"/></Shape>
            <String CONTENT="uexationes conſcientiarum, ut in regno Papæ experᛘ" HPOS="326" VPOS="1049" WIDTH="771" HEIGHT="58"/>
          </TextLine>
          <TextLine ID="line_23" TAGREFS="LT8" BASELINE="324 1136 477 1133" HPOS="324" VPOS="1095" WIDTH="153" HEIGHT="68">
            <Shape><Polygon POINTS="324 1136 326 1156 333 1150 349 1162 350 1162 351 1162 352 1163 368 1163 368 1162 369 1162 370 1162 385 1150 396 1160 397 1160 398 1160 423 1161 424 1161 425 1161 454 1145 476 1145 477 1133 474 1105 452 1107 430 1095 428 1095 427 1095 383 1096 382 1096 381 1096 363 1108 347 1103 346 1103 345 1103 344 1103 328 1108 324 1136"/></Shape>
            <String CONTENT="ti ſumus·" HPOS="324" VPOS="1095" WIDTH="153" HEIGHT="68"/>
          </TextLine>
        </TextBlock>
        <TextBlock HPOS="536.0" VPOS="1154.0" WIDTH="317.0" HEIGHT="60.0" ID="block_8" TAGREFS="BT3518">
          <Shape><Polygon POINTS="536 1154 853 1154 853 1214 536 1214 536 1154"/></Shape>
          <TextLine ID="line_24" TAGREFS="LT8" BASELINE="536 1198 841 1199" HPOS="535" VPOS="1160" WIDTH="306" HEIGHT="58">
            <Shape><Polygon POINTS="536 1198 535 1210 566 1215 567 1215 568 1215 587 1207 635 1207 681 1217 682 1218 726 1218 726 1217 727 1217 750 1207 839 1212 841 1199 841 1178 802 1162 800 1162 799 1162 771 1167 765 1162 764 1162 763 1162 762 1162 761 1162 749 1169 741 1162 741 1161 740 1161 739 1161 709 1160 708 1160 707 1160 692 1168 655 1160 654 1160 608 1165 607 1165 606 1165 606 1166 594 1177 536 1177 536 1198"/></Shape>
            <String CONTENT="Viam pacis." HPOS="535" VPOS="1160" WIDTH="306" HEIGHT="58" WC="0.9997494870966132"/>
          </TextLine>
        </TextBlock>
        <TextBlock HPOS="117.0" VPOS="1223.0" WIDTH="194.0" HEIGHT="58.0" ID="block_9" TAGREFS="BT3519">
          <Shape><Polygon POINTS="117 1223 311 1223 311 1281 117 1281 117 1223"/></Shape>
          <TextLine ID="line_25" TAGREFS="LT8" BASELINE="122 1261 301 1260 303 1260" HPOS="121" VPOS="1212" WIDTH="184" HEIGHT="65">
            <Shape><Polygon POINTS="121 1271 122 1261 122 1222 174 1212 224 1212 240 1221 269 1212 272 1212 297 1223 300 1223 305 1277"/></Shape>
            <String CONTENT="Duplex uia·" HPOS="121" VPOS="1212" WIDTH="184" HEIGHT="65"/>
          </TextLine>
        </TextBlock>
        <TextBlock HPOS="321.0" VPOS="1215.0" WIDTH="787.0" HEIGHT="307.0" ID="block_10" TAGREFS="BT3520">
          <Shape><Polygon POINTS="321 1215 1108 1215 1108 1522 321 1522 321 1215"/></Shape>
          <TextLine ID="line_26" TAGREFS="LT8" BASELINE="381 1253 404 1250 1097 1252" HPOS="381" VPOS="1250" WIDTH="716" HEIGHT="3">
            <String CONTENT="Vides duplicem eſſe viam, impiorum, &amp; pioru·" HPOS="381" VPOS="1250" WIDTH="716" HEIGHT="3"/>
          </TextLine>
          <TextLine ID="line_27" TAGREFS="LT8" BASELINE="325 1301 1101 1303" HPOS="324" VPOS="1264" WIDTH="777" HEIGHT="58">
            <Shape><Polygon POINTS="325 1301 324 1309 339 1315 340 1315 341 1315 368 1311 387 1320 388 1320 389 1320 491 1311 579 1311 598 1320 599 1320 601 1320 602 1320 635 1311 644 1318 645 1318 646 1318 647 1318 689 1311 714 1316 716 1316 746 1312 766 1321 767 1321 768 1321 769 1321 797 1312 820 1321 821 1321 822 1321 823 1321 835 1314 845 1321 846 1321 847 1321 848 1322 890 1322 890 1321 942 1312 956 1321 957 1321 958 1321 959 1322 1100 1322 1101 1303 1099 1271 995 1273 985 1266 984 1266 983 1266 949 1266 948 1266 947 1266 946 1266 938 1271 933 1267 932 1267 931 1267 930 1267 821 1273 696 1265 695 1265 694 1265 693 1265 683 1272 639 1272 620 1265 619 1265 618 1265 617 1265 603 1273 511 1273 500 1265 499 1265 498 1265 497 1265 432 1271 402 1265 401 1265 399 1265 374 1272 325 1264 325 1301"/></Shape>
            <String CONTENT="Confer hæc cum præcedentibus, &amp; intelliges quæ" HPOS="324" VPOS="1264" WIDTH="777" HEIGHT="58" WC="0.9994430049605991"/>
          </TextLine>
          <TextLine ID="line_28" TAGREFS="LT8" BASELINE="326 1351 1105 1353" HPOS="326" VPOS="1314" WIDTH="779" HEIGHT="57">
            <Shape><Polygon POINTS="326 1351 326 1368 362 1361 385 1369 386 1369 387 1369 388 1369 418 1361 477 1369 478 1369 533 1361 567 1366 568 1366 569 1366 586 1361 699 1361 718 1369 719 1369 720 1369 721 1369 736 1362 765 1362 783 1370 784 1370 785 1370 786 1370 812 1363 846 1370 847 1371 877 1371 877 1370 878 1370 879 1370 888 1364 1069 1370 1070 1370 1104 1362 1105 1353 1105 1321 1094 1315 1093 1315 1092 1315 1091 1315 1056 1325 1000 1315 999 1315 998 1315 997 1315 985 1326 797 1326 770 1315 769 1315 768 1315 767 1315 766 1315 754 1326 738 1326 713 1317 712 1317 711 1317 662 1321 653 1314 652 1314 651 1314 650 1314 649 1314 612 1325 542 1325 513 1314 512 1314 511 1314 442 1323 408 1314 407 1314 406 1314 326 1317 326 1351"/></Shape>
            <String CONTENT="ſit illa contritio &amp; calamitas· Via impiorum eſt, quaᛘ" HPOS="326" VPOS="1314" WIDTH="779" HEIGHT="57"/>
          </TextLine>
          <TextLine ID="line_29" TAGREFS="LT8" BASELINE="326 1403 1107 1403" HPOS="326" VPOS="1363" WIDTH="781" HEIGHT="63">
            <Shape><Polygon POINTS="326 1403 327 1422 357 1414 376 1419 377 1419 378 1419 500 1414 514 1423 516 1423 517 1423 518 1423 519 1423 544 1414 555 1421 556 1421 557 1421 558 1421 559 1421 569 1416 580 1425 581 1425 582 1425 583 1425 652 1414 687 1422 688 1422 689 1422 690 1422 714 1414 743 1419 745 1419 746 1419 764 1414 791 1425 792 1425 793 1425 794 1425 815 1417 870 1425 871 1426 912 1426 912 1425 913 1425 914 1425 926 1417 937 1425 938 1425 939 1425 940 1426 1079 1426 1079 1425 1080 1425 1107 1413 1107 1403 1105 1363 1071 1373 977 1363 976 1363 975 1363 953 1374 867 1374 843 1367 842 1367 841 1367 840 1367 826 1373 806 1363 805 1363 804 1363 803 1363 780 1368 754 1363 753 1363 752 1363 751 1363 733 1373 661 1371 653 1364 652 1364 651 1364 650 1364 599 1374 575 1374 551 1363 550 1363 549 1363 500 1370 482 1366 481 1366 480 1366 479 1366 478 1366 470 1373 440 1364 439 1364 438 1364 437 1364 403 1373 387 1363 386 1363 385 1363 384 1363 326 1366 326 1403"/></Shape>
            <String CONTENT="ſe &amp; alios miſere perdunt. Via pacis, qua ſolũ Deũ" HPOS="326" VPOS="1363" WIDTH="781" HEIGHT="63" WC="0.9859024882316589"/>
          </TextLine>
          <TextLine ID="line_30" TAGREFS="LT8" BASELINE="324 1451 1105 1456" HPOS="323" VPOS="1415" WIDTH="782" HEIGHT="71">
            <Shape><Polygon POINTS="324 1451 323 1479 351 1480 352 1480 353 1480 381 1467 405 1476 406 1476 407 1476 436 1475 437 1475 438 1475 449 1467 526 1467 537 1474 538 1474 539 1474 540 1474 541 1474 542 1474 551 1468 592 1473 593 1473 594 1473 613 1468 642 1479 643 1479 644 1479 645 1479 661 1471 691 1470 699 1476 700 1476 701 1476 702 1476 703 1476 704 1476 716 1469 767 1469 802 1484 803 1484 804 1485 871 1485 871 1484 872 1484 890 1476 913 1480 914 1480 916 1480 945 1473 970 1485 971 1485 972 1486 1078 1486 1078 1485 1079 1485 1080 1485 1094 1475 1103 1475 1105 1456 1104 1420 1044 1425 1015 1420 1014 1420 1013 1420 1000 1425 986 1419 985 1419 984 1419 983 1419 950 1427 924 1418 923 1418 922 1418 853 1426 834 1418 833 1418 832 1418 780 1425 709 1417 708 1417 707 1417 690 1426 645 1426 630 1419 628 1419 627 1419 602 1424 527 1416 526 1416 525 1416 524 1416 516 1423 481 1424 410 1415 409 1415 408 1415 407 1415 394 1423 377 1418 376 1418 375 1418 324 1422 324 1451"/></Shape>
            <String CONTENT="agnoſcimus, patrem, cuius miſericordia pac antur" HPOS="323" VPOS="1415" WIDTH="782" HEIGHT="71"/>
          </TextLine>
          <TextLine ID="line_31" TAGREFS="LT8" BASELINE="323 1504 624 1501" HPOS="322" VPOS="1462" WIDTH="302" HEIGHT="78">
            <Shape><Polygon POINTS="323 1504 323 1540 353 1540 353 1539 354 1539 355 1539 365 1532 384 1538 385 1538 386 1538 387 1538 388 1538 398 1530 420 1539 421 1539 422 1539 423 1539 464 1528 489 1528 502 1538 503 1538 504 1538 505 1538 506 1538 507 1538 531 1517 624 1516 624 1501 622 1475 537 1473 527 1464 526 1464 525 1464 505 1462 504 1462 503 1462 478 1473 442 1464 441 1464 425 1464 424 1464 423 1464 422 1464 422 1465 416 1471 401 1464 399 1464 398 1464 322 1470 323 1504"/></Shape>
            <String CONTENT="noſtræ conſcientiæ·" HPOS="322" VPOS="1462" WIDTH="302" HEIGHT="78" WC="0.9900666130216498"/>
          </TextLine>
        </TextBlock>
        <TextBlock HPOS="1027.0" VPOS="1523.0" WIDTH="85.0" HEIGHT="51.0" ID="block_11" TAGREFS="BT17">
          <Shape><Polygon POINTS="1027 1523 1112 1523 1112 1574 1027 1574 1027 1523"/></Shape>
          <TextLine ID="line_32" TAGREFS="LT8" BASELINE="1031 1558 1113 1558" HPOS="1031" VPOS="1517" WIDTH="82" HEIGHT="73">
            <Shape><Polygon POINTS="1103 1523 1093 1523 1082 1523 1072 1523 1062 1523 1052 1523 1031 1524 1031 1558 1031 1581 1112 1590 1113 1558 1112 1517 1103 1517 1103 1523"/></Shape>
            <String CONTENT="Non" HPOS="1031" VPOS="1517" WIDTH="82" HEIGHT="73" WC="0.999990979830424"/>
          </TextLine>
        </TextBlock>
      </PrintSpace>
    </Page>
  </Layout>
</alto>
