1198 1854
148 95 617 68 IN EPIST· AD ROM·

85.0 164.0 777.0 59.0 renſebat in ſuum populum, cum diceret, Maſculus

81.0 216.0 779.0 56.0 cuius præputium non fuerit circunciſum, eius anima

78.0 262.0 782.0 60.0 peribit ex populo ſuo. Ita & noſtri paruuli, ratio¬

77.0 313.0 783.0 58.0 nem non habent, tamen baptiſantur, & ſignum ac¬

78.0 361.0 783.0 61.0 cipiunt fidei. Deus hæc omnia facit ſua gratia, noli

77.0 412.0 775.0 58.0 hæc metiri tua ratione· Nos offerimus Deo paruulos

79.0 463.0 784.0 59.0 & animas paruulorũ, non porcos, pro quibus paruuᛘ

77.0 509.0 787.0 64.0 lis, ſanguis Chriſti effuſus eſt· Noli igitur contra graᛘ

75.0 563.0 788.0 58.0 tiam diſputare, Chriſtus uult ad ſe uenire paruulos, et

75.0 612.0 786.0 60.0 dicit, Illorum eſt regnum cœlorum. Garriant interim

75.0 663.0 784.0 63.0 illi quicquid uelint, nos credemus, non inquiremũs

73.0 715.0 282.0 62.0 ratione humana·

278.0 777.0 323.0 56.0 Credentium.

129.0 831.0 727.0 60.0 Id eſt, pater eſt omnium qui credunt diuinis pro

82.0 877.0 202.0 65.0 mißionibus·

340.0 941.0 191.0 60.0 lis qui.

128.0 996.0 731.0 53.0 Exponit ſe, eſt pater credentium Iudæorum &

78.0 1040.0 788.0 61.0 Gentium. Abraham enim non eſt pater Iudæorum coᛘ

81.0 1091.0 780.0 64.0 ram Deo, propter circunciſionem, neq; Gentiũ proᛘ

80.0 1143.0 714.0 67.0 pter præputium, ſed utrorumq; propter fidem·

355.0 1208.0 153.0 56.0 Quæ.

123.0 1257.0 735.0 60.0 Scilicet, fides fuit in Abraham, antequàm circun¬

78.0 1306.0 758.0 64.0 cideretur. Eſt ergo fidei pater, non operum legis·

208.0 1369.0 520.0 62.0 Non enim per legem.

125.0 1427.0 726.0 53.0 Hoc argumento & pluribus, utitur in Galatis,

81.0 1470.0 772.0 75.0 Abraham iuſtificatus eſt ex promißione, & non ex

864.0 1404.0 202.0 70.0 IIII. Argu¬

864.0 1459.0 143.0 53.0 mentum·

817 103 36 57 43

723 1571 26 0 F
