1191 1847
411.0 84.0 642.0 58.0 COMMENT· POMER·

335.0 147.0 781.0 65.0 Verbi audire, ſed tantũ ſuos ſpiritus é cœlis: utitur Deᛘ

331.0 200.0 781.0 57.0 us in hoc miniſterio, humana uoce, tamen eius ma¬

331.0 248.0 781.0 60.0 nus in hoc non poteſt dici abbreuiata: mandat ille, ut

331.0 297.0 779.0 60.0 audiamus, dicunt iſti: alia uia eſt incedendum, ni¬

330.0 346.0 779.0 64.0 hil eſt quod hunc uel illum audiam: ſic Sathanas ſuo¬

331.0 401.0 776.0 52.0 rum animos dementat, ut non uideant, quod ijs me¬

329.0 445.0 771.0 63.0 dijs ſit utendum, nam perſuadet eis, ſi uſus fueris his,

329.0 496.0 777.0 63.0 iam Verbi maieſtas, eſt per te contempta, alligaſti

330.0 551.0 774.0 54.0 enim te externis. O præclarum commentum, ſic agit

331.0 599.0 774.0 58.0 ille impoſtor, ut & res, quæ ex Deo nobis propo¬

329.0 648.0 773.0 57.0 nuntur, & ipſum Deum amittamus· Quare diligenᛘ

327.0 695.0 777.0 59.0 ter obſeruandus eſt Sathanas, ne in hanc calamitatem

328.0 747.0 775.0 60.0 & nos conijciat. Subiũgit uero Apoſtolus plura, qui

332.0 800.0 771.0 62.0 bus autoritatẽ faciat externo miniſterio Verbi, dicẽs

391.0 868.0 694.0 67.0 Quomodo autem prædicabũt

325.0 924.0 382.0 69.0 niſi miſſi fuerint ?

370.0 1004.0 727.0 58.0 Eſt́ contra eos dictum, qui non uocati accedunt

325.0 1049.0 771.0 63.0 ad Verbi miniſterium: currunt non mißi, hinc ni¬

324.0 1097.0 772.0 68.0 hil boni efficiunt, agunt id uentris cauſſa, non propᛘ

324.0 1150.0 767.0 65.0 ter Det gloriam. Nos interim audiamus Dei Verbũ,

324.0 1200.0 774.0 62.0 ſiquando is uoluerit, ut Verbum prædicemus, inue¬

323.0 1250.0 773.0 63.0 ntet nos etiam in piſtrino. Summe cauendum eſt, ne

323.0 1300.0 774.0 65.0 ambiamus tanta munera noſtri cauſſa, quod ſi faci¬

324.0 1351.0 765.0 64.0 mus, non docemus ex fide: ſi non ex fide docemus,

322.0 1400.0 775.0 67.0 quomodo ipſam fidem alios docebimus? non poſſu¬

319.0 1452.0 780.0 89.0 mus Deo uentris curam committere, multo magis in

121.0 1069.0 192.0 62.0 Vocatio expe

121.0 1117.0 122.0 64.0 ctanda¬

1046.0 1522.0 46.0 47.0 rc
