1180 1846
129 101 654 62 IN EPIST· AD ROM·

94 167 768 61 qui ſumus pronißimi ad fratrũ infirmorũ offendicula·

92 214 775 64 Primũ, inquit, qui nõ habet reſpectũ infirmorũ, Chriᛘ

92 265 770 63 ſtiani ſpiritus nihil habet. Secundo, cõtra fidẽ facit,

94 314 772 63 quia perdit precioſißimã animã, quã Chriſtus redemit

97 366 769 64 ſuo ſanguine. Papiſtæ, quid nõ fecerunt malorũ, dum

94 415 774 61 tradiderunt Sathanæ, impijßimi homicidæ, eos qui

96 466 766 60 nollent aut nõ poſſent abſtinere à cibis? SI PROP

98 515 771 60 TER CIBVM. Scilicet rem tam uilem· FRA¬

100 566 768 62 TER TVVS CONTRISTATVR· Lædi

99 618 344 54 tur in ſua conſcientia·

98 672 772 60 Nõ iã ſecundu charitatẽ ambulas.

145 728 723 62 Id eſt, nihil Chriſtianũ facis, Chriſtianus non es¬

149 779 528 59 NE CIBO· Id eſt, re tam uili·

804 104 56 53 158

169 837 632 64 Pro quo Chriſtus mortuus.

148 899 724 65 Id eſt, qui tam magno precio, ſanguine Chriſti

101 949 188 55 emptus eſt·

163 1005 616 63 Ne ueſtrum igitur bonum.

147 1065 725 57 Nolite permittere, ueſtro eſu, aut alijs rebus, ut

102 1113 768 57 mdle audiat Euangelium, & dicatur de uobis: Ecce,

100 1160 768 60 eſt hoc Euangelicum? ſicq́ fit, ut offendantur & reᛘ

103 1211 765 63 ſiliant ab Euangelio, qui debebant tuo exemplo &

100 1259 773 64 uita, ad illud pertrahi. Vide quæſo, quas pœnas ſis

102 1310 539 58 daturus Deo, pro tanto offendiculo·

100 1367 775 64 Non eſt enim regnum Dei cibus.

901 1087 173 59 Scandali ui

880 1139 174 59 tandi ratio·

119 1431 757 58 In hac ſentẽtia pendẽt oia quæ Paulus in hoc Cap·diᛘ

101 1476 771 79 xit. q' de ne per hæc, ne alia externa ſaluaberis,
