1174 1826
401.0 72.0 642.0 52.0 COMMENT· POMER·

376.0 145.0 735.0 45.0 Id eſt, dicere in corde, nullus eſt qui deſcendit in inᛘ

335.0 185.0 779.0 62.0 fernũ, in mortẽ: quod quid aliud eſt, quàm negare Chriᛘ

337.0 236.0 774.0 63.0 ſtum fuiſſe in morte propter nos? Sic igitur erit ſublaᛘ

334.0 286.0 774.0 62.0 tus Chriſtus, ad quem confugiemus tandem? quò

336.0 337.0 769.0 60.0 freti, in cœlum aſcendamus, & mortem effugiamus?

334.0 388.0 766.0 62.0 Non aliud proponemus nobis, quàm noſtra opera &

333.0 438.0 774.0 60.0 iuſticias externas, nam aliter fieri nequit, quàm pri¬

335.0 488.0 773.0 58.0 mum negaueris Chriſtũ uictorem mortis, & in glorta

336.0 540.0 767.0 57.0 patris per mortem reſtitutum. Vides ergo, quo con

337.0 586.0 768.0 60.0 ſilio hæc citarit Paulus, ut intelligamus Moſen non

333.0 639.0 772.0 56.0 tantum de Legis aut Carnis iuſticia locutum, ſed de

332.0 690.0 775.0 59.0 alia quo, id eſt, ea quæ eſt per fidem, ut obſtrue¬

327.0 741.0 780.0 57.0 retur os Iuſticiariorum, qui ſolum ſua opera prædi¬

326.0 792.0 777.0 57.0 cant in corde, & Chriſtum ore, qua non potest eße

327.0 838.0 774.0 63.0 maior blaſphemia in Deum. Sunt ita diligenter uerᛘ

324.0 889.0 782.0 60.0 ba Pauli obſeruanda, ne quà tibi uera ſententia elabaᛘ

326.0 942.0 771.0 59.0 tur' Emphaſis eſt, & tota uis huius loci in dictione,

325.0 990.0 777.0 58.0 in corde-q'd·Nolo ut addubites de Dei in te miſeᛘ

322.0 1040.0 776.0 61.0 ricordia, & beneficentia, ipſe eſt qui te iuſtificat &

324.0 1093.0 782.0 59.0 faluat: non reſpice in tuum Lib·Arb·aut tua ope¬

323.0 1141.0 776.0 62.0 ra, neceſſe eſt ut conſtantißimus ſis in hac Petra,

310.0 1194.0 790.0 58.0 ne quà fiat, ut in arenam demißus, demergaris, &

315.0 1246.0 795.0 61.0 tempeſtatibus totus expugneris. Addit uero Paulus

447.0 1328.0 352.0 69.0 Sed quid dicit?

116.0 564.0 201.0 62.0 Moſes nõ tan

116.0 620.0 203.0 57.0 tum de legis

115.0 667.0 204.0 71.0 iuſticia locu¬

117.0 723.0 69.0 57.0 tus·

349.0 1406.0 751.0 60.0 Scilicet, illa iuſticiafidei ·PROPE TE EST

328.0 1459.0 778.0 68.0 VERBVM· Scilicet Dei· IN ORE TVO·

972.0 1512.0 141.0 56.0 Scilicet,
