1239 1842
406 112 617 57 COMMENT· POMER·

517 181 386 59 Tu fidem habes.

372 245 734 56 Id eſt, intelligis tuam libertatem Chriſtianam, et

331 293 775 59 ſcis in nullare media te peccare, tamen charitas te

330 342 778 59 contineat, ne quid inſolentius facias in fratrem, tu

330 390 667 65 enim ſi eſſes infirmus fide, nolles id tibi fieri¬

332 473 772 74 Apud temetipſum habe corã Deo·

378 553 722 63 Id eſt, in tua conſcientia tibi ſufficiat tua fides,

333 607 768 61 apud te in corde tuo lætare, quod omnibus poßis li¬

332 655 356 56 bere uti ex Dei Verbo·

347 714 727 63 Beatus qui non iudicat ſeiplum.

125 820 196 65 Bona conſciẽᛘ

126 875 195 61 tia fiant om¬

127 933 80 69 nia·

377 778 724 50 Aurea eſt ſententia: multi comedunt carnes tem¬

337 817 768 68 poribus prohibitis, abijciunt Cappas, negligunt hoᛘ

338 871 765 64 ras Canonicas, ſed non uident, num ſit contra con¬

331 921 775 59 ſcientiam ſuam nec ne, nihil faciendum eſt ad aliorũ

329 972 779 56 exemplum, ſed iuxta Verbum, ut poßis factum tuum

330 1024 777 58 defendere coram Deo contra Sathanam· Videmus

333 1073 774 60 quoſdam reuerti ad Cappas, nam timent ſe non poſſe

335 1122 773 60 ſaluari, niſi rurſus ingrediantur monaſterium, hi

334 1174 777 63 quod fecerunt in abijciendo Cappam, contra conſci

333 1225 776 62 entiam ſuam fecerunt, ideoq́; non conſiſtunt, Sathaᛘ

334 1278 773 56 na eos tentante. Ergo, uideamus, ut omnia bona

335 1328 772 59 conſcientia faciamus, ne nos ob ea iudicemus, uel

334 1377 771 66 conſcientiam, ut uulgo dicunt, faciamus, & ex¬

338 1427 139 77 ponit ſe·

517 1480 388 79 At qui dijudicat.

985 1544 102 67 Id eſt,
