1218 1852
805 97 33 41 17

231 90 559 54 EPIST· AD ROM·

118 157 729 55 Scilicet, contra noſtram iniuſticiam, qui tudicabit

80 201 769 64 opera noſtræ impietatis in extremo iudicio· Certe ſiᛘ

76 250 771 66 iudicabit, iniuſte faciet, nam id ertt contra ſuum ho¬

74 305 768 55 norem· Dum peccauimus, non contra eum fecimus,

74 348 772 73 ſed pro etus honore· Iniuſtus equidem eſſet, ſi ob id

74 409 546 65 nos puniret, ex quo illi oritur gloria·

270 476 373 60 Humano more.

128 537 722 58 Temperat hanc blaſphemiam·q·d· carnalis hoᛘ

72 579 773 68 minis & impij hoc eſt argumentum· ABSIT·

75 634 471 65 Quaſi diceret: Blaſphemia eſt.

251 708 404 66 Nam quomodo.

120 767 725 67 Qui uult arguere alios, non debet ijs eſſe obno¬

70 815 764 64 xius, propter quæ alios arguit· Si hoc decet hominẽ

69 862 775 67 maxime Deum· Neceſſe eſt igitur eum irreprebenſi¬

67 912 780 64 bilem eſſe, qui alios uult damnare & iudicare· Sed

67 958 778 74 ne quis dubitet hoc eſſe argumentum carnale, ampli¬

75 1015 311 66 ficat ipſum, dicens·

858 828 200 85 Irreprehenſ¬

861 899 197 68 bilis ſit, qui

859 946 198 66 alios vuli ar¬

861 1001 103 71 guere·

138 1083 716 74 Etenim ſi ueritas Dei, per meũ

73 1154 312 68 mendacium.

121 1224 724 65 Id eſt, peccatum (quod ante dixerat iniuſtitiam)

336 1286 243 62 Excelluit.

125 1342 721 72 Id eſt, glorioſa apparuit, ad hoc, ut ipſe inde

79 1395 224 72 glorificaretur·

279 1450 325 83 Quid iudicor.

680 1517 67 77 92
