1162 1833
145 76 633 67 IN EPIST· AD ROM·

224 143 481 67 Per uoluntatem Dei.

184 211 453 84 Hoc nunquam omittit Paulus·

157.0 294.0 625.0 71.0 Vna uobiſcum refociller.

128.0 377.0 724.0 59.0 Vide iterum Pauli modeſtiam·q·d· non ueniam

76.0 427.0 776.0 74.0 ut doceam, ſed ut gaudeam de ueſtra, quam ſuſcepi¬

77.0 475.0 415.0 81.0 ſtis, fide, ut Capite Primo·

168 581 530 127 CAP.XVI.

82 696 99 119 H

178.0 708.0 674.0 52.0 OC Capite Paulus ſalutat Romanos, & moᛘ

80 751 774 63 net, ut caueãt ſibi à falſis doctoribus, qui Chriᛘ

78.0 802.0 776.0 60.0 ſtum non ſynceriter prædicant· Erant enim tum mulᛘ

77.0 850.0 775.0 64.0 ti, qui ex Iudaiſmo conuerſi, fidebant operibus legis,

79.0 900.0 771.0 67.0 putabant́ ea neceſſaria ad ſalutem: hi optimam ſpeᛘ

77.0 953.0 779.0 61.0 ciem in docendo habere uidebantur, ideo́ periculo

80.0 1001.0 773.0 66.0 ſißime ſeducebant, nam faciebant, ut ſic abnegare¬

82.0 1052.0 773.0 64.0 tur Chriſtus. Talia quædam, imò multo nequiora hoᛘ

82.0 1104.0 768.0 60.0 die uidimus, quid enim non auſi ſunt Papiſtæ? &

81.0 1155.0 774.0 59.0 ne dum deſierunt omnẽ mouere lapidẽ, nemo eos neᛘ

84.0 1204.0 765.0 67.0 gabit perfidiores eſſe Iudæis, qui ſuas ceremonias &

81.0 1255.0 775.0 61.0 opera, teſtimonijs Scripturæ confirmabant: noſtri auᛘ

78.0 1302.0 783.0 64.0 tem in Scripturis nihil habent in uniuerſum, quo ſuas

80.0 1351.0 770.0 62.0 traditiones obfirment: quare non temere factum eſt,

85.0 1402.0 767.0 63.0 quod tot ſalutationes cõgeſſerit, nam multi Romanoᛘ

86.0 1454.0 762.0 78.0 rum ſuſceperant Euangelium, quidam ex ludeis,

791 76 56 70 109

890.0 725.0 170.0 64.0 Pſeudodo¬

862.0 779.0 112.0 59.0 ctores·

713 1543 30 4 Y
