1170 1835
796 68 48 78 19

137 81 638 65 IN EPIST· AD ROM·

75.0 154.0 775.0 56.0 non terrearis hac uoce, quemadmodum Moſis uoce

74.0 199.0 774.0 60.0 territi ſunt Iudæi. Non hic reſpicitur in uires huma¬

74.0 252.0 776.0 58.0 nas, ubi hanc uocem in corde tuo audis, ſed in ſo¬

73.0 300.0 775.0 59.0 lum Deum, quem ſinis in te operari, dum tu inte¬

72.0 349.0 683.0 59.0 rim Sabbathum agis. Sed audiamus Paulum¬

141.0 408.0 706.0 68.0 Ea ſic loquitur, ne dixeris in corᛘ

77.0 460.0 186.0 74.0 de tuo.

123.0 533.0 728.0 59.0 Id eſt, ne ſic ſenſeris. Eſt́ hoc contra Iuſticia¬

74.0 586.0 771.0 56.0 rios dictum, qui ore non negant Chriſtum mortuum

73.0 633.0 772.0 60.0 pro peccatis, attamen in corde ſentiunt & dicũt,

72.0 684.0 781.0 58.0 operibus parandam iuſticiam. Vides iterum uerbum

74.0 731.0 778.0 66.0 legis in ore, & ſaxeis tabulis tantum eſſe, Verbũ aũt

73.0 787.0 778.0 57.0 Euangelij, in corde quo ſolo purificãtur, & creantur

72.0 834.0 782.0 59.0 in nobis munda corda· Non uult hic Moſes hypocriᛘ

73.0 882.0 774.0 74.0 ſin, quæ tantum in externis hæret, ſed ipſum cor,

76.0 934.0 440.0 61.0 Qui ergo dixerit in corde ſuo

143.0 991.0 575.0 65.0 Quis aſcendet in cœlum?

855.0 560.0 155.0 92.0 iuſticiarij·

121.0 1053.0 730.0 57.0 Hic corde negauerit Chriſtum aſcendiſſe, & ſedeᛘ

73.0 1102.0 778.0 59.0 re ad dextram patris. Includit autem, quis, interro

74.0 1149.0 650.0 62.0 gatiue negationem, id eſt, nullus aſcendet·

76 1211 779 70 Hoc eſt Chriſtum ex alto deducere

77 1279 779 60 Id eſt, ipſum detrahere de cœlo, et nõ credere ꝗ aſcen

78 1332 773 60 dit, & glorificatus ſit per mortem, & regnet ubi¬

139.0 1387.0 713.0 74.0 Aut quis delcendet in abyſſum,

78.0 1443.0 506.0 91.0 hoc eſt Chriſtum &c.
