1218 1849
404 111 615 60 COMMENT· POMER·

398.0 181.0 602.0 69.0 Ad fructificandum morti.

378.0 258.0 721.0 65.0 Id eſt, priori marito· Hic nos per uim legis, pecᛘ

331.0 305.0 773.0 70.0 catis fœcundabat, ideoq́; non alios fructus, non aliã

334.0 358.0 767.0 65.0 prolem, q̃ peccatum, ex nobis ſuſtulit· NVNC

343.0 405.0 757.0 59.0 VERO LIBERI SVMVS· Per mortem Chriᛘ

336.0 451.0 757.0 73.0 ſti, in qua & nos mortui ſumus à lege· EI· Legi·

463.0 533.0 480.0 66.0 In qua detinebamur.

381.0 605.0 722.0 61.0 Eramus uincti, non erat ulla libertas, quæ iam

337.0 652.0 767.0 66.0 per Chriſtum data eſt nobis-Semper enim nos increᛘ

338.0 700.0 765.0 68.0 pabat, die noctuq́; hanc uocem in aures noſtras in¬

336 750 767 68 tonans: Dilige Deum, dilige proximum ex corde,

339.0 802.0 776.0 70.0 quod cum cerneremus, non poſſe nos facere, dice¬

338.0 851.0 766.0 68.0 bat : Ergo damnatus es, tra Dei ſuper te·Quid faceᛘ

338.0 902.0 763.0 66.0 remus, tam inſuaut & inexorabili marito obnoxij?

341.0 952.0 769.0 70.0 deſperandũ erat, nunc uero uix dici poteſt, quãta læᛘ

341.0 1002.0 767.0 62.0 titia cor noſtrum exundet, cum hunc mortuum uideaᛘ

343.0 1051.0 765.0 68.0 mus, nouo́, id eſt, Chriſto deſponſos· O fœlicem

342.0 1103.0 760.0 67.0 hanc maritorũ cõmutationẽ· SERVIAMVS·

392.0 1164.0 714.0 52.0 Scilicet, Deo· PER NOVITATEM

348.0 1205.0 634.0 63.0 SPIRITVS· Id eſt, non Hypocritice·

403.0 1279.0 613.0 63.0 Non per uetuſtatem literæ.

394.0 1341.0 715.0 54.0 Vt Hypocritæ ſolent· Hic non ſolum aufert ex¬

343.0 1381.0 767.0 67.0 terna peccata, ſed etiam hypocriſin, & omne ſpecioᛘ

343.0 1434.0 767.0 65.0 ſum· De litera & ſprritu, clarus eſt locus, in·2·Coᛘ

341.0 1483.0 760.0 73.0 rinth·3· & ſupra Cap·2·Curcunciſio nihil eſt &c¬

1051 1537 43 100 Est
