1171 1844
792 96 62 82 140

139 107 637 60 IN EPIST· AD ROM·

71 180 783 57 rapimur ad ſeruiendum proximo, non ad gloriam,

73 224 490 60 aut famam nobis conciliandam.

76 283 775 59 Fonore alius alium præcedentes.

113 344 742 56 Non ſic ſimus adfecti, ut eũ tantũ honoremus, qui

70 391 783 57 nos honorat, ut maxime maius donũ habeamus, tamẽ

69 439 785 62 alteri, qui minus habere uidetur, honor primũ habea¬

67 491 784 58 tur à nobis: hoc eſt Charitatis, quæ nõ uult, ut pro

67 542 784 58 loco, aut honore cõtendamus· Qui ex his uerbis nõ

70 592 781 60 ſe, ſedalios putant admonitos, Chriſtianum ſentien¬

67 644 782 60 tes eſſe, ut ipſi neminem honorent, ſe uero honoranᛘ

69 692 775 63 dos putent, aſini ſunt, ferula digni, quemadmodũ &

69 744 782 59 illi, qui ex admonitione ut demus, cẽſent ſibi debere daᛘ

67 791 778 69 ri, non ſe debere dare, homines·ſ. egregie Chriſtiani.

132 854 422 62 Studio non pigri.

118 910 730 61 Idest, alij pro alijs ſoliciti ſitis, tanquã quodlibet

69 955 629 64 membrum pro toto corpore ſolicitum eſt¬

198 1023 416 58 Spiritu feruentes.

115 1077 730 60 Non ſitis ſecuri ſecundum carnẽ: egregia eſt Iro¬

69 1129 775 58 nia·1.Corinth.5. contra eos qui iam ſe omnia tenere

69 1175 774 61 putant: Iam ſaturi eſtis &c. Valt ergo nos ſtrenue

74 1224 566 68 pergere in ijs quæ cœpimus Chriſtiani.

208 1285 468 64 Tempori ſeruientes.

118 1343 727 57 Nam non ſimul, & ubi, & apud omnes omnia

71 1387 775 68 ſunt facienda, quemadmodũ oculi non ſemper faciũt

73 1439 771 64 ſuum officium, nonnunq dormiunt, & ſtomachus

69 1486 776 79 non ſemper eſtuat in alimentũ, ſic Chriſtianus ſciet

669 1591 59 2 T ij
