1190 1843
164 107 624 60 IN EPIST· AD ROM·

227 184 466 59 Emortuam uuluam.

145 243 725 65 Deſierant iam illi menſtrua fluere, id quod magis

95 289 583 67 mirandũm eſt, quàm Abrahæ ſenectus·

269 358 439 68 Ob incredulitatem·

208 429 432 67 Scilicet, quam non habebat·

295 506 378 62 Non hæſitabat·

146 569 725 56 Non diſceptabat ſecum in animo, forte ita eſt, forᛘ

93 615 780 59 te non eſt, ſicut noſtra conſcientia, uerbo non firmaᛘ

94 666 776 58 ta·Ah hoc eſt peccatum, hoc non eſt peccatum, nõ

98 715 750 63 poteſt eſſe diſceptatio, ubi radicem fixit promißio¬

268 780 432 57 Tribuens gloriam.

831 126 29 50 45

143 834 728 54 Credere omni uerbo Dei, eſt dare gloriam Deo,

90 876 783 60 ut maxime id ſit contra omnẽ ſenſum naturæ· Non

89 924 782 65 enim eſt apud Deum impoßibile omne Verbum, ut

93 978 778 62 ait Angelus in Luca ad Mariam·Hanc ergo ſolã glo¬

93 1027 778 62 riam à nobis exigit, & præter eam nihil· Quare in

93 1081 778 58 nullis tribulationibus & anguſtijs eſt nobis deſperanᛘ

93 1131 776 62 dum, neq; in tentationibus ſpiritualibus, neq; in pecᛘ

90 1183 780 56 catis· Eſto, nobis omnia adpareant grauia & horrenᛘ

91 1229 779 64 da, demus gloriam Deo, quod uerax ſit, quod promiᛘ

87 1276 780 67 ſerit remißionen peccatorum· Noli, quæſo, O ho¬

92 1334 770 56 mo, tua peccata maiora facere, diuinis promißioni¬

95 1380 772 63 bus, alioqui eum mendacij argues, & deſperabis

89 1430 778 60 ut Iudas, ut maxime ſis ſcortator, homicida &c· Viᛘ

87 1483 780 70 de ne peius pecces deſperando, quando tibi reuela¬

895 945 175 63 Fideiuis &

890 1001 141 67 amplitudo·

701 1588 55 1 F5
