<?xml version='1.0' encoding='UTF-8'?>
<alto xmlns:xsi="http://www.w3.org/2001/XMLSchema-instance" xmlns="http://www.loc.gov/standards/alto/ns-v4#" xsi:schemaLocation="http://www.loc.gov/standards/alto/ns-v4# http://www.loc.gov/standards/alto/v4/alto-4-2.xsd">
  <Description>
    <MeasurementUnit>pixel</MeasurementUnit>
    <sourceImageInformation>
      <fileName>10AC1F79_uk4nGb4kTHVotyTP_00066.jpg</fileName>
    </sourceImageInformation>
  </Description>
  <Tags>
    <OtherTag ID="BT7" LABEL="CustomZone" DESCRIPTION="block type CustomZone"/><OtherTag ID="BT8" LABEL="DamageZone" DESCRIPTION="block type DamageZone"/><OtherTag ID="BT9" LABEL="DigitizationArtefactZone" DESCRIPTION="block type DigitizationArtefactZone"/><OtherTag ID="BT10" LABEL="DropCapitalZone" DESCRIPTION="block type DropCapitalZone"/><OtherTag ID="BT11" LABEL="GraphicZone" DESCRIPTION="block type GraphicZone"/><OtherTag ID="BT12" LABEL="MainZone" DESCRIPTION="block type MainZone"/><OtherTag ID="BT13" LABEL="MarginTextZone" DESCRIPTION="block type MarginTextZone"/><OtherTag ID="BT14" LABEL="MusicZone" DESCRIPTION="block type MusicZone"/><OtherTag ID="BT15" LABEL="NumberingZone" DESCRIPTION="block type NumberingZone"/><OtherTag ID="BT17" LABEL="QuireMarksZone" DESCRIPTION="block type QuireMarksZone"/><OtherTag ID="BT18" LABEL="RunningTitleZone" DESCRIPTION="block type RunningTitleZone"/><OtherTag ID="BT19" LABEL="SealZone" DESCRIPTION="block type SealZone"/><OtherTag ID="BT20" LABEL="StampZone" DESCRIPTION="block type StampZone"/><OtherTag ID="BT21" LABEL="TableZone" DESCRIPTION="block type TableZone"/><OtherTag ID="BT22" LABEL="TitlePageZone" DESCRIPTION="block type TitlePageZone"/><OtherTag ID="BT3517" LABEL="MainZone-Continued" DESCRIPTION="block type MainZone-Continued"/><OtherTag ID="BT3518" LABEL="MainZone-Head" DESCRIPTION="block type MainZone-Head"/><OtherTag ID="BT3519" LABEL="MarginTextZone-Notes" DESCRIPTION="block type MarginTextZone-Notes"/><OtherTag ID="BT3520" LABEL="MainZone-P" DESCRIPTION="block type MainZone-P"/><OtherTag ID="BT3715" LABEL="text" DESCRIPTION="block type text"/>
    <OtherTag ID="LT7" LABEL="CustomLine" DESCRIPTION="line type CustomLine"/><OtherTag ID="LT8" LABEL="DefaultLine" DESCRIPTION="line type DefaultLine"/><OtherTag ID="LT9" LABEL="DropCapitalLine" DESCRIPTION="line type DropCapitalLine"/><OtherTag ID="LT10" LABEL="HeadingLine" DESCRIPTION="line type HeadingLine"/><OtherTag ID="LT11" LABEL="InterlinearLine" DESCRIPTION="line type InterlinearLine"/><OtherTag ID="LT12" LABEL="MusicLine" DESCRIPTION="line type MusicLine"/><OtherTag ID="LT1349" LABEL="default" DESCRIPTION="line type default"/>
  </Tags>
  <Layout>
    <Page WIDTH="1188" HEIGHT="1858" PHYSICAL_IMG_NR="51" ID="eSc_dummypage_">
      <PrintSpace HPOS="0" VPOS="0" WIDTH="1188" HEIGHT="1858">
        <TextBlock HPOS="402" VPOS="93" WIDTH="633" HEIGHT="54" ID="block_1" TAGREFS="BT18">
          <Shape><Polygon POINTS="1035 93 1035 147 402 147 402 93"/></Shape>
          <TextLine ID="line_1" TAGREFS="LT8" BASELINE="404 135 1025 123" HPOS="403.0" VPOS="93.0" WIDTH="622.0" HEIGHT="61.0">
            <Shape><Polygon POINTS="1023 93 1013 93 1003 93 992 93 982 93 972 93 961 93 951 93 941 93 930 93 920 93 910 93 899 93 889 93 879 93 868 93 858 93 848 93 837 93 827 93 817 93 806 93 796 93 786 93 775 93 765 93 755 93 744 93 734 93 724 93 713 93 703 93 693 93 692 93 688 94 683 93 682 93 672 93 662 93 652 93 646 95 640 93 631 93 620 93 613 93 604 97 589 93 589 93 579 93 569 93 560 93 543 98 429 93 428 93 427 93 403 101 404 135 404 144 432 152 433 152 434 152 435 152 436 152 436 151 445 144 470 153 471 153 472 154 514 154 514 153 515 153 545 143 557 151 558 151 559 151 560 151 608 141 659 148 660 148 661 148 662 148 662 147 667 143 682 147 683 147 684 147 685 147 686 147 697 140 724 143 725 143 726 143 742 138 778 138 793 147 794 147 795 147 796 147 797 147 817 137 836 147 837 147 838 147 886 141 901 146 902 146 903 146 904 146 923 139 939 145 940 145 941 145 985 144 986 144 987 144 997 136 1023 144 1025 123 1023 93 1023 93"/></Shape>
            <String CONTENT="COMMENT· POMER·" HPOS="403.0" VPOS="93.0" WIDTH="622.0" HEIGHT="61.0"/>
          </TextLine>
        </TextBlock>
        <TextBlock HPOS="318" VPOS="161" WIDTH="795" HEIGHT="1375" ID="block_2" TAGREFS="BT3517">
          <Shape><Polygon POINTS="1113 161 1113 1525 318 1536 324 161"/></Shape>
          <TextLine ID="line_2" TAGREFS="LT8" BASELINE="328 202 1105 196" HPOS="327.0" VPOS="162.0" WIDTH="778.0" HEIGHT="56.0">
            <Shape><Polygon POINTS="1102 162 1091 162 1081 162 1071 162 1060 162 1050 162 1040 162 1029 162 1019 162 1009 162 998 162 988 162 978 162 967 162 957 162 947 162 936 162 926 162 916 162 905 162 895 162 885 162 874 162 864 162 856 162 734 163 732 162 730 162 720 162 709 162 699 162 689 162 678 162 668 162 658 162 647 162 644 162 585 165 569 162 565 162 554 162 551 162 545 165 388 162 379 162 368 162 358 162 348 162 337 162 331 162 327 165 328 202 328 215 430 218 431 218 473 212 498 217 499 217 501 217 512 212 519 217 520 217 521 217 522 217 587 211 594 216 595 216 596 216 597 217 664 217 664 216 716 210 806 215 807 215 881 209 973 214 974 214 975 214 986 209 1019 213 1020 213 1021 213 1022 213 1028 208 1091 213 1092 213 1093 213 1105 207 1105 196 1102 162 1102 162"/></Shape>
            <String CONTENT="Non ferunt, ne hodie quidem Iudæi &amp; hypocritæ, ut" HPOS="327.0" VPOS="162.0" WIDTH="778.0" HEIGHT="56.0" WC="0.9941890093745017"/>
          </TextLine>
          <TextLine ID="line_3" TAGREFS="LT8" BASELINE="327 253 1102 246" HPOS="326.0" VPOS="206.0" WIDTH="776.0" HEIGHT="64.0">
            <Shape><Polygon POINTS="327 253 327 270 358 263 382 269 383 269 384 269 417 263 434 269 435 269 436 269 479 262 533 266 534 266 535 266 548 261 561 266 563 266 564 266 591 261 600 267 601 267 602 267 603 267 660 260 988 264 989 264 1101 255 1102 246 1098 206 1068 213 1011 206 1010 206 1009 206 976 214 950 208 949 208 826 206 825 206 762 216 659 212 658 212 657 212 641 218 613 218 598 210 597 210 596 210 535 216 525 210 524 210 523 210 522 210 521 210 501 216 485 209 484 209 438 209 436 209 435 209 410 218 384 210 383 210 326 210 327 253"/></Shape>
            <String CONTENT="ſibi conferantur meretrices &amp; publicant, ut maxime" HPOS="326.0" VPOS="206.0" WIDTH="776.0" HEIGHT="64.0" WC="0.9965592801570893"/>
          </TextLine>
          <TextLine ID="line_4" TAGREFS="LT8" BASELINE="326 302 1099 295" HPOS="325.0" VPOS="254.0" WIDTH="774.0" HEIGHT="65.0">
            <Shape><Polygon POINTS="326 302 326 319 356 313 403 318 404 318 405 318 407 318 414 313 448 317 449 317 450 317 470 312 523 317 524 317 525 317 550 311 583 316 584 316 658 310 766 315 767 315 768 315 794 309 857 314 858 314 859 314 878 308 948 313 949 313 1098 306 1099 295 1096 264 1049 264 1036 254 1035 254 1034 254 996 254 995 254 994 254 965 262 930 259 929 259 928 259 916 265 881 255 880 255 879 255 878 255 857 265 827 257 826 257 825 257 760 267 713 258 712 258 711 258 677 267 561 259 560 259 559 259 558 259 542 270 519 270 505 260 504 260 503 260 458 260 457 260 456 260 414 270 352 261 351 261 350 261 325 270 326 302"/></Shape>
            <String CONTENT="ſexcenties dicant, Mea culpa, Mea maxima culpa·" HPOS="325.0" VPOS="254.0" WIDTH="774.0" HEIGHT="65.0"/>
          </TextLine>
          <TextLine ID="line_5" TAGREFS="LT8" BASELINE="325 351 1100 346" HPOS="324.0" VPOS="306.0" WIDTH="776.0" HEIGHT="65.0">
            <Shape><Polygon POINTS="325 351 326 371 340 365 413 370 414 370 415 370 416 370 427 362 498 369 499 369 580 361 607 369 608 369 609 369 610 369 611 369 623 361 641 365 642 365 643 365 644 365 645 365 652 360 707 360 727 368 728 368 729 369 773 369 773 368 774 368 775 368 791 359 860 359 870 367 871 367 872 367 873 368 944 368 944 367 1002 358 1086 362 1087 362 1088 362 1100 356 1100 346 1098 313 1001 309 999 309 921 314 912 307 911 307 910 307 909 307 862 314 804 306 803 306 741 315 636 307 635 307 570 309 569 309 555 315 537 308 536 308 535 308 509 313 479 308 478 308 477 308 461 316 451 311 450 311 449 311 396 317 385 310 384 310 383 310 382 310 381 310 360 317 342 312 341 312 340 312 339 312 324 317 325 351"/></Shape>
            <String CONTENT="Indignantur, rumpi uolunt quoties audiunt, Mere¬" HPOS="324.0" VPOS="306.0" WIDTH="776.0" HEIGHT="65.0" WC="0.9966073793669542"/>
          </TextLine>
          <TextLine ID="line_6" TAGREFS="LT8" BASELINE="324 403 1098 397" HPOS="323.0" VPOS="359.0" WIDTH="775.0" HEIGHT="61.0">
            <Shape><Polygon POINTS="324 403 324 413 451 420 452 420 541 412 564 419 565 419 566 419 567 419 568 419 575 412 582 418 583 418 584 418 585 419 658 419 658 418 659 418 660 418 668 410 773 410 788 417 789 417 790 417 791 417 792 417 801 410 932 415 933 415 976 408 991 414 992 414 993 414 1097 408 1098 397 1093 359 1078 367 1045 360 1044 360 1043 360 1028 368 992 368 979 361 978 361 977 361 976 361 950 368 942 361 941 361 940 361 910 361 909 361 908 361 881 368 837 361 836 361 835 361 813 369 760 363 759 363 758 363 740 369 713 362 712 362 711 362 710 362 686 370 603 364 602 364 565 371 547 364 546 364 512 364 511 364 510 364 490 372 382 372 372 365 371 365 370 365 369 365 323 370 324 403"/></Shape>
            <String CONTENT="trices &amp; publicani, præcedent uos in regno Dei· Perᛘ" HPOS="323.0" VPOS="359.0" WIDTH="775.0" HEIGHT="61.0"/>
          </TextLine>
          <TextLine ID="line_7" TAGREFS="LT8" BASELINE="322 453 1100 447" HPOS="321.0" VPOS="410.0" WIDTH="779.0" HEIGHT="66.0">
            <Shape><Polygon POINTS="322 453 323 476 352 465 418 470 419 470 449 465 489 474 490 475 506 475 506 474 507 474 508 474 520 464 553 472 554 472 555 472 556 472 557 472 571 464 621 464 642 473 643 473 644 474 685 474 685 473 686 473 688 473 695 467 787 473 788 473 789 473 808 466 826 472 827 472 828 472 901 467 912 472 913 472 914 472 915 472 947 461 1041 471 1042 471 1043 471 1044 471 1058 461 1100 459 1100 447 1096 410 1065 419 1009 413 1008 413 1007 413 992 419 960 410 959 410 958 410 903 419 865 411 864 411 863 411 846 421 813 421 789 411 788 411 787 411 723 421 646 412 645 412 644 412 624 422 597 413 596 413 595 413 594 413 565 422 514 418 513 418 449 423 430 418 429 418 428 418 378 423 350 415 349 415 348 415 347 415 321 423 322 453"/></Shape>
            <String CONTENT="tinet autem proprie ad ſcopum huius Epiſtolæ, quod" HPOS="321.0" VPOS="410.0" WIDTH="779.0" HEIGHT="66.0" WC="0.9918034851551056"/>
          </TextLine>
          <TextLine ID="line_8" TAGREFS="LT8" BASELINE="323 503 1098 498" HPOS="322.0" VPOS="461.0" WIDTH="776.0" HEIGHT="63.0">
            <Shape><Polygon POINTS="323 503 323 524 362 523 363 523 364 523 374 515 457 519 458 519 539 514 568 522 569 522 570 522 571 522 596 514 641 521 642 521 683 516 726 521 727 521 728 521 761 513 782 518 783 518 784 518 785 518 786 518 786 517 791 511 808 520 809 520 810 520 837 515 856 519 857 519 858 519 859 519 881 511 901 519 902 519 903 519 904 519 928 513 944 519 945 519 946 519 993 511 1021 519 1022 519 1023 519 1024 519 1039 510 1046 516 1047 516 1048 516 1049 516 1097 515 1098 498 1095 468 996 468 987 461 986 461 985 461 946 461 945 461 868 469 853 465 852 465 851 465 654 470 640 463 639 463 638 463 588 471 545 465 544 465 501 471 481 464 480 464 479 464 426 465 425 465 424 465 417 471 408 465 407 465 405 465 404 465 322 468 323 503"/></Shape>
            <String CONTENT="Paulus Iudæos Gentibus æquat, ut tandẽ inferat, omᛘ" HPOS="322.0" VPOS="461.0" WIDTH="776.0" HEIGHT="63.0"/>
          </TextLine>
          <TextLine ID="line_9" TAGREFS="LT8" BASELINE="323 554 1100 549" HPOS="322.0" VPOS="510.0" WIDTH="778.0" HEIGHT="62.0">
            <Shape><Polygon POINTS="323 554 323 563 342 571 344 571 345 571 346 571 373 563 467 563 487 571 488 571 489 571 490 571 501 566 512 571 513 571 514 572 597 572 597 571 598 571 618 562 688 570 689 570 690 570 706 562 776 566 777 566 806 560 923 560 935 569 936 569 938 569 939 569 979 568 980 568 996 560 1012 568 1013 568 1014 568 1052 560 1098 565 1100 549 1096 510 1077 519 1061 510 1060 510 1014 510 1013 510 1012 510 1011 510 996 521 964 521 905 511 904 511 903 511 880 522 819 515 818 515 817 515 798 522 776 516 775 516 774 516 773 516 772 516 761 524 683 524 665 515 664 515 663 515 662 515 650 521 637 513 636 513 635 513 634 513 633 513 609 524 565 514 524 514 523 514 522 514 521 514 509 524 493 518 492 518 491 518 490 518 476 525 383 515 382 515 381 515 380 515 367 524 322 526 323 554"/></Shape>
            <String CONTENT="nes homines eſſe peccatores· Cur uero hic præferat" HPOS="322.0" VPOS="510.0" WIDTH="778.0" HEIGHT="62.0"/>
          </TextLine>
          <TextLine ID="line_10" TAGREFS="LT8" BASELINE="322 603 1100 598" HPOS="321.0" VPOS="561.0" WIDTH="779.0" HEIGHT="60.0">
            <Shape><Polygon POINTS="322 603 322 614 479 614 489 620 490 620 491 620 492 620 526 613 536 620 537 620 538 620 539 621 595 621 595 620 596 620 615 613 636 618 637 618 638 618 639 618 660 612 682 619 683 619 684 619 802 611 896 618 897 618 922 613 979 617 980 617 981 617 982 617 992 610 1013 610 1023 617 1024 617 1025 617 1026 617 1072 611 1099 614 1100 598 1098 567 1032 561 1030 561 1029 561 1028 561 1016 570 961 570 945 561 944 561 943 561 891 569 876 563 874 563 873 563 872 563 853 568 813 562 811 562 760 571 720 563 718 563 683 570 655 563 654 563 653 563 652 563 629 572 617 564 616 564 615 564 598 564 597 564 596 564 595 564 584 572 533 566 532 566 530 566 505 572 466 568 465 568 387 573 377 565 376 565 374 565 373 565 372 565 371 565 358 573 334 566 333 566 332 566 331 566 321 569 322 603"/></Shape>
            <String CONTENT="Iudæos Gentibus, ſimilitudine rectius intelliges· Pri¬" HPOS="321.0" VPOS="561.0" WIDTH="779.0" HEIGHT="60.0"/>
          </TextLine>
          <TextLine ID="line_11" TAGREFS="LT8" BASELINE="327 654 1098 647" HPOS="327.0" VPOS="610.0" WIDTH="771.0" HEIGHT="67.0">
            <Shape><Polygon POINTS="327 668 360 676 361 676 362 676 393 665 407 676 408 676 409 676 410 677 436 677 436 676 465 675 466 675 467 675 478 665 509 675 510 675 511 676 546 676 546 675 547 675 573 663 621 669 622 669 689 662 702 671 703 671 704 671 705 671 800 661 823 671 824 671 825 671 885 660 921 660 934 670 935 670 936 670 938 670 939 670 965 659 997 659 1012 669 1013 669 1014 669 1015 669 1097 661 1098 647 1097 619 1070 610 1069 610 1068 610 984 619 915 619 902 611 901 611 900 611 899 611 871 612 870 612 869 612 859 620 830 615 829 615 828 615 813 619 798 612 797 612 796 612 795 612 775 619 747 613 746 613 745 613 728 620 630 616 629 616 628 616 611 622 486 615 485 615 484 615 464 622 441 615 440 615 439 615 438 615 436 615 436 616 426 624 382 617 381 617 346 623 327 617 327 654 327 668"/></Shape>
            <String CONTENT="mum, aliud eſt promittere, aliud præſtare promiſſa·" HPOS="327.0" VPOS="610.0" WIDTH="771.0" HEIGHT="67.0"/>
          </TextLine>
          <TextLine ID="line_12" TAGREFS="LT8" BASELINE="327 703 1098 697" HPOS="326.0" VPOS="660.0" WIDTH="772.0" HEIGHT="67.0">
            <Shape><Polygon POINTS="327 703 329 727 348 715 360 720 361 720 362 720 388 715 402 726 403 726 404 726 405 727 436 727 436 726 438 726 439 726 458 714 550 715 581 725 582 725 583 725 630 722 631 722 632 722 645 714 681 723 682 723 683 723 684 723 712 712 741 712 771 723 772 723 773 723 840 711 872 721 873 721 874 721 876 721 877 721 892 711 909 711 918 718 919 718 920 718 921 718 922 718 938 713 951 722 952 722 953 722 954 722 1074 721 1075 721 1098 709 1098 697 1096 668 1025 668 1014 661 1013 661 1012 661 1011 661 961 668 928 660 927 660 872 660 871 660 870 660 869 660 858 669 827 669 778 661 777 661 776 661 759 668 684 662 683 662 682 662 681 662 674 669 649 669 622 662 621 662 620 662 619 662 618 662 608 670 559 663 558 663 557 663 556 663 543 671 497 667 496 667 387 673 371 666 370 666 369 666 326 671 327 703"/></Shape>
            <String CONTENT="Iudæis &amp; Gentibus ſunt promißiones factæ, ut in Geᛘ" HPOS="326.0" VPOS="660.0" WIDTH="772.0" HEIGHT="67.0"/>
          </TextLine>
          <TextLine ID="line_13" TAGREFS="LT8" BASELINE="324 756 648 750 1100 750" HPOS="323.0" VPOS="712.0" WIDTH="777.0" HEIGHT="63.0">
            <Shape><Polygon POINTS="324 756 325 772 344 765 355 775 356 775 357 775 358 775 359 775 371 770 384 774 385 774 386 774 387 774 421 764 442 775 443 775 444 775 499 774 501 774 526 763 549 774 550 774 551 774 552 774 580 762 655 762 678 769 679 769 680 769 681 769 703 762 749 773 751 773 867 772 868 772 869 772 884 761 982 766 983 766 1022 760 1057 771 1058 771 1059 771 1060 771 1085 762 1099 764 1100 750 1097 712 1080 719 964 715 963 715 962 715 961 715 955 720 947 713 946 713 945 713 920 713 919 713 918 713 904 720 855 713 854 713 823 720 802 713 801 713 800 713 799 713 798 713 785 721 747 716 746 716 723 721 690 714 689 714 688 714 672 722 639 722 624 715 623 715 622 715 621 715 591 722 508 715 507 715 506 715 505 715 495 722 452 716 451 716 402 723 393 716 392 716 391 716 359 716 358 716 323 723 324 756"/></Shape>
            <String CONTENT="neſi, In ſemine tuo benedicentur omnes Gentes· At" HPOS="323.0" VPOS="712.0" WIDTH="777.0" HEIGHT="63.0"/>
          </TextLine>
          <TextLine ID="line_14" TAGREFS="LT8" BASELINE="320 806 1096 798" HPOS="319.0" VPOS="760.0" WIDTH="777.0" HEIGHT="63.0">
            <Shape><Polygon POINTS="320 806 320 814 418 823 419 823 420 823 441 814 453 820 454 820 455 820 456 820 457 820 466 814 581 813 649 821 650 821 693 820 694 820 695 820 707 812 806 818 807 818 808 818 809 818 818 811 853 811 889 818 890 818 891 818 912 810 962 810 984 817 985 817 986 817 1022 811 1039 817 1040 817 1041 817 1096 807 1096 798 1093 769 1027 760 1026 760 1025 760 1004 769 951 761 950 761 901 770 878 763 877 763 876 763 874 763 858 771 768 766 767 766 766 766 765 766 757 773 703 773 649 763 648 763 616 770 598 764 597 764 596 764 570 770 470 765 469 765 467 765 453 773 429 765 428 765 427 765 426 765 393 774 364 766 363 766 362 766 319 775 320 806"/></Shape>
            <String CONTENT="Iudæi, habebant id obſignatũ &amp; munitum literis Sa¬" HPOS="319.0" VPOS="760.0" WIDTH="777.0" HEIGHT="63.0" WC="0.9887200032963472"/>
          </TextLine>
          <TextLine ID="line_15" TAGREFS="LT8" BASELINE="318 856 1095 849" HPOS="317.0" VPOS="813.0" WIDTH="778.0" HEIGHT="61.0">
            <Shape><Polygon POINTS="318 856 318 867 354 872 355 872 356 872 366 867 392 874 393 874 394 874 395 874 412 868 426 874 427 874 428 874 429 874 455 866 490 871 491 871 547 866 559 871 560 871 561 871 563 871 579 865 587 872 588 872 589 872 590 873 612 873 612 872 613 872 629 866 655 871 657 871 658 871 683 865 709 871 710 871 711 871 712 871 732 863 758 870 759 870 760 871 805 871 805 870 806 870 807 870 816 862 835 870 836 870 837 870 877 861 970 861 983 868 984 868 985 868 986 868 1009 860 1023 868 1024 868 1025 868 1093 862 1095 849 1091 813 1053 821 938 821 903 814 902 814 901 814 868 823 783 815 782 815 780 815 779 815 766 823 748 816 747 816 746 816 745 816 744 816 733 824 679 816 678 816 632 825 610 825 601 817 600 817 599 817 546 817 545 817 544 817 543 817 530 826 476 820 475 820 440 826 411 820 410 820 409 820 408 820 396 828 317 828 318 856"/></Shape>
            <String CONTENT="cris· Gentes uero ignorabant ad ſe pertinere promiſᛘ" HPOS="317.0" VPOS="813.0" WIDTH="778.0" HEIGHT="61.0"/>
          </TextLine>
          <TextLine ID="line_16" TAGREFS="LT8" BASELINE="319 908 1098 899" HPOS="318.0" VPOS="861.0" WIDTH="780.0" HEIGHT="63.0">
            <Shape><Polygon POINTS="319 908 319 924 354 919 389 923 390 923 391 923 405 916 418 922 419 922 420 922 421 922 436 917 478 922 479 922 480 922 481 922 491 915 519 920 520 920 666 913 697 913 705 919 706 919 707 919 708 919 709 919 732 913 746 919 747 919 748 919 827 918 828 918 851 912 880 917 881 917 915 911 955 916 956 916 1098 914 1098 899 1095 861 1005 870 975 862 974 862 973 862 972 862 971 862 957 871 908 865 907 865 905 865 904 865 895 873 847 873 826 865 825 865 824 865 778 873 746 873 737 866 736 866 735 866 734 866 733 866 708 872 686 868 685 868 684 868 683 868 676 874 578 867 577 867 576 867 552 876 502 872 501 872 499 872 487 878 402 878 384 872 383 872 318 871 319 908"/></Shape>
            <String CONTENT="ſiones, cum non haberent ſacras literas in teſtimoniũ" HPOS="318.0" VPOS="861.0" WIDTH="780.0" HEIGHT="63.0" WC="0.9951388869020674"/>
          </TextLine>
          <TextLine ID="line_17" TAGREFS="LT8" BASELINE="319 957 640 951 1093 949" HPOS="318.0" VPOS="909.0" WIDTH="775.0" HEIGHT="64.0">
            <Shape><Polygon POINTS="319 957 319 965 335 972 336 972 425 973 426 973 427 973 441 967 498 972 499 972 540 963 632 967 633 967 682 962 698 970 699 970 700 971 753 971 753 970 754 970 772 963 811 968 813 968 814 968 838 960 895 968 896 968 897 968 917 959 968 964 970 964 971 964 972 964 978 958 1013 967 1014 968 1066 968 1066 967 1067 967 1093 956 1093 949 1090 919 1054 919 1035 909 1034 909 1033 909 1032 909 1001 919 977 909 976 909 975 909 974 909 951 916 889 911 888 911 887 911 886 911 876 919 851 911 850 911 801 911 800 911 799 911 763 921 747 914 746 914 699 914 698 914 697 914 683 920 671 912 670 912 669 912 645 912 644 912 643 912 613 919 583 913 582 913 581 913 580 913 567 923 485 919 484 919 483 919 482 919 475 925 429 925 417 916 416 916 415 916 414 916 318 926 319 957"/></Shape>
            <String CONTENT="ut Iudæi, quemadmodũ uidemus in Moſe· Sicut pro¬" HPOS="318.0" VPOS="909.0" WIDTH="775.0" HEIGHT="64.0"/>
          </TextLine>
          <TextLine ID="line_18" TAGREFS="LT8" BASELINE="317 1007 1093 1000" HPOS="316.0" VPOS="964.0" WIDTH="777.0" HEIGHT="53.0">
            <Shape><Polygon POINTS="317 1007 317 1017 1093 1010 1093 1000 1089 964 1072 970 958 966 957 966 900 971 886 966 885 966 884 966 883 966 861 973 787 973 760 965 759 965 758 965 757 965 742 972 729 966 728 966 727 966 662 973 602 965 601 965 600 965 582 974 556 965 555 965 554 965 497 966 496 966 495 966 485 972 429 966 428 966 427 966 426 966 411 976 334 967 333 967 332 967 316 973 317 1007"/></Shape>
            <String CONTENT="mitto duobus fratribus centum aureos nummos, uniᛘ" HPOS="316.0" VPOS="964.0" WIDTH="777.0" HEIGHT="53.0"/>
          </TextLine>
          <TextLine ID="line_19" TAGREFS="LT8" BASELINE="320 1056 1093 1050" HPOS="319.0" VPOS="1010.0" WIDTH="774.0" HEIGHT="62.0">
            <Shape><Polygon POINTS="320 1056 322 1071 327 1067 353 1072 354 1072 355 1072 370 1065 382 1072 383 1072 384 1072 385 1072 419 1067 447 1072 448 1072 449 1072 474 1064 528 1071 529 1071 530 1071 545 1064 566 1068 567 1068 568 1068 578 1063 607 1070 608 1070 609 1070 610 1070 631 1062 711 1062 738 1062 753 1069 754 1069 755 1069 813 1063 822 1069 823 1069 824 1069 825 1069 826 1069 827 1069 837 1063 856 1068 857 1068 858 1068 859 1068 860 1068 870 1061 955 1068 956 1068 957 1068 973 1060 1071 1067 1072 1067 1073 1067 1093 1060 1093 1050 1089 1011 1059 1019 1027 1019 1008 1010 1007 1010 1006 1010 1005 1010 963 1020 926 1011 925 1011 924 1011 923 1011 907 1020 893 1011 892 1011 891 1011 841 1011 840 1011 839 1011 810 1021 758 1017 757 1017 704 1022 578 1013 577 1013 576 1013 575 1013 563 1023 553 1018 552 1018 551 1018 463 1023 450 1014 449 1014 448 1014 447 1014 337 1015 336 1015 335 1015 319 1024 320 1056"/></Shape>
            <String CONTENT="do literas meas in teſtimonium promißionis, alter ueᛘ" HPOS="319.0" VPOS="1010.0" WIDTH="774.0" HEIGHT="62.0"/>
          </TextLine>
          <TextLine ID="line_20" TAGREFS="LT8" BASELINE="317 1105 1097 1100" HPOS="316.0" VPOS="1059.0" WIDTH="781.0" HEIGHT="67.0">
            <Shape><Polygon POINTS="317 1105 317 1123 352 1117 372 1126 373 1126 374 1126 376 1126 405 1116 451 1126 452 1126 453 1126 473 1115 516 1122 517 1122 518 1122 533 1115 545 1125 546 1125 547 1125 548 1126 598 1126 598 1125 599 1125 638 1114 663 1124 664 1124 665 1124 713 1122 714 1122 715 1122 727 1114 768 1123 769 1123 770 1123 771 1123 786 1113 856 1113 872 1123 873 1123 874 1123 876 1124 918 1124 918 1123 919 1123 941 1112 961 1112 973 1122 974 1122 975 1122 976 1123 1017 1123 1017 1122 1018 1122 1019 1122 1028 1114 1097 1110 1097 1100 1095 1072 1043 1072 1026 1059 1025 1059 1024 1059 992 1059 991 1059 990 1059 989 1059 977 1068 970 1063 968 1063 967 1063 966 1063 965 1063 938 1072 848 1072 814 1063 813 1063 811 1063 810 1063 793 1072 787 1068 786 1068 785 1068 784 1068 756 1074 665 1074 624 1062 623 1062 473 1062 472 1062 413 1066 412 1066 411 1066 397 1075 371 1069 370 1069 369 1069 368 1069 367 1069 360 1075 333 1071 332 1071 331 1071 316 1076 317 1105"/></Shape>
            <String CONTENT="ro promißionem factam ignorat· Tempore deſignato" HPOS="316.0" VPOS="1059.0" WIDTH="781.0" HEIGHT="67.0"/>
          </TextLine>
          <TextLine ID="line_21" TAGREFS="LT8" BASELINE="319 1156 1098 1150" HPOS="318.0" VPOS="1112.0" WIDTH="780.0" HEIGHT="61.0">
            <Shape><Polygon POINTS="319 1156 319 1173 361 1165 419 1173 420 1173 421 1173 448 1165 505 1172 506 1172 507 1172 508 1172 518 1165 561 1164 611 1172 612 1172 613 1172 632 1163 700 1163 708 1168 709 1168 710 1168 711 1168 740 1163 783 1171 784 1171 828 1164 855 1170 856 1170 857 1170 908 1169 909 1169 926 1161 983 1161 1007 1169 1008 1169 1009 1169 1097 1163 1098 1150 1097 1120 1066 1112 1065 1112 1064 1112 1009 1119 998 1112 997 1112 996 1112 957 1112 956 1112 955 1112 939 1122 888 1122 861 1113 860 1113 859 1113 803 1120 735 1114 734 1114 733 1114 714 1123 657 1123 641 1114 640 1114 639 1114 638 1114 622 1122 503 1118 502 1118 472 1124 431 1116 430 1116 429 1116 411 1124 391 1116 390 1116 389 1116 318 1116 319 1156"/></Shape>
            <String CONTENT="do illi ſuam partem, do &amp; alteri qui ignorabat pro¬" HPOS="318.0" VPOS="1112.0" WIDTH="780.0" HEIGHT="61.0" WC="0.9929964881317288"/>
          </TextLine>
          <TextLine ID="line_22" TAGREFS="LT8" BASELINE="318 1208 667 1202 1097 1202" HPOS="318.0" VPOS="1163.0" WIDTH="779.0" HEIGHT="59.0">
            <Shape><Polygon POINTS="318 1216 423 1222 424 1222 425 1222 426 1222 435 1215 445 1222 446 1222 447 1222 448 1222 449 1222 464 1214 495 1220 496 1220 497 1220 520 1214 549 1220 550 1220 551 1220 552 1220 558 1213 635 1213 705 1220 706 1221 743 1221 743 1220 744 1220 745 1220 757 1212 793 1219 794 1219 827 1212 846 1219 847 1219 848 1219 873 1213 1096 1213 1097 1202 1095 1172 1060 1173 1024 1165 1023 1165 1022 1165 1021 1165 1007 1174 975 1169 974 1169 973 1169 960 1174 924 1165 923 1165 922 1165 793 1175 758 1163 757 1163 756 1163 696 1164 695 1164 677 1171 660 1164 659 1164 658 1164 584 1165 583 1165 550 1177 507 1171 506 1171 425 1178 387 1166 386 1166 385 1166 353 1168 352 1168 351 1168 337 1178 318 1173 318 1208 318 1216"/></Shape>
            <String CONTENT="mniſſum, nonne is melius habuit, cui dederam meas" HPOS="318.0" VPOS="1163.0" WIDTH="779.0" HEIGHT="59.0" WC="0.9939999069486346"/>
          </TextLine>
          <TextLine ID="line_23" TAGREFS="LT8" BASELINE="319 1259 1096 1251" HPOS="318.0" VPOS="1208.0" WIDTH="778.0" HEIGHT="67.0">
            <Shape><Polygon POINTS="319 1259 319 1267 390 1274 391 1274 392 1274 393 1274 401 1267 425 1267 434 1273 435 1273 436 1273 438 1273 439 1273 458 1268 484 1275 485 1275 486 1275 526 1266 542 1273 543 1273 544 1273 545 1273 564 1266 602 1266 613 1272 614 1272 615 1272 616 1272 739 1264 761 1274 762 1274 763 1275 801 1275 801 1274 802 1274 803 1274 817 1263 838 1272 839 1272 897 1273 898 1273 899 1273 900 1273 914 1262 941 1272 942 1272 943 1272 944 1272 970 1265 979 1272 980 1272 981 1272 982 1272 1034 1271 1035 1271 1036 1271 1042 1265 1058 1271 1059 1271 1060 1271 1096 1268 1096 1251 1091 1208 1051 1222 1020 1222 1010 1213 1009 1213 1008 1213 1007 1213 1006 1213 988 1222 935 1214 934 1214 903 1222 889 1210 888 1210 887 1210 853 1210 852 1210 851 1210 833 1218 824 1210 823 1210 822 1210 821 1210 820 1210 819 1210 805 1222 798 1218 797 1218 796 1218 795 1218 794 1218 783 1225 734 1225 696 1212 695 1212 694 1212 693 1212 692 1212 673 1226 648 1226 639 1219 638 1219 637 1219 636 1219 635 1219 611 1225 595 1213 594 1213 592 1213 514 1213 513 1213 470 1214 413 1229 371 1229 344 1215 342 1215 341 1215 340 1215 318 1225 319 1259"/></Shape>
            <String CONTENT="literas in teſtimonium, altero, quem fugiebat promiſᛘ" HPOS="318.0" VPOS="1208.0" WIDTH="778.0" HEIGHT="67.0"/>
          </TextLine>
          <TextLine ID="line_24" TAGREFS="LT8" BASELINE="321 1309 1096 1300" HPOS="320.0" VPOS="1261.0" WIDTH="776.0" HEIGHT="66.0">
            <Shape><Polygon POINTS="321 1309 321 1327 369 1319 394 1325 395 1325 396 1325 397 1325 424 1317 463 1325 464 1325 508 1316 565 1316 579 1323 580 1323 581 1323 582 1323 603 1315 740 1322 741 1322 742 1322 773 1312 821 1321 822 1321 907 1312 925 1319 926 1319 927 1319 928 1319 929 1319 939 1312 984 1317 985 1317 1032 1309 1056 1318 1057 1318 1058 1318 1096 1311 1096 1300 1093 1271 1069 1271 1057 1261 1056 1261 1055 1261 1054 1261 1053 1261 1023 1270 938 1263 936 1263 935 1263 934 1263 920 1272 838 1265 837 1265 836 1265 813 1272 692 1269 691 1269 662 1274 643 1267 642 1267 641 1267 640 1267 613 1275 595 1268 594 1268 592 1268 591 1268 575 1276 548 1267 547 1267 546 1267 486 1277 459 1268 458 1268 407 1268 405 1268 336 1269 335 1269 334 1269 320 1277 321 1309"/></Shape>
            <String CONTENT="ſio? ut maxime tantum acceperit, quantum ille· Se¬" HPOS="320.0" VPOS="1261.0" WIDTH="776.0" HEIGHT="66.0"/>
          </TextLine>
          <TextLine ID="line_25" TAGREFS="LT8" BASELINE="319 1360 650 1354 1099 1352" HPOS="318.0" VPOS="1311.0" WIDTH="781.0" HEIGHT="62.0">
            <Shape><Polygon POINTS="319 1360 319 1370 420 1367 485 1373 486 1373 487 1373 503 1366 530 1373 532 1373 533 1373 643 1364 744 1371 745 1371 746 1371 747 1371 761 1363 778 1370 779 1370 780 1371 814 1371 814 1370 815 1370 816 1370 825 1363 852 1370 853 1370 854 1370 895 1362 939 1367 940 1367 971 1361 996 1367 997 1367 998 1367 1041 1361 1070 1368 1071 1368 1072 1368 1073 1368 1099 1359 1099 1352 1097 1315 1056 1311 1055 1311 984 1322 973 1315 972 1315 971 1315 970 1315 968 1315 967 1315 953 1324 932 1324 918 1312 917 1312 916 1312 880 1312 879 1312 830 1324 800 1314 799 1314 798 1314 797 1314 796 1314 783 1324 754 1319 753 1319 711 1326 689 1326 672 1315 671 1315 670 1315 669 1315 668 1315 645 1323 534 1316 533 1316 532 1316 489 1327 395 1318 394 1318 393 1318 365 1329 318 1329 319 1360"/></Shape>
            <String CONTENT="cundum promißionem hunc præfero, ſecundum rem" HPOS="318.0" VPOS="1311.0" WIDTH="781.0" HEIGHT="62.0" WC="0.9975520465109083"/>
          </TextLine>
          <TextLine ID="line_26" TAGREFS="LT8" BASELINE="321 1412 664 1404 1095 1406" HPOS="320.0" VPOS="1363.0" WIDTH="775.0" HEIGHT="63.0">
            <Shape><Polygon POINTS="321 1412 321 1426 379 1417 403 1425 404 1425 405 1425 530 1416 576 1422 577 1422 619 1416 635 1424 636 1424 637 1424 716 1415 729 1423 730 1423 731 1423 732 1424 766 1424 766 1423 767 1423 785 1415 815 1415 828 1423 829 1423 830 1423 831 1423 921 1414 970 1414 986 1422 987 1422 988 1422 1023 1414 1043 1422 1044 1422 1045 1422 1093 1419 1095 1406 1093 1370 1051 1363 1050 1363 1049 1363 1048 1363 1032 1373 970 1373 921 1363 920 1363 919 1363 878 1374 819 1374 797 1365 796 1365 795 1365 794 1365 774 1374 690 1374 658 1366 657 1366 610 1366 609 1366 608 1366 589 1374 578 1365 577 1365 576 1365 517 1365 516 1365 459 1375 448 1366 447 1366 446 1366 395 1366 394 1366 393 1366 362 1376 320 1376 321 1412"/></Shape>
            <String CONTENT="promiſſam nihil habet prærogatiui præ altero, &amp; fit," HPOS="320.0" VPOS="1363.0" WIDTH="775.0" HEIGHT="63.0" WC="0.9944885545052015"/>
          </TextLine>
          <TextLine ID="line_27" TAGREFS="LT8" BASELINE="321 1459 1099 1455" HPOS="320.0" VPOS="1416.0" WIDTH="779.0" HEIGHT="62.0">
            <Shape><Polygon POINTS="321 1459 321 1469 348 1469 360 1478 361 1478 362 1478 363 1478 364 1478 387 1470 398 1478 399 1478 400 1478 401 1478 402 1478 403 1478 414 1470 419 1475 420 1475 421 1475 422 1475 423 1475 424 1475 431 1469 445 1475 446 1475 447 1475 476 1470 514 1478 515 1478 516 1478 517 1478 517 1477 527 1468 565 1477 566 1478 595 1478 595 1477 596 1477 615 1468 702 1477 703 1477 704 1477 705 1477 716 1467 735 1476 736 1476 737 1476 776 1467 800 1467 813 1476 814 1476 815 1476 816 1477 842 1477 842 1476 843 1476 845 1476 855 1467 886 1467 898 1476 899 1476 900 1476 901 1476 965 1475 966 1475 996 1466 1097 1471 1099 1455 1097 1425 1053 1416 1052 1416 1051 1416 1018 1424 990 1418 989 1418 988 1418 972 1424 907 1419 905 1419 904 1419 903 1419 894 1426 825 1426 791 1416 790 1416 789 1416 788 1416 764 1422 709 1416 708 1416 659 1417 658 1417 657 1417 645 1425 571 1417 570 1417 569 1417 545 1426 485 1427 456 1418 455 1418 454 1418 453 1418 428 1427 383 1419 382 1419 381 1419 380 1419 365 1428 320 1428 321 1459"/></Shape>
            <String CONTENT="ut ſecundus gratißimus ſit, alter ingratus, quia dicit," HPOS="320.0" VPOS="1416.0" WIDTH="779.0" HEIGHT="62.0" WC="0.9766676024957137"/>
          </TextLine>
          <TextLine ID="line_28" TAGREFS="LT8" BASELINE="320 1512 1104 1504" HPOS="319.0" VPOS="1464.0" WIDTH="785.0" HEIGHT="104.0">
            <Shape><Polygon POINTS="320 1512 320 1538 374 1562 376 1562 377 1562 378 1562 394 1555 443 1567 444 1567 445 1568 543 1568 543 1567 610 1563 611 1563 637 1550 659 1559 660 1559 661 1559 662 1559 663 1559 672 1553 681 1560 682 1560 683 1560 684 1560 685 1560 686 1560 700 1550 717 1558 718 1558 720 1558 796 1544 898 1563 899 1563 900 1563 963 1531 1104 1529 1104 1504 1102 1472 1019 1464 1018 1464 1017 1464 990 1474 854 1467 853 1467 806 1474 777 1466 776 1466 775 1466 774 1466 749 1477 711 1477 684 1467 683 1467 682 1467 605 1469 604 1469 575 1478 525 1478 498 1469 497 1469 440 1469 439 1469 438 1469 413 1479 373 1470 372 1470 371 1470 370 1470 359 1479 319 1474 320 1512"/></Shape>
            <String CONTENT="tu promiſiſti, ergo debebas mihe Sic Gentes, nihilta" HPOS="319.0" VPOS="1464.0" WIDTH="785.0" HEIGHT="104.0"/>
          </TextLine>
        </TextBlock>
        <TextBlock HPOS="989" VPOS="1523" WIDTH="114" HEIGHT="56" ID="block_3" TAGREFS="BT17">
          <Shape><Polygon POINTS="1103 1523 1103 1579 989 1579 989 1523"/></Shape>
          <TextLine ID="line_29" TAGREFS="LT8" BASELINE="989 1556 1091 1554" HPOS="989.0" VPOS="1523.0" WIDTH="102.0" HEIGHT="65.0">
            <Shape><Polygon POINTS="1084 1523 1080 1527 1056 1523 1050 1523 1040 1523 1034 1529 1019 1525 1018 1525 1017 1525 996 1529 989 1556 989 1588 1046 1582 1090 1587 1091 1554 1086 1523 1084 1523"/></Shape>
            <String CONTENT="le ſpe" HPOS="989.0" VPOS="1523.0" WIDTH="102.0" HEIGHT="65.0" WC="0.9999255736668905"/>
          </TextLine>
        </TextBlock>
        <TextBlock HPOS="107" VPOS="636" WIDTH="214" HEIGHT="203" ID="block_4" TAGREFS="BT3519">
          <Shape><Polygon POINTS="321 636 321 839 107 839 107 636"/></Shape>
          <TextLine ID="line_30" TAGREFS="LT8" BASELINE="142 681 314 676" HPOS="140.0" VPOS="638.0" WIDTH="174.0" HEIGHT="53.0">
            <Shape><Polygon POINTS="142 681 142 691 313 686 314 676 311 644 277 638 276 638 275 638 274 638 266 645 224 641 223 641 222 641 206 647 160 643 159 643 158 643 140 648 142 681"/></Shape>
            <String CONTENT="Cur Paulus" HPOS="140.0" VPOS="638.0" WIDTH="174.0" HEIGHT="53.0" WC="0.9732283055782318"/>
          </TextLine>
          <TextLine ID="line_31" TAGREFS="LT8" BASELINE="119 731 311 726" HPOS="118.0" VPOS="691.0" WIDTH="193.0" HEIGHT="60.0">
            <Shape><Polygon POINTS="119 731 120 751 143 746 184 749 185 749 186 749 206 741 225 747 226 747 227 747 228 747 229 747 238 739 310 738 311 726 308 697 247 699 235 692 234 692 233 692 232 692 231 692 230 692 224 696 194 691 193 691 118 702 119 731"/></Shape>
            <String CONTENT="præferat Iu¬" HPOS="118.0" VPOS="691.0" WIDTH="193.0" HEIGHT="60.0" WC="0.9931799123684565"/>
          </TextLine>
          <TextLine ID="line_32" TAGREFS="LT8" BASELINE="116 780 310 777" HPOS="115.0" VPOS="741.0" WIDTH="195.0" HEIGHT="52.0">
            <Shape><Polygon POINTS="116 780 116 792 309 793 310 777 308 745 285 741 284 741 283 741 251 749 211 742 210 742 209 742 195 750 152 752 139 744 138 744 137 744 136 744 135 744 115 751 116 780"/></Shape>
            <String CONTENT="dæos Genti¬" HPOS="115.0" VPOS="741.0" WIDTH="195.0" HEIGHT="52.0" WC="0.9970619136636908"/>
          </TextLine>
          <TextLine ID="line_33" TAGREFS="LT8" BASELINE="117 831 192 829" HPOS="115.0" VPOS="793.0" WIDTH="77.0" HEIGHT="60.0">
            <Shape><Polygon POINTS="117 831 117 846 150 853 151 853 192 848 192 829 190 805 146 802 138 794 138 793 137 793 136 793 135 793 134 793 115 801 117 831"/></Shape>
            <String CONTENT="bus·" HPOS="115.0" VPOS="793.0" WIDTH="77.0" HEIGHT="60.0"/>
          </TextLine>
        </TextBlock>
      </PrintSpace>
    </Page>
  </Layout>
</alto>
