1183 1847
427.0 95.0 632.0 63.0 COMMENT· POMER·

379.0 159.0 736.0 56.0 Hac intelligit, ſcortationem, adulteria, ſtupra, qui

338.0 206.0 778.0 60.0 bus in proprium corpus peccatur: iniquitatis uocabuᛘ

338.0 256.0 771.0 70.0 lo, reliqua uitia omnia intelligit, quæ ſunt extra corᛘ

340.0 306.0 450.0 60.0 pus noſtrum ·1· Corinth·12·

530.0 393.0 348.0 64.0 Serua iuſticiæ.

380.0 472.0 729.0 59.0 Eſt Antitheſis-q. d. Nolite iam abuti membris ueᛘ

335.0 520.0 773.0 64.0 ſtris. Nam in hoc eſtis erepti à peccatis, ne poſthac

334.0 571.0 775.0 62.0 uiuatis in eis, membra ueſtra ſeruiant iuſticiæ ad ſanᛘ

335.0 621.0 774.0 68.0 ctificationem ueſtri, quæ indies in uobis creſcit, ut

338.0 673.0 492.0 69.0 de fide Paulus dixit Rom·I·

440.0 740.0 542.0 57.0 Cum enim ſerui eſſetis.

384.0 818.0 720.0 59.0 Hic duplicem habes ſeruitutem & libertatem, boᛘ

334.0 870.0 769.0 59.0 nam alteram, alteram malam. Libertas iuſticiæ, hæc

338.0 918.0 764.0 60.0 peßima eſt, & improprie dicta, Vuen eyner uont

336.0 965.0 769.0 63.0 Gott frey iſt, und des Teufels eygen, neq; medium

335.0 1017.0 773.0 60.0 eſt, aut peccatum, aut iuſticia· Simile eſt hoc Pſal¬

336.0 1063.0 769.0 60.0 mi-87. Factus ſum ſicut homo ſine adiutorio, in¬

332 1108 773 69 ter mortuos liber, id eſt, derelictus, deſtitutus omni

335.0 1161.0 772.0 64.0 auxilio, tametſi interpretes aliò detorſerint· Sic hic

334.0 1211.0 774.0 66.0 Paulus: Liberi eratis iuſtitiæ, id eſt, derelicti à iuſtiᛘ

335.0 1262.0 770.0 65.0 cia, non pertinebatis ad regnũ illius-Sumus hodie

335.0 1310.0 772.0 66.0 multi liberi iuſtieia, id eſt, nolumus habere dominũ

335.0 1363.0 770.0 65.0 tuſticiã, uerum Sathanam, cui miſerrimam ſeruimus

336.0 1413.0 771.0 61.0 feruitutem. Hæc omnia in naturæ noſtræ condemna

334.0 1463.0 771.0 95.0 tionem dicuntur, que nihil alud facere poteſt, quàm

334.0 1517.0 144.0 68.0 peccare·
