1198 1836
408 76 630 58 COMMENT· POMER·

328 149 778 57 ſentis te ſpontaneo, puro, recto, & iuſto corde diᛘ

328 194 776 64 ligere proximum: hæc non prouenit ex Lege, ſed

328 246 776 58 ex Dei Spiritu, qui mouet, & agitat cor tuum, ut beᛘ

327 289 773 67 ne ſentiat de proximo. Hic ſolus facit factores legis,

327 348 766 55 non tantum auditores, quemadmodum Moſes: neq

327 390 766 67 unquam poteſt adimpleri Lex, niſi ille præſto ſit, &

324 440 774 67 omnia in te faciat, & operetur. Quare impoßibile

322 489 778 66 eſt, ut iuſticia Legis & ſpecioſißima hominum ope¬

319 540 779 62 ra, apud Deum ualeant: ideoq hæc iuſticia nulla plaᛘ

325 592 768 65 né eſt, nam non potest fieri. Quomodo enim fieret,

324 639 773 67 cum id in te deſyderetur, per quod fieri debebat: hine

321 690 769 64 Hieremias;1·dixit: Scribam non in ſaxeas tabulas,

324 738 769 66 ſed in corda: huc pertinet Petri dictum, Acto·15·

324 792 774 61 Quod ne nos, ne patres &c. Deus tuſte exigit à

318 839 772 66 nobis hanc iuſticiam, ſed non præſtamus, imò neq

324 890 771 69 poſſumus, niſi ipſe ſuo digito Legem ipſam in corda

321 942 772 63 noſtra ſcribat. Facile itaque obſeruabis, in quo

327 989 766 69 iuſticia Legis & Euangelij confiſtat : hæc tantum

327 1041 762 66 præciptt, & nihil implet: illa uero nihil præcipit,

321 1090 774 69 & tamen omnia implet, quia Chriſtum habet, qui

319 1150 774 60 eſt Legis impletio, quiq́; ſpiritum ſuum donat, per

318 1194 783 65 quem remißionem peccatorum conſequimur : is aniᛘ

318 1242 775 67 mat & hilares nos facit, ad quoduis bonum facien¬

318 1295 777 66 dum, & ſi quid peccatur, facit is ne imputetur pec¬

316 1346 770 63 catum, nam perpetuo luctatur cum Carne & Sang

315 1399 771 65 uine-Sic ita uides Chriſtum quo dicere nobis;

313 1445 776 86 hoc fac, & uues, iuſtus eris: uerum ita dicitur, ut

110 1006 208 58 Legis et Euan

116 1049 202 78 gelij iuſticia·

1009 1502 78 67 non
