1195 1845
399.0 101.0 624.0 65.0 COMMENT· POMER·

451.0 175.0 436.0 56.0 Singulatim autem.

375.0 233.0 724.0 56.0 Id eſt, cum ſimus diuerſa membra unius corporis

328.0 279.0 770.0 61.0 Chriſti, non ſumus noſtra membra, ſed aliorum: ut

328.0 330.0 772.0 55.0 oculus non ſuum eſt membrum, ſed aliorum membroᛘ

327.0 383.0 773.0 55.0 rum, & manus, totius corporis, non ſuum eſt memᛘ

325.0 430.0 777.0 59.0 brum.Ita quo & nos ſeruiamus alijs, non abuta¬

325.0 479.0 770.0 60.0 mur donis, quæ nobis data ſunt in proximi utilitatẽ,

326.0 529.0 772.0 60.0 non ut nobis ea tantum ſumamus, quod tam ſtultũ eſt

328.0 581.0 768.0 57.0 & ridiculum, quàmut ſi manus dicat: manus ſum,

330.0 630.0 766.0 62.0 non propter alia membra, ſed tantum propter me:

330.0 681.0 539.0 62.0 Quæ, dic quæſo, hæc manus fuerit?

410 759 595 59 Sed tamen dona habentes.

355 807 739 65 Scilicet à Deo ·IVXTA GRATIAM DAᛘ

332 858 767 64 TAM NOBIS VARIA. Non à nobis ea habeᛘ

327 913 771 57 mus, quo tollitur & meritũ & ſtudiũ noſtrum, iuxta

328 961 773 65 illud in Corinth. Quid habes quod non accepiſti? Si

326 1013 774 60 reſpexeris ſimpliciter in corpus, nullã inuenies men¬

325 1061 773 61 brorum differentiã, uerũ obſeruatis officijs membroᛘ

324 1111 776 62 rum, differre alia ab alijs uidebis, Epheſ.4. Alios

323 1161 774 63 dedit Apoſtolos, alius docet, alius præeſt Reip·hic

324 1213 771 74 literis intentus eſt &c. Vnum corpus eſt, ſed diuerᛘ

327 1258 153 81 ſa officia.

124.0 948.0 187.0 57.0 Contra meri¬

122.0 996.0 151.0 72.0 unoſtra·

482.0 1327.0 417.0 65.0 Siue prophetiam.

361.0 1386.0 744.0 59.0 Si quis habet uirtutẽ interpretãdi Scriſ aras, is haᛘ

317.0 1429.0 789.0 65.0 beat eam ſecundum fidei menſurã & proportionẽ: id

324.0 1481.0 785.0 71.0 eſt, utatur illa in fide, non arroganter, nõ doceat ea

1027 1546 84 71 quæ
