1191 1857
404 100 635 61 COMMENT· POMER·

336 165 769 65 Chriſti, quia non impoſitæ à Deo·Chriſtus calicem

334 207 766 72 quem bibit, à Deo patre habuit, ideo orauit: Aufer

334 261 772 71 à me calicem, quod Monachi non poſſunt dicere, nã

336 310 769 70 quis eos cogit, ut talia patiantur, eſt eorum poteſta

334 360 770 68 tis ferre, uel nõ ferre. Sicut nec crux fuit quãdo Chri

336 409 769 69 ſtus quadraginta diebus teiunauit, nam erat in ſua

336 458 767 74 poteſtate, ideoq́ nec orauit clamando ad patrem, ſi¬

336 518 204 57 cut in horto.

548 573 327 62 Probationem.

380 634 727 59 Experimentum, ſiquidem in patientia ipſa experiᛘ

335 678 768 59 mur, num credamus Deo: dum adfligimur exercetur

336 731 767 64 patientia, in ea certi reddimur apud nos, quod Deus

334 785 550 61 det uirtutem, ut poßimus perdurare·

609 845 174 61 Spem.

381 900 721 54 Cur ultimo loco hic poſuit ſpem, cum eam antea,

332 942 764 62 cauſſam iſtorum omnium dixerit, quæ uides in textu¬

332 991 769 73 Reſpondeo: Neceſſe eſt ſpem eſſe, quæ fidem conſer

333 1045 773 65 uet, ne tentationes opprimãt· At quod hic dicit, proᛘ

334 1096 769 60 batio ſpem parit, uult Apoſtolus, tentationibus cerᛘ

333 1147 773 61 tiorem & fortiorem eam fieri, id autem quiſ apud

333 1196 775 64 ſe experitur, qui ſemel atq iterum uicit in arena ad

333 1246 774 63 uerſarium, is maiore eſt animo & conſtantiore, ad

334 1297 774 61 plura pericula·Sic pius animus aliquoties tentatus et

333 1344 774 71 adflictus, perdurat in aduerſis, ne Chriſtum ſuum

334 1398 469 76 amittat, qui eius unica eſt ſpes¬

126 987 186 83 Crux fidei roᛘ

130 1052 82 53 bur·

570 1461 268 77 Porro ſpes.
