1190 1854
408 94 603 67 COMMENT· ROMER·

327 164 786 56 Euangelium, aut Dei gratiam, & intelligere libertaᛘ

327 209 786 63 tem Chriſtianam? Non igitur hic, & ſimiles loci, de

327 260 779 58 abrogatione Ceremonialis legis tantũ intelliguntur,

328 312 784 59 uerum de untuerſa lege, qua ſublata eſt quoque ma¬

327 360 786 59 ceries, tota mandatorum lex, Chirographum, quod

338 404 768 68 erat cõtra nos, ſublatũ, Ephe·2·Col·2· Hæc pro

328 463 5 61 ſecto de morali lege decẽ Præceptorũ dicta ſunt, per

329 513 781 61 quæ præcepta, mea conſcientia, uacua gloria Dei, ob

328 561 782 62 ligatur, damnatur, quod ſciam & iam agnoſcam me

329 611 782 64 non dilexiſſe, ne poſſe diligere Deum & proximũ

329 663 778 61 ex corde: ubiuero agnouero Chriſtum mihi datum,

329 713 781 62 qui pro me legi ſatisfecit, aboletur tota lex, & qui

330 765 778 60 fueram ſeruus & captiuus legis, ſpiritum filiorum,

330 814 774 64 qui eſt libertatis, conſequor. Ita libertate illa legis,

330 866 778 59 Primo remißionem omnis peccati obtinemus, quo

330 917 778 61 quis non uidet, omne ius legis abrogari? nam nihil

329 968 782 56 amplius in nobis illa inuenit quod condemnet· Quid

331 1015 776 63 plura requiris? nihil hic reliquum quod debeas legi,

332 1068 780 59 ſoluta ſunt omnia per remißionem. Secundo, dona¬

333 1115 781 64 tur nobis Spiritus ſanctus, per quem libere facimus

332 1168 782 59 quidquid exigit lex, non tamen lege cogente, & id

333 1216 780 63 quod facimus bonum eſt, quia ſine lege facimus, ſpiᛘ

334 1268 782 57 ritu intus nos ad id trahente· Si tamen quid contrariũ

338 1319 779 61 facere nos contigerit, dolemus eodem ſpiritu, & nõ

335 1369 784 58 imputabitur, quia in remißionem peccatorum conſtiᛘ

335 1421 781 58 tuti ſumus. Hoc igitur eſt uere facere legem, non tyᛘ

333 1470 782 84 rannide compulſos, ſed ſpiritus mra ſuauitate & fa¬

115 403 195 75 Lex quatenus

121 476 162 65 abrogata·

979 1527 119 68 cilitate
