1184 1842
129 78 634 63 IN EPIST· AD ROM·

174.0 147.0 405.0 66.0 Inſitus fuiſti illis.

106.0 212.0 734.0 57.0 Id eſt, in ludæorum arborem bonam, uos Gentes

64.0 257.0 339.0 66.0 eſtis inſitæ per fidem.

126.0 316.0 717.0 70.0 Et cõſors radicis & pinguedinis

109.0 381.0 737.0 59.0 Eam gratiam eſtis quo conſecutæ, quæ ludæis

61.0 425.0 790.0 67.0 data & miſſa erat. Oleaſter nullam habet pinguetudiᛘ

62.0 477.0 783.0 70.0 nem, uel ſuccum bonum ad ferendos fructus ſuaues,

127.0 552.0 656.0 68.0 Ne glorieris aduerſus ramos.

112.0 614.0 731.0 57.0 Id eſt, ideo cũ non ſitis naturales rami oleæ, neᛘ

66.0 659.0 776.0 66.0 gloriemini aduerſus Iudæos, qui iã ſunt rami defracti.

128.0 717.0 710.0 69.0 Quod ſi gloriaris, non tu radi¬

65.0 784.0 279.0 66.0 cem portas.

794 121 40 2 132

119.0 842.0 718.0 57.0 Stultißime feceritis ò Gentes, ſi gloriemini aduerᛘ

66.0 887.0 772.0 61.0 ſus Iudæos: radix eſt Iudæorum, non Gentiũ : radix,

66.0 937.0 771.0 63.0 id eſt, patres fidei uos portant, innitimini enim promijᛘ

67.0 987.0 775.0 64.0 ſionibus ipſis factis. Vos non portatis radicem, id eſt

66.0 1038.0 775.0 64.0 non eſt profecta ſalus ex Gentibus, neq; illis datæ ſunt

68.0 1088.0 754.0 65.0 promißiones, quare nolite ſuperbire in Iudæos·

68.0 1138.0 770.0 61.0 DICES IGITVR DEFRACTI SVNT

118.0 1186.0 490.0 64.0 RAMI· Id eſt, abiecti Iudæi.

850.0 850.0 209.0 62.0 Non glorie¬

850.0 905.0 204.0 70.0 mur aduerſus

848.0 957.0 130.0 61.0 Iudæos·

212.0 1252.0 403.0 61.0 Vt ego inſererer.

114.0 1309.0 727.0 56.0 Id eſt, nos Gentes reciperemur in gratiam· Recte,

71.0 1356.0 770.0 65.0 inquit Paulus. Sed uidete quæſo, cur abiecti ſint Iudæi,

75.0 1408.0 763.0 60.0 & terreamnini: idem uobis euenire poteſt quod illis,

70.0 1458.0 764.0 86.0 iam uos in eam arborem per fidem estis iſerte.

700 1524 25 51 4
