1204 1855
379 83 648 62 COMMENT· POMER·

375 147 726 64 Non ſtatim uindicauit, quia erat nos olim purga¬

326 200 770 66 turus ſanguine Chriſti · Inuitauit nos ad reſipiſcen¬

326 253 385 61 tiam Cap·2. Sed quare?

476 315 431 68 Ad oſtendendam:

371 378 723 64 Id eſt, ut palàm faceret mundo ſuam iuſticiam·

323 431 770 63 Hic iterum poſſet oggãnire caro, Ergo peccabimus?

324 481 773 63 fed habet ſuam ſolutionem ſupra, quorum damnatio

323 532 775 61 tuſta eſt: non ſolum autem tolerauit Deus, ſed remi¬

332 579 767 67 ſit quo, ut palam fieret, quod ex ſola eius miſericor

332 632 770 61 dia ſaluemur, quæ, inquam, iam per Euangeliũ præᛘ

332 683 764 65 dicatum, oſtenſa eſt, & olim deſcriptain Hiere·31·

322 736 780 55 Peccatorum eorum amplius non recordabor· Hæc

321 782 780 62 iuſticia non ſolum à lege & Prophetis habet teſtimo¬

324 834 774 60 nium, uerum & à cordibus noſtris, in quibus Spiritus

322 883 630 67 Dei illud teſtatur, etiam nolentibus nobis·

117 578 195 61 Miſericordia

115 631 197 58 reuelatur per

118 683 194 64 Euangelium·

550 947 291 74 In præſenti.

348 1007 696 67 Scilicet, tempore gratiæ & reuelati Euangelij.

514 1072 390 79 Vt ipſeſit iuſtus.

371 1139 728 64 Eſt enim ipſe fons iuſticiæ uere, imò ipſißima iu¬

325 1191 777 66 ſticia, ipſe ſolus iuſtus erat, cum omnes eſſemus damᛘ

325 1243 774 63 nati·Quare intellige, ut ſit iuſtus, id eſt, declaretur

325 1288 774 74 eſſe iuſtus, ſecundum illud, Vt iuſtificeris, id eſt,

325 1341 424 67 iuſtus declareris hominibus·

510 1394 374 70 Iuſtificans eum.

372 1452 726 82 Ex hoc ſiquidem fonte omnes haurimus iuſticiam,

1004 1519 97 56 iuxta
